1818 3131
238 199 350 241 1216

237 306 334 345 visio,
346 306 509 343 glossema
519 313 591 335 esse
602 303 815 336 crediderim.
830 303 936 335 Clark.

239 355 296 387 lta
322 356 388 392 agit
404 354 573 392 Clarkius;
599 354 694 395 quasi
719 354 861 385 Elareris
881 355 936 385 hic

236 406 301 437 loci
330 404 493 443 Scaligeri
525 403 616 435 foret
650 404 833 434 inventum.
891 404 938 435 At

240 466 320 486 vero
351 454 438 485 Edd.
474 455 559 485 Ven.
598 455 676 486 Ber.
710 455 809 486 vase.
846 454 938 493 Aldi,

238 505 308 536 Str.
322 504 436 544 Stepli.
451 504 582 544 Gryph.
596 510 631 535 et
645 505 793 535 l’lantini
811 505 936 544 itajam

240 553 482 585 exhibuerunt:
507 554 607 584 immo
623 554 831 594 Mss.Cujac.
847 554 937 585 Aud.

239 606 353 637 oxon.
368 605 455 636 Scal.
480 611 516 635 et
536 605 630 636 Leid.
648 615 698 645 pr.
718 606 803 635 lianc
821 604 939 635 contir-

239 660 333 685 mant
349 655 546 686 lectionem:
576 655 727 696 quamvis
743 646 865 693 fa'tear,
881 655 939 684 mi-

238 703 272 734 hi
299 704 522 735 verosimilius
549 705 667 744 videri,
692 715 764 735 esse
782 714 800 734 e
817 705 940 735 Glossa

240 759 376 786 natum:
411 759 590 796 utrumque
626 756 850 790 admitterem,
877 754 940 784 nisi

232 805 304 845 jam
322 806 534 846 praecederet
549 806 762 845 ejusflumiuis
779 806 939 845 etflumen

241 856 369 886 Elaver.
428 856 615 896 Saepissime
647 860 682 886 et
708 854 778 886 fere
807 864 940 895 semper

240 906 327 936 solet
357 910 475 935 auctor
509 905 633 935 nomini
664 905 790 936 addere
808 906 939 946 flumen.

240 955 322 985 Fors
335 953 437 985 fuerit
460 955 468 971 ‘
483 955 635 986 omnibus
649 956 846 996 interruptis
862 965 941 996 pon-

239 1005 340 1044 tibus,
356 1005 398 1036 ab
416 1006 524 1036 altera
551 1006 624 1045 ejus
641 1004 786 1036 fluminis
809 1012 907 1047 parte
921 1006 940 1037 :'

242 1056 294 1085 vel
317 1055 326 1071 ‘
341 1065 372 1086 o.
390 1055 450 1086 int.
467 1053 613 1086 fluminis
641 1056 814 1096 pontibus,
834 1056 876 1086 ab
898 1056 942 1087 al-

239 1109 315 1136 tera
325 1106 395 1146 ejus
407 1116 438 1145 p.
450 1108 468 1137 ;’
485 1106 539 1137 cui
553 1106 608 1136 alii
621 1106 864 1146 adscripserint
879 1116 940 1148 pro

239 1155 522 1196 Glossafluminis,
543 1156 599 1186 alii
619 1157 771 1187 Elui-eris.

283 1216 398 1238 xxxv.
418 1211 432 1238 l
463 1208 598 1248 Uterque
618 1209 739 1248 utrique
761 1214 837 1239 essct
854 1219 940 1239 erer-

239 1257 318 1288 citus
333 1258 364 1288 in
379 1259 554 1298 conspeetu]
573 1259 653 1290 Mss.
667 1260 800 1299 plurimi
816 1263 941 1299 uterque

239 1307 393 1348 utrimque
419 1309 546 1347 exisset,
578 1312 641 1340 ἃς.
688 1308 755 1339 Sed
783 1318 864 1339 vera
889 1314 941 1339 est

240 1358 378 1398 vulgata
393 1359 508 1389 lectio.
553 1359 663 1390 Quam
677 1363 712 1389 et
728 1359 868 1389 Graecus
892 1369 941 1389 se-

241 1412 338 1438 cutus
367 1412 431 1446 est,
455 1407 606 1444 ἆλλὴλοις
628 1410 812 1447 καταφανῶν
835 1407 942 1439 ὄντων.

243 1458 351 1487 Clark.
376 1457 445 1489 Pro
469 1458 607 1498 vulgata
632 1463 724 1489 stant
747 1459 822 1499 Cuj.
847 1459 943 1490 Leid.

244 1517 295 1548 pr.
313 1508 401 1539 Scal.
419 1508 531 1540 Oxou.
555 1513 591 1540 et
608 1509 694 1540 And.
713 1510 844 1550 Reliqui
867 1519 943 1539 cum

243 1557 329 1588 Edd.
358 1558 473 1598 primis
496 1559 651 1599 utrimque
675 1559 798 1590 exisset.
843 1558 942 1590 Unde

242 1608 401 1648 conjicio,
427 1608 506 1638 olim
523 1607 626 1640 fuisse
645 1619 664 1639 a
681 1610 814 1640 Caesare
841 1610 944 1650 scrip-

243 1663 315 1689 tum
330 1659 452 1698 utrique
464 1659 653 1699 extitissent,
671 1660 692 1690 i.
709 1670 740 1691 e.
758 1660 870 1691 subito
887 1661 943 1692 ad-

243 1708 448 1748 paruissent.
494 1708 595 1741 Quod
619 1709 759 1740 verbum
776 1710 836 1741 liae
854 1710 886 1740 iu
909 1720 943 1742 re

244 1757 405 1789 adhibere
421 1759 533 1790 solent
550 1764 716 1792 auctores.
753 1761 841 1791 Vide
858 1761 890 1793 J.
908 1762 943 1792 F.

244 1809 396 1840 Gronov.
425 1809 467 1840 ad
498 1809 628 1840 Livium
644 1819 728 1841 xxv.
757 1814 809 1842 21.
843 1812 851 1827 ‘
878 1811 944 1844 Qui

243 1860 339 1899 signo
356 1859 436 1890 dato
453 1859 548 1889 simul
567 1870 683 1890 omues
708 1861 844 1891 latebris
861 1861 946 1891 exis-

243 1913 358 1940 terent
369 1908 388 1946 ;'
423 1914 457 1939 et
476 1909 590 1939 Burm-
616 1909 657 1940 ad
685 1909 786 1941 Ovid.
806 1912 946 1942 Metam.

244 1969 285 1992 11.
301 1963 375 1991 264.
400 1960 497 1991 Adde
509 1966 626 1992 notata
639 1962 680 1991 ad
696 1963 738 1992 Β.
752 1962 857 1993 Afric.
876 1965 945 1994 c.7.

245 2011 254 2028 ‘
271 2012 395 2042 Latent
412 2012 499 2041 inter
516 2013 696 2049 convalles,
710 2018 744 2043 et
762 2013 872 2043 subito
889 2023 946 2044 ex-

244 2060 397 2092 sistunt?
433 2060 488 2091 ubi
513 2062 594 2092 Mss.
624 2063 775 2093 nonnulli
798 2067 833 2094 et
858 2064 944 2094 Edd.

244 2112 341 2142 Voss.
364 2111 466 2142 etiam
494 2115 617 2142 escunt.
665 2112 759 2143 Infra
782 2124 811 2144 c.
835 2117 887 2144 51.
913 2114 944 2144 in

246 2162 338 2192 Msto
356 2161 450 2192 Leid.
475 2162 483 2178 ‘
498 2163 663 2202 Legiones
682 2162 811 2193 infestis
827 2169 945 2194 contra

244 2212 374 2243 hostem
391 2212 491 2250 signis
508 2211 719 2243 mutor-unt?
743 2213 783 2243 B.
798 2212 872 2243 Civ.
888 2222 944 2245 1¹1.

246 2265 318 2294 105.
356 2262 364 2278 ‘
385 2263 502 2293 l'alma
526 2263 656 2300 integra
686 2273 726 2293 ex
751 2264 944 2304 pavimento

245 2313 416 2344 exstitisse
433 2313 698 2345 ostendebatur!

287 2367 307 2395 2
333 2365 452 2394 Castris
479 2368 580 2395 castro
607 2365 748 2405 poneret]
803 2366 945 2396 Rei-tius

245 2414 382 2446 videtur
397 2415 481 2452 fore,
498 2416 523 2445 si
543 2417 724 2446 scribamus
741 2426 815 2446 cum
833 2417 945 2456 Lipsio

244 2464 418 2504 obponeret.
462 2465 550 2495 Vide
575 2465 616 2496 ad
643 2467 684 2496 B.
713 2465 812 2497 Alex.
838 2477 867 2496 e.
894 2470 944 2497 10.

246 2514 309 2545 nisi
325 2515 429 2545 mavis
445 2519 634 2545 castrorum.-
658 2516 745 2555 quod
772 2523 863 2547 certe
889 2527 945 2547 ex-

246 2568 316 2595 stat
331 2564 363 2595 in
381 2564 468 2595 Edd.
490 2566 583 2596 Rom.
599 2566 679 2597 Yen.
700 2567 839 2598 Mediol.
859 2568 945 2599 aliis-

247 2624 324 2655 que.
369 2614 435 2645 Sed
454 2621 619 2654 praeterea
636 2617 725 2646 uliud
745 2618 824 2657 quid
848 2619 943 2649 latet.

246 2666 336 2696 Nam
353 2665 386 2695 in
405 2666 498 2696 Leid.
517 2676 568 2705 pr.
591 2672 640 2697 est
663 2670 819 2705 ponerent.
871 2669 944 2699 Non

245 2716 345 2754 male,
359 2715 428 2746 sive
444 2716 534 2755 legas
551 2720 673 2756 uterque
688 2718 808 2757 utrique
825 2719 947 2748 extitis-

244 2768 325 2805 sent,
355 2765 424 2797 sive
452 2765 522 2797 illic
551 2766 699 2798 retineas
727 2767 945 2808 singularem.

701 208 843 240 No'rAE
875 209 1136 241 vAmoRUM
1170 210 1220 240 IN

990 305 1066 337 Hac
1083 307 1170 337 enim
1187 305 1315 337 numeri
1332 305 1519 338 mutatione
1535 306 1616 338 nihil
1630 311 1684 340 est

987 355 1208 397 frequentius
1253 357 1339 388 Vide
1357 362 1481 398 praeter
1497 357 1563 387 alia
1578 356 1620 387 ad
1633 365 1684 388 lv.

989 408 1020 437 2.
1042 406 1176 437 ‘Gallia
1199 406 1389 438 delectatur
1412 412 1447 438 et
1471 408 1612 448 inpenso
1629 417 1686 448 pa·

990 461 1066 487 rant
1094 456 1226 496 pretim*
1287 457 1393 488 Immo
1423 457 1455 487 in
1491 458 1598 497 Bong.
1630 466 1683 498 pr.

989 507 1173 545 Vossianis',
1206 508 1326 539 Petav.
1355 508 1522 545 Egninnd.
1553 507 1684 538 Lovan.

992 556 1086 586 Carr.
1106 556 1225 586 urant.
1249 562 1284 587 et
1307 557 1453 598 quinque
1478 556 1564 593 aliis,
1582 562 1686 598 atque

991 604 1076 635 Edd.
1091 605 1206 644 primis
1221 606 1398 636 exhibetur
1410 606 1571 646 ponebant.
1595 607 1685 637 Vere

991 665 1008 685 c
1024 656 1193 686 sententia
1217 656 1328 694 Bruti,
1353 657 1379 686 si
1409 658 1506 687 tollas
1528 667 1583 697 que
1607 662 1686 698 post

980 705 1069 742 sere:
1094 715 1169 746 qliae
1195 705 1361 745 particula
1388 705 1483 736 abest
1510 715 1644 746 quoque
1667 715 1686 736 a

992 755 1116 786 Lovan.
1133 760 1167 786 et
1181 755 1311 786 Brantii
1326 755 1429 786 Cod.:
1449 764 1509 795 pro
1526 764 1564 786 ea
1576 755 1608 786 iu
1625 755 1688 786 Ed.

991 806 1078 836 Veii.
1093 810 1143 836 est
1165 815 1314 846 per-mque.
1360 805 1486 835 Verum
1511 804 1688 845 sequentia

993 859 1062 886 tum
1079 866 1145 887 non
1161 855 1392 893 coliaercbunt,
1414 854 1478 884 nisi
1494 859 1570 894 post
1582 855 1689 885 trudu-

991 910 1094 938 cerent
1123 916 1229 948 ponas
1258 906 1378 936 τελεΐυν
1408 904 1536 944 στίγμα.
1581 904 1686 946 Atqui

993 963 1026 988 et
1048 957 1109 987 lioc
1126 967 1190 987 non
1207 966 1341 987 necesse
1357 960 1442 987 erat.
1490 956 1593 991 Quum
1608 955 1690 987 exti-

992 1008 1078 1038 tisset
1094 1010 1122 1038 et
1138 1005 1287 1047 ponebant
1303 1005 1380 1038 ferri
1399 1010 1513 1046 potest
1530 1015 1589 1046 per
1606 1005 1690 1036 vari·

994 1058 1140 1089 ationem
1158 1057 1272 1095 Modi;
1297 1058 1338 1088 de
1366 1067 1433 1098 qua
1458 1056 1512 1097 egi
1530 1056 1602 1097 Jam
1629 1065 1689 1087 sae-

995 1109 1081 1149 pius.
1118 1108 1204 1139 Vide
1221 1108 1263 1139 ad
1281 1117 1314 1138 v.
1332 1117 1356 1139 1.
1375 1107 1524 1147 ‘legatos
1539 1105 1692 1146 mittunt,

994 1159 1050 1199 qui
1090 1158 1248 1197 doceant,
1276 1160 1340 1190 ἃς.
1376 1166 1515 1198 seseque
1553 1157 1690 1188 demon-

994 1208 1125 1239 strant)
1168 1207 1215 1239 At
1236 1215 1346 1239 tamen
1363 1207 1515 1237 omnibus
1533 1206 1596 1238 rite
1613 1216 1690 1247 per-

995 1259 1106 1299 pensis
1123 1268 1183 1290 nec
1205 1261 1349 1299 ponerent
1372 1268 1435 1289 nec
1454 1257 1617 1297 ponebant,
1635 1266 1689 1287 ve-

995 1319 1064 1340 ram
1091 1319 1164 1340 esse
1192 1310 1373 1340 lectionem
1405 1314 1496 1349 puto.
1541 1307 1606 1338 Sed
1635 1308 1689 1338 vel

991 1363 1129 1400 poneret,
1153 1359 1243 1400 quod
1259 1359 1385 1389 idcirco
1401 1359 1538 1394 retinui,
1564 1358 1617 1388 vel
1635 1367 1694 1398 po·

995 1410 1062 1441 tius
1077 1409 1219 1449 ponebat,
1247 1409 1335 1450 quod
1366 1409 1495 1439 diserte
1522 1412 1637 1440 exstat
1657 1408 1692 1439 in

995 1460 1057 1491 Ed.
1077 1460 1225 1490 Veneta:
1251 1469 1324 1490 nam
1348 1460 1518 1491 coliaerere
1540 1459 1612 1490 haec
1636 1458 1693 1490 de-

994 1512 1076 1542 bent
1092 1521 1167 1541 cum
1190 1510 1461 1551 praecedentibus
1486 1513 1522 1540 et
1548 1509 1591 1540 ad
1607 1509 1690 1540 Ver-

995 1562 1238 1602 cingetorigem
1269 1560 1401 1600 referri,
1440 1560 1496 1601 qui
1526 1559 1693 1600 disposuit

995 1613 1239 1652 exploratores,
1262 1611 1350 1641 unde
1369 1611 1455 1642 beue
1479 1611 1554 1651 ejus
1570 1619 1691 1642 nomen

995 1662 1091 1694 addit
1118 1663 1382 1702 Metaphrastes.

995 1714 1104 1745 locum
1122 1715 1235 1754 legere
1252 1714 1383 1744 malim:
1407 1713 1416 1729 ‘
1430 1713 1545 1753 coepit.
1578 1713 1693 1745 Quum

996 1769 1139 1805 uterque
1157 1765 1290 1805 utrique
1316 1764 1508 1795 extitissent
1524 1762 1694 1794 exercitus

996 1814 1027 1844 in
1045 1820 1242 1855 conspectu,
1260 1814 1399 1855 fereque
1423 1824 1442 1844 e
1460 1813 1596 1853 regione
1621 1822 1693 1844 cas·

996 1869 1124 1894 trorum
1140 1861 1693 1903 ca<tra;1‹›11ol›;1t;’&c.Videtur

995 1919 1115 1945 auctor
1133 1924 1194 1954 per
1210 1914 1338 1944 numeri
1357 1913 1511 1953 modique
1533 1911 1692 1943 variatio-

995 1974 1071 1995 nem
1089 1963 1279 2003 significare
1297 1964 1442 1993 voluisse
1456 1962 1496 1993 ad
1507 1962 1692 2003 Vercinge-

998 2014 1136 2053 torigem
1149 2024 1182 2043 se
1201 2014 1382 2053 respicere,
1401 2013 1497 2053 cnjus
1510 2022 1631 2043 nomen
1645 2017 1695 2043 te-

995 2075 1086 2095 mere
1102 2065 1276 2095 intextum
1290 2064 1418 2103 recepit
1430 2062 1627 2094 Beroaldus.
1649 2063 1692 2094 U-

995 2118 1102 2155 terque
1114 2115 1233 2154 plurali
1246 2114 1428 2154 jungi‚tii·o
1446 2114 1554 2145 nullus
1570 2113 1692 2145 nescit.

1038 2169 1056 2195 5
1083 2166 1172 2199 Quod
1189 2164 1324 2201 nonfere
1340 2168 1411 2195 ante
1423 2168 1601 2196 autumnum
1618 2165 1694 2195 Ela-

995 2225 1048 2245 ver
1063 2216 1138 2245 tado
1155 2214 1285 2245 transiri
1298 2214 1408 2254 soleat]
1445 2214 1575 2246 AEstate
1589 2214 1693 2255 igitur

995 2265 1104 2304 major
1121 2269 1193 2295 erat
1210 2265 1346 2302 Elaver,
1363 2265 1452 2305 quod
1470 2275 1534 2296 non
1559 2264 1692 2295 aliunde

996 2314 1136 2353 sactum,
1171 2324 1269 2355 quam
1301 2325 1342 2345 ex
1371 2315 1514 2353 nivibus,
1546 2325 1621 2356 qnae
1651 2323 1693 2344 eo

995 2366 1072 2396 anni
1091 2370 1244 2405 tempore
1261 2365 1292 2395 in
1311 2365 1477 2395 montibus
1504 2363 1692 2406 liquefiunt,

996 2426 1035 2446 ac
1063 2416 1139 2446 dein
1169 2415 1200 2445 in
1225 2413 1360 2445 flumina
1384 2414 1590 2445 deferuntur.
1633 2413 1691 2444 Sic

996 2472 1112 2496 noster
1137 2465 1224 2496 infra
1249 2475 1279 2495 c.
1307 2469 1358 2495 55.
1385 2469 1496 2495 narrat
1519 2462 1689 2503 ‘Ligerim

996 2527 1037 2547 ex
1056 2516 1190 2547 nivibus
1208 2516 1368 2554 crevisse,
1393 2519 1427 2545 ut
1455 2514 1587 2544 omuino
1605 2512 1690 2543 vado

997 2567 1133 2598 transiri
1162 2575 1228 2596 non
1256 2575 1349 2605 posse
1377 2562 1551 2594 videatur!
1595 2562 1693 2593 Simi-

997 2618 1062 2648 lem
1089 2616 1132 2647 ob
1162 2625 1292 2645 cansam
1326 2613 1505 2644 Rhodanus
1537 2617 1571 2643 et
1599 2613 1692 2644 lacus

997 2667 1188 2697 Lemannus
1214 2670 1335 2695 aestate
1360 2673 1492 2704 semper
1515 2667 1695 2703 augentur,

996 2722 1032 2748 ut
1060 2714 1254 2746 observavit
1285 2713 1385 2745 Joan.
1415 2713 1567 2745 Clericus
1590 2713 1693 2751 Phys.

997 2776 1038 2798 11.
1068 2769 1100 2798 7.
1130 2768 1181 2797 31.
1218 2765 1330 2797 Ducis.
1392 2765 1471 2796 Nou
1500 2763 1696 2806 spernenda

1428 1662 1482 1692 Ita
1505 1670 1584 1701 ergo
1605 1661 1692 1692 hunc
1739 1680 1742 1681 ν
