1883 3121
237 210 350 253 1388

236 316 370 347 mnium
385 315 494 356 oculis]
525 314 624 354 Legit
642 315 718 346 Pet.
736 313 937 346 Ciacconius

236 372 354 398 contra
371 366 481 397 omnia
504 365 713 405 exemplaria
735 368 768 395 at
783 366 848 396 luce
863 366 938 396 mab

235 419 301 447 tum
312 426 368 456 per
383 425 415 446 se
428 416 575 455 pudorem
590 415 728 446 omnium
742 417 854 456 oculos,
871 426 937 446 non

235 466 324 496 mala
355 464 502 505 quidem,
529 464 588 495 sed
620 465 710 496 haud
749 466 939 496 necessaria

236 517 448 558 conjectura.
494 517 640 548 Pudoris
667 517 754 548 enim
782 518 878 548 sedes
904 517 938 547 in

237 567 342 598 oculis
368 567 536 599 interdum
565 568 771 606 collocatur3
795 573 832 599 ut
848 569 938 609 apud

234 617 445 658 Euripidem,
471 617 565 650 Αἰδὼς
587 619 620 649 ἐν
634 617 819 658 ὀφθαλμοῖσι
834 619 938 658 γίγνε-

232 679 295 708 ται,
323 667 442 701 τέκνον.
503 669 792 702 Quemadmodum
824 674 938 700 autem

233 719 292 749 lux
317 719 495 759 pudorem,
512 720 559 751 ita
586 720 736 752 tenebra>
765 719 939 761 impuden-

235 769 318 804 tiam
335 769 495 804 dicuntur
511 770 646 803 afferre.
707 771 834 803 Noster
847 770 886 800 B.
901 770 939 801 C.

234 831 274 854 11.
304 825 357 854 31.
381 821 611 862 ‘Hujusmodi
640 830 692 852 res
721 823 779 850 aut
809 818 939 859 pudore

233 877 293 904 aut
321 876 413 902 metu
443 871 675 908 continentur,
699 869 820 910 quibus
837 867 938 899 rebus

233 933 301 954 nox
329 921 474 952 maxime
506 921 701 952 adversaria
727 919 800 951 est.'
847 918 939 950 Hinc

235 977 288 1004 est
312 971 402 1013 quod
427 971 567 1002 tenebras
594 971 783 1011 impudentes
809 969 941 1000 vocarit

233 1021 400 1054 Minutius
427 1021 522 1052 Felix
552 1021 584 1051 in
603 1020 685 1051 Oct.
702 1030 738 1061 p.
755 1023 806 1050 29.
829 1019 940 1051 Daris.

235 1073 358 1103 Exstat
373 1071 464 1112 apud
478 1070 650 1102 Stobaeum
666 1071 772 1101 Serm.
783 1072 835 1101 31.
860 1069 941 1109 Sap-

234 1123 301 1163 pho
328 1121 419 1163 apud
450 1121 672 1153 Aristotelem
695 1120 840 1151 Rhetor.
868 1128 892 1149 1.
909 1122 939 1150 9.

235 1176 289 1205 23.
331 1172 425 1203 Αἰδὼς
454 1172 507 1203 κέν
537 1182 573 1202 σε
602 1171 656 1201 οὐκ
688 1169 774 1209 εἶχεν
805 1169 939 1207 ὄμματα.

233 1223 331 1255 Idem
348 1232 388 1254 11.
404 1225 436 1253 8.
452 1225 505 1253 23.
537 1221 573 1251 Ἣ
589 1220 747 1260 παροιμία,
763 1219 800 1250 τὸ
817 1220 849 1250 ἐν
863 1220 939 1258 Ὀφ-

233 1274 361 1311 θαλμοῖς
385 1271 460 1303 εἶναι
486 1271 576 1302 αι’δῶῑ
603 1271 680 1302 hinc
709 1271 834 1309 ὄμματα
863 1269 944 1300 αι’δοΐ

233 1322 447 1361 κεκοσμημένα
468 1326 634 1353 memorat
663 1320 867 1360 Xenophon,
892 1320 940 1349 ’A-

232 1385 326 1411 πομν.
351 1382 389 1403 11.
407 1375 435 1403 l.
453 1375 506 1403 22.
540 1371 712 1411 Theognis
728 1381 760 1401 v.
776 1373 828 1402 85.
852 1368 942 1400 Οΐσιν

234 1423 285 1454 ἐπὶ
299 1423 431 1464 ’γλώσσῃ
456 1434 491 1452 τε
514 1421 564 1452 καὶ
587 1420 794 1460 ὀφθαλμοῖσιν
817 1419 941 1451 ἔπεστιν

236 1473 342 1505 Αἰδώς.
388 1473 424 1504 Si
460 1473 558 1513 plura
596 1472 657 1512 vis,
683 1471 807 1503 adisis
835 1471 940 1512 Apol-

232 1525 361 1556 lonium
376 1523 545 1554 Rhodium
562 1531 617 1553 111.
631 1525 682 1553 93.
700 1525 793 1553 1067.
818 1523 940 1563 Longi-

233 1584 313 1605 num
329 1573 397 1613 περὶ
414 1572 516 1612 ὕψους,
539 1573 556 1613 §
580 1576 613 1603 4.
638 1577 672 1603 et
690 1571 893 1604 Athenaeum
916 1574 938 1604 l.

234 1633 315 1656 xm.
333 1634 365 1665 p.
379 1627 453 1656 564.
478 1624 518 1654 B.
535 1624 646 1654 Daris.
663 1633 734 1654 cur.
754 1633 823 1654 sec.

281 1676 321 1704 14
345 1674 460 1714 Aliquo
475 1672 674 1712 detrimento]
721 1673 798 1704 Non
816 1677 899 1715 puto
922 1684 941 1704 a

232 1723 377 1755 librariis
405 1723 593 1764 profectam
631 1733 705 1755 csse
734 1733 854 1756 vocem
883 1724 940 1755 ali-

233 1778 363 1815 quanto,
388 1785 488 1816 quam
505 1774 616 1805 inveni
635 1775 667 1805 in
688 1774 781 1806 Leid.
798 1784 848 1815 pr.
867 1775 940 1807 Cae-

233 1825 318 1855 saris
342 1824 447 1865 ipsius
466 1824 612 1854 videtur.
657 1824 745 1854 Vide
768 1823 883 1856 Wasse
906 1825 938 1855 111

236 1875 314 1906 Ind.
332 1875 469 1906 Sallust.
486 1875 657 1914 Aliquanto
674 1877 808 1914 tempore
823 1875 937 1905 Front.

232 1934 288 1957 111.
314 1928 346 1955 6.
371 1927 404 1956 4.
442 1925 634 1964 Aliquantus
659 1933 799 1954 numerus
823 1923 938 1955 Hirtio

233 1975 277 2005 B.
296 1973 403 2005 Afric.
421 1984 449 2005 c.
466 1977 519 2005 ⁶21.
534 1974 590 2004 uhi
610 1974 686 2005 vide
704 1979 828 2005 tamen.
874 1975 938 2006 Ce-

232 2029 343 2056 terum
361 2034 425 2057 nou
449 2025 534 2056 male
551 2025 622 2055 Cel.
637 2025 669 2056 J.
691 2025 725 2055 F.
743 2025 937 2056 Gronovius

233 2075 369 2118 reponit
393 2085 510 2106 summo
536 2074 675 2105 exercitu
689 2075 771 2105 salvo
789 2075 830 2105 ad
849 2075 938 2106 Livi·

233 2126 351 2166 11111,ῃί
368 2124 479 2156 fallor.
525 2125 654 2156 Verum
682 2135 757 2156 cum
788 2125 871 2156 Mss.
889 2134 939 2155 re-

233 2177 368 2210 tineant
385 2176 571 2215 vulgatum,
595 2175 640 2205 nil
666 2179 795 2206 temere
813 2175 937 2206 mutari

233 2227 347 2257 velim.
407 2225 535 2257 Summa
563 2225 728 2263 exercitus,
759 2229 796 2255 ut
820 2234 939 2256 summa

232 2277 324 2317 reip„
350 2286 462 2315 rerum,
485 2277 537 2314 syc.
561 2275 628 2306 dici
657 2283 755 2316 posse
782 2275 935 2306 videtur:

233 2327 325 2369 quod
351 2337 449 2368 aequo
476 2326 658 2357 adhibetur
678 2335 717 2356 ac
744 2336 862 2356 summa
877 2336 939 2356 res-

231 2380 317 2421 publ.
330 2380 377 2410 sic
389 2389 507 2410 summa
523 2378 592 2408 belli
606 2382 642 2407 ct
653 2387 803 2408 swnmum
816 2377 937 2409 bellum.

232 2429 320 2460 Vide
337 2430 441 2459 etiam
471 2428 513 2458 ad
541 2438 570 2458 c.
587 2430 641 2458 21.
689 2427 794 2457 Immo
818 2429 938 2459 eodem

233 2479 346 2518 modo,
362 2480 410 2509 uti
428 2479 492 2516 hic,
520 2479 560 2508 B.
576 2478 619 2508 G.
640 2487 689 2507 v1.
708 2480 759 2508 34.
784 2479 793 2493 ‘
809 2479 885 2509 Non
905 2478 937 2508 in

234 2539 365 2562 summa
393 2529 565 2560 exercitus
598 2527 752 2560 tuenda:'
789 2529 939 2559 ‘summa

235 2579 401 2612 victori-‹e’
420 2588 459 2610 u.
477 2581 528 2610 82.

278 2635 317 2663 15
344 2631 424 2662 Hoec
451 2630 527 2661 vicit
554 2631 587 2660 in
613 2630 741 2660 com-ilio
771 2631 939 2672 sententia]

238 2684 363 2714 Lovan.
380 2682 488 2713 vincit.
514 2681 650 2712 Can-ar.
668 2681 771 2711 habet
788 2682 853 2711 luec
871 2683 939 2712 evi-

236 2735 285 2765 cit
312 2734 345 2765 in
372 2733 511 2764 consilio
539 2732 703 2763 sententia.
759 2733 849 2773 Lege
875 2734 940 2764 hoec

233 2784 364 2817 evincit
375 2784 410 2816 in
426 2783 566 2816 consilio
580 2783 745 2824 sententia,
759 2788 796 2814 ut
811 2784 938 2824 optime

699 220 840 250 NOTAE
876 219 1138 251 VARIORUM
1170 220 1221 251 IN

991 315 1132 347 Norvic.
1149 319 1185 346 et
1200 314 1318 346 Ursini
1335 314 1465 346 Codex.
1490 313 1604 347 Daris.
1619 323 1690 349 cur.

989 376 1056 398 sec.
1105 367 1212 398 Evicit
1235 366 1335 397 etiam
1351 365 1441 397 Scal.
1458 369 1493 396 et
1509 365 1606 397 Leid.
1623 375 1692 398 see.

989 417 1104 448 erincit
1133 417 1226 449 Leid.
1253 426 1304 456 pr.
1336 420 1371 447 et
1398 416 1499 448 Voss.
1556 417 1692 449 Consilio

991 468 1074 499 Mss.
1111 478 1226 499 omnes
1257 473 1293 500 et
1330 468 1417 500 Edd.
1450 469 1548 499 vett.
1605 467 1691 500 Quae

989 518 1105 560 itaque
1119 519 1262 559 reposui.
1299 519 1451 550 Ecincere
1466 519 1603 558 elegans
1619 526 1693 549 ver·

991 569 1069 600 bum
1094 574 1129 601 et
1154 568 1288 608 efficax,
1313 574 1348 600 et
1375 579 1395 600 a
1421 569 1532 610 poetis
1559 567 1694 599 adama·

991 625 1079 657 tum3
1104 619 1162 650 sed
1191 624 1227 650 et
1249 619 1291 649 ab
1307 619 1389 651 aliis.
1434 619 1522 649 Vide
1537 623 1633 649 notas
1650 617 1691 648 ad

991 669 1091 701 Ovid.
1114 669 1208 700 Fast.
1237 678 1293 700 111.
1319 672 1394 701 681.
1418 671 1426 687 ‘
1443 670 1564 700 Evicta
1587 669 1694 709 preci-

991 719 1078 750 bus!
1123 718 1246 750 Horat.
1271 719 1423 749 ‘evincit
1446 719 1553 750 ratio!
1591 719 1693 750 Adde

992 773 1027 799 et
1058 769 1100 799 ad
1131 769 1293 809 I’ropert.
1319 776 1370 800 iv.
1397 771 1428 799 7.
1450 770 1479 799 2.
1510 773 1546 800 et
1572 768 1694 808 smpius

991 819 1084 851 alibi.

1036 877 1163 900 vam.
1177 871 1194 899 3
1213 869 1356 909 Namque
1369 868 1496 907 itinera,
1511 867 1592 908 quoe]
1609 867 1695 900 Mss.

992 920 1119 951 Eliens.
1149 923 1184 950 et
1210 920 1306 950 Voss.
1330 919 1440 950 ‘Nam
1469 928 1544 960 quae
1570 918 1695 950 itinera

992 969 1059 1008 ad‚'
1093 972 1158 1000 &c.
1215 969 1316 1002 Quod
1347 968 1448 1000 idem.
1487 969 1594 1000 Clark.
1637 968 1694 1000 Sic

993 1020 1094 1051 etiam
1111 1020 1195 1052 Cod.
1212 1020 1372 1051 Ciaccon.
1396 1023 1432 1050 et
1457 1028 1499 1050 ex
1524 1019 1607 1050 meis
1628 1018 1696 1050 Pe·

992 1075 1059 1103 tav.
1073 1070 1199 1111 Scalig.
1219 1070 1312 1102 Leid.
1330 1080 1380 1111 pr.
1399 1074 1434 1101 et
1450 1069 1537 1101 Edd.
1554 1070 1695 1101 vascos.

993 1122 1059 1152 Str.
1091 1121 1253 1161 Stephani
1284 1125 1319 1150 et
1347 1119 1411 1150 Ed.
1441 1119 1574 1159 Gryph.
1602 1122 1694 1159 post.

992 1171 1103 1212 quue
1120 1171 1257 1210 vulgato
1286 1178 1351 1199 non
1375 1169 1457 1199 1111111
1482 1173 1534 1200 est
1560 1169 1694 1209 elegan-

992 1219 1070 1251 tius.
1115 1220 1229 1252 Quare
1246 1217 1395 1259 reposui,
1410 1227 1439 1248 c.
1456 1221 1508 1249 77.
1533 1220 1542 1235 ‘
1555 1219 1621 1252 Qui
1635 1218 1695 1250 1111-

991 1270 1169 1308 lites‚’&c.

1034 1324 1051 1350 5
1088 1320 1154 1360 Ipsi
1189 1323 1277 1350 erant
1314 1319 1566 1350 transcendenda.»
1602 1319 1696 1349 calles

990 1369 1137 1400 maa-imoe
1162 1380 1198 1400 ac
1210 1369 1413 1411 difficillimae:
1429 1368 1521 1408 saxa]
1536 1368 1592 1399 Ita
1607 1367 1695 1398 Edd.

991 1429 1105 1451 omnes
1130 1423 1165 1450 et
1181 1420 1340 1451 meliores
1364 1427 1466 1449 manu
1486 1417 1618 1449 exarati
1635 1417 1697 1448 Co-

991 1471 1096 1503 dices.
1143 1472 1375 1502 Nihilominus
1399 1470 1431 1501 in
1449 1468 1597 1502 Dorvill.
1614 1467 1697 1499 scri-

992 1521 1093 1552 bitur.
1140 1521 1212 1561 111511
1238 1525 1326 1552 erant
1348 1519 1587 1552 transcendenda
1604 1518 1698 1548 ealles

991 1572 1129 1603 maxima
1157 1574 1187 1602 et
1212 1571 1395 1613 difficillima
1417 1570 1571 1608 s‹1.ra,23·c.
1618 1567 1694 1599 Nec

991 1622 1120 1653 abeunt
1156 1622 1254 1653 Leid.
1292 1632 1358 1653 sec.
1390 1622 1518 1652 Lovan.
1554 1619 1626 1650 Pal.
1660 1621 1697 1649 et

990 1674 1099 1714 Bong.
1137 1673 1201 1704 nisi
1232 1673 1322 1714 quod
1354 1673 1388 1703 111
1422 1671 1518 1703 Leid.
1550 1678 1617 1701 sec.
1650 1668 1695 1699 sit

990 1724 1068 1755 valle
1092 1734 1108 1756 e
1122 1724 1275 1755 maxima.-
1299 1724 1332 1754 in
1354 1723 1478 1755 ceteris
1495 1721 1595 1762 vallis,
1610 1725 1645 1752 et
1662 1720 1694 1751 in

991 1775 1118 1807 Lovan.
1131 1779 1221 1807 erunt
1233 1784 1300 1807 non
1312 1773 1520 1816 compareat,
1531 1777 1566 1805 et
1579 1773 1696 1812 etiam,

991 1826 1018 1856 si
1047 1826 1220 1867 excerptis
1237 1826 1320 1857 meis
1337 1825 1422 1856 fides
1447 1825 1504 1862 sit,
1533 1833 1595 1864 pro
1618 1831 1698 1854 saxa

991 1876 1036 1905 sit
1052 1877 1127 1906 loca.
1177 1876 1217 1905 Iu
1232 1875 1392 1915 singulari
1408 1876 1502 1905 valles
1518 1881 1697 1904 occurrere

992 1925 1134 1958 vidimus
1150 1926 1190 1957 ad
1210 1935 1274 1959 vu.
1288 1928 1340 1957 47.
1357 1925 1416 1956 sed
1433 1925 1486 1956 hic
1500 1925 1611 1955 locum
1628 1931 1695 1953 non

989 1976 1116 2008 habere
1133 1976 1288 2007 arbitror.
1336 1976 1402 2006 Per
1420 1975 1521 2005 valles
1548 1972 1697 2014 difficilli-

989 2034 1056 2056 mas
1065 2025 1256 2066 intelligere
1269 2025 1380 2065 potuit
1391 2025 1507 2055 Caesar
1518 2023 1696 2061 altissimas,

990 2081 1029 2108 ut
1053 2077 1102 2107 ait
1129 2077 1168 2107 B.
1191 2077 1262 2107 Civ.
1288 2085 1328 2106 11.
1347 2079 1377 2106 1.
1406 2085 1465 2106 seu
1494 2073 1692 2115 profundas.

990 2126 1039 2158 At
1054 2127 1132 2157 hinc
1148 2126 1253 2167 quaeri
1282 2130 1410 2166 potest,
1435 2125 1516 2165 quid
1542 2124 1586 2154 sit
1609 2127 1695 2154 tran-

989 2177 1129 2207 scendere
1144 2177 1248 2215 valles,
1272 2175 1360 2216 quod
1378 2175 1518 2205 verbum
1539 2172 1694 2205 adhiberi

989 2226 1075 2258 solet
1097 2226 1130 2256 in
1154 2225 1353 2266 superandis
1370 2224 1553 2262 montibus,
1581 2222 1696 2264 muris,

988 2277 1143 2316 navibus,
1172 2281 1207 2307 et
1233 2276 1310 2306 hinc
1339 2275 1494 2307 omnibus
1518 2273 1620 2305 rebus
1642 2282 1695 2304 ar-

989 2326 1075 2357 duis.
1126 2326 1228 2357 Valles
1245 2331 1279 2357 ct
1299 2327 1391 2357 colles
1415 2326 1448 2356 in
1476 2325 1558 2356 Mss.
1584 2324 1693 2355 solent

989 2376 1164 2408 confundi.
1190 2377 1319 2407 Ultima
1334 2386 1399 2407 vox
1414 2376 1442 2407 si
1458 2376 1511 2406 hic
1528 2377 1694 2411 exstaret,

989 2428 1070 2459 nihil
1107 2427 1320 2459 difficultatis
1358 2430 1564 2467 superesset.
1625 2423 1691 2454 Sed

989 2490 1078 2512 nunc
1094 2479 1274 2521 legendum
1292 2479 1400 2519 potius
1417 2476 1520 2508 alicui
1536 2475 1692 2505 videatur

988 2533 1048 2573 ipsi
1064 2535 1150 2562 erant
1169 2531 1409 2562 transcendenda
1431 2529 1509 2559 valle
1525 2538 1540 2558 e
1555 2527 1692 2558 mcm'ma

988 2583 1171 2624 difficillima
1197 2583 1278 2612 loca.-
1312 2581 1345 2611 id
1374 2583 1439 2618 est,
1466 2582 1544 2618 post
1569 2578 1692 2607 vallem

989 2634 1182 2671 maximam,
1210 2640 1305 2672 quam
1332 2640 1360 2660 v.
1379 2639 1422 2659 m.
1448 2636 1605 2669 passuum
1622 2627 1694 2657 lon-

989 2693 1065 2723 gam
1082 2681 1301 2722 excipiebant
1324 2680 1399 2711 loca
1414 2688 1535 2720 aspera
1551 2682 1587 2708 et
1603 2685 1694 2707 mon-

990 2739 1100 2772 tuosa,
1126 2737 1164 2763 ut
1192 2731 1239 2762 ait
1267 2734 1389 2761 auctor
1419 2739 1448 2760 c.
1485 2731 1536 2759 66.
1575 2729 1692 2757 contra

989 2794 1019 2816 c.
1034 2787 1088 2815 70.
1105 2784 1114 2801 ‘
1129 2792 1171 2814 ex
1188 2781 1316 2822 magnis
1334 2780 1470 2822 rupibus
1487 2783 1606 2810 nactus
1622 2776 1692 2821 pla-
