1818 3131
298 203 393 234 mu.
426 203 477 233 11.
511 202 616 232 cm».
646 192 715 232 21.
749 202 811 232 nu
844 203 1000 233 nunno
1031 205 1260 234 cubico.

56 295 158 337 spatii
175 295 252 335 fuit,
270 300 318 336 ut,
331 306 371 328 nc
388 296 496 327 dicam
512 299 684 327 consueta:
702 306 752 326 so—

56 346 249 377 lemnitates
280 345 472 386 proeliorum
500 345 752 384 omitterentur,

57 396 115 427 sed
143 396 195 426 vix
213 396 326 436 galeas
353 394 513 425 induendi
537 394 678 425 licentia
701 405 754 425 su-

57 445 233 486 poi-esset?
255 444 386 476 Vossius.
425 444 617 475 lnam-endas
633 445 756 484 legitur

58 495 91 526 111
109 495 229 526 Petav.
246 494 408 534 Bongars.
431 494 552 534 primo,
569 504 638 526 sec.
672 496 756 526 Vos-

59 547 153 578 siano
178 545 298 586 primo,
315 542 473 575 Leidensi
502 544 622 585 primo,
650 545 757 576 Lova-

57 595 178 635 niensi,
193 594 358 634 Egmond.
370 594 466 625 Voss.
484 604 553 626 sec.
571 598 607 625 et
619 594 704 635 aliis,
718 604 757 625 ac

58 645 150 676 Edit.
161 644 274 675 Plani.
291 651 311 674 a
324 643 438 684 Lipsio
453 649 652 684 procurata:
668 644 757 685 quod

59 699 188 726 temere
213 703 279 725 nou
309 693 533 734 spernendum
563 703 660 725 reor:
693 703 758 725 non

60 749 173 776 tamen
204 752 243 774 eo
268 752 378 783 sensu,
404 752 470 784 quo
502 743 644 775 Ursinus
673 744 760 775 citat

59 805 89 827 c.
106 798 158 826 33.
181 795 190 811 ‘
204 795 323 834 scutis,
345 804 420 836 quae
451 794 596 835 pellibus
620 796 760 826 induxe-

61 848 167 878 rant:'
190 846 231 877 de
245 854 286 877 ea
308 844 451 886 signific.
469 845 546 878 vide
569 846 612 877 ad
629 847 758 878 Lucan.

59 905 113 928 xv.
131 899 206 928 132.
238 896 357 928 Heius.
384 895 428 926 ad
458 895 560 928 Ovid.
584 896 670 929 Met.
695 906 761 929 xn.

59 951 135 979 408.
175 946 270 979 Infra
293 948 335 978 B.
359 947 431 980 Civ.
455 956 494 979 11.
527 951 578 979 10.
607 952 642 979 et
669 948 761 981 alibi.

62 997 212 1029 Inducere
232 997 340 1036 galeas
357 997 446 1029 idem
459 1002 593 1029 notaret
608 998 698 1039 quod
714 998 763 1029 in-

63 1047 179 1089 duere,
193 1047 299 1088 capiti
315 1047 491 1079 innectere
506 1053 564 1079 :ut
577 1048 667 1089 apud
681 1049 764 1079 alios

62 1097 203 1128 inducere
212 1098 339 1129 calceos.
383 1098 528 1129 Consule
536 1107 589 1129 me
601 1099 633 1129 in
649 1097 765 1129 Anim-

64 1147 140 1178 adv.
168 1147 267 1178 Misc.
294 1156 330 1178 v·
351 1150 384 1178 2.
414 1147 457 1178 ad
486 1147 623 1188 Apulei.
645 1149 730 1180 Met.
743 1149 765 1181 1.

65 1205 129 1228 vn.
148 1207 182 1238 p.
199 1199 272 1228 137.
308 1197 409 1228 Ovid.
425 1195 503 1229 Art.
524 1197 600 1229 Am.
626 1207 667 1229 11.
690 1201 764 1230 495.

64 1248 74 1264 ‘
90 1247 194 1279 sacris
210 1247 349 1279 inducta
372 1247 502 1288 capillis
515 1248 643 1279 Laurus
659 1253 733 1279 erat
744 1247 764 1279 :'

66 1298 155 1340 qnod
177 1307 244 1329 non
275 1298 482 1329 mutandum.
517 1298 614 1338 Virg.
638 1298 712 1330 AEn.
730 1307 763 1329 V.

65 1351 138 1380 379.
160 1348 170 1366 ‘
186 1348 404 1390 manibusque
427 1348 587 1380 inducere
614 1348 766 1380 coestus:’

68 1398 158 1439 quod
174 1398 247 1428 aliis
262 1398 397 1429 induere.
443 1397 484 1428 In
509 1407 633 1439 genere
655 1398 768 1430 omnia

67 1448 227 1479 dicuutur
248 1447 366 1486 induci,
382 1457 457 1488 qnae
474 1447 600 1488 aliquid
625 1452 766 1488 tegunt;

68 1497 158 1529 unde
174 1501 209 1528 et
225 1497 330 1537 galeae
346 1501 442 1527 recte
466 1497 570 1526 induci
597 1496 767 1535 dicuntur,

69 1556 144 1589 quae
160 1551 283 1587 tegunt
299 1550 412 1586 caput.
452 1545 573 1576 Paullo
582 1550 661 1576 ante
675 1546 769 1576 etiam

70 1595 204 1628 exsulat
233 1605 253 1626 a
280 1595 411 1626 Duker.
438 1603 503 1625 non
529 1595 625 1625 male.
667 1595 768 1634 Saepe

72 1646 162 1679 enim
179 1646 212 1676 in
231 1645 402 1677 locutione
417 1655 476 1675 mm
489 1646 660 1684 modo,sed‚
673 1644 770 1675 omit-

69 1696 154 1727 titur
174 1699 205 1726 et
236 1695 290 1726 vel
319 1694 426 1726 etiam.
479 1693 568 1724 Vide
599 1702 701 1734 supra
728 1693 772 1724 ad

74 1754 102 1778 1.
122 1748 174 1777 18.

116 1798 156 1827 12
186 1794 346 1835 Sericisque
380 1797 537 1834 tegmenta
570 1793 773 1834 detrahenda]

71 1846 241 1880 Nimirum
278 1846 400 1877 curiosi
447 1845 564 1876 talium
610 1844 773 1875 Romani:

73 1906 150 1928 nam
179 1901 310 1936 oruata,
351 1897 407 1927 vel
437 1895 579 1937 picturis
608 1895 661 1925 vel
701 1895 774 1926 aliis

75 1945 274 1987 insignibus,
286 1950 382 1977 scuta
392 1945 553 1976 habuere.
600 1944 775 1985 Imprimis

75 1996 137 2028 sub
153 1997 289 2028 Caesare
312 1995 346 2026 id
370 1994 474 2026 fuisse
498 1994 714 2034 crediderim,
733 1994 776 2025 de

77 2055 143 2087 quo
163 2046 211 2076 ait
235 2044 424 2084 Suetonius,
446 2045 455 2061 ‘
473 2044 684 2085 habebatque
708 2050 777 2076 tam

77 2094 210 2134 cultos‚'
226 2095 288 2136 (sc.
312 2093 466 2136 milites,)
485 2095 495 2112 ‘
514 2099 552 2126 ut
574 2099 718 2135 argento
743 2098 778 2124 et

78 2155 160 2176 auro
176 2145 288 2185 politis
305 2145 405 2175 armis
421 2149 568 2176 ornaret.
614 2145 719 2176 Simul
742 2149 779 2175 et

80 2195 123 2226 ad
159 2195 321 2234 speciem,
353 2198 390 2226 et
415 2204 481 2236 quo
509 2195 701 2226 tenaciores
725 2205 780 2226 eo-

81 2253 155 2276 rnm
182 2244 215 2274 in
249 2244 368 2284 proelio
391 2248 505 2275 esseut
528 2250 622 2275 metu
646 2244 779 2276 damni!

82 2297 282 2329 Graecorum
319 2297 423 2328 etiam
458 2297 697 2338 antiquissimis
723 2296 780 2327 ob-

81 2351 252 2379 servatum
269 2347 408 2387 clypeos
423 2347 624 2387 imaginibus
647 2356 779 2386 ornare,

81 2407 149 2429 non
175 2397 216 2428 ad
240 2398 388 2437 speciem
415 2402 558 2436 tantum,
595 2397 655 2429 sed
683 2398 780 2428 velut

84 2447 198 2479 omina
226 2448 321 2487 belli,
347 2452 384 2478 et
414 2447 582 2478 terrendis
615 2446 781 2478 hostibus.

84 2497 177 2529 Hinc
215 2497 304 2537 apud
350 2497 548 2537 Euripidem
598 2496 784 2528 Phoenissis

84 2546 201 2587 legas:
225 2546 336 2578 Τῦδευς
364 2546 492 2578 λέοντος
513 2545 598 2587 δέρος
627 2545 708 2585 ἔχων
738 2546 785 2576 ἐπ’

85 2594 213 2627 ἀσπίδος
234 2596 333 2638 Χαίτῃ
355 2596 509 2638 πεφρικός·
549 2597 630 2636 δεξιᾷ
651 2595 685 2626 δὲ
709 2601 786 2633 λαμ-

86 2643 170 2676 πάδα
181 2646 274 2677 Τιτὰν
292 2646 466 2686 Προμηθεὺς
481 2645 598 2687 ἔφερεν,
610 2647 649 2677 ὡς
664 2645 787 2686 πρήσων

88 2693 199 2726 romu:
225 2697 359 2737 Tydeus,
379 2697 491 2728 habens
513 2697 547 2728 ἱιι
561 2698 666 2736 clypeo
675 2697 788 2737 pellem

90 2745 197 2783 leonis.
218 2745 301 2777 Setis
333 2747 520 2790 horrentem,
551 2748 682 2780 dextera
716 2756 787 2778 tero

134 2796 252 2838 Delph.
264 2801 294 2830 et
313 2799 388 2833 Var.
405 2799 490 2834 ctas.

701 2832 707 2835 ,
758 2799 867 2833 Caesur

1419 194 1504 235 9923

800 296 904 334 facem
940 298 1043 336 Gigas
1080 297 1282 329 Prometheus
1309 297 1433 335 serebat
1472 302 1505 329 nt

804 347 982 378 incensurus
997 348 1113 379 urbem.
1161 348 1206 379 Et
1222 349 1334 389 paullo
1364 352 1440 388 post
1463 348 1507 379 dc

806 397 956 436 Capanei
972 399 1113 437 clypeo:
1139 397 1354 438 Σιδηρονώτοις
1370 398 1395 428 δ’
1418 397 1509 427 ἀσπί-

807 446 858 476 δος
872 445 976 476 τόποις
993 447 1068 483 ἐπῆν
1081 447 1172 485 Γίγας
1205 447 1251 477 ἐπ’
1268 448 1357 486 ὤμοις
1372 447 1510 486 ’γηγενὴς

808 495 886 532 ὅλην
901 495 993 525 πόλιν
1007 496 1118 536 Φέρων,
1142 499 1309 535 μοχλοῖσιν
1341 496 1511 536 ἐξανασπά-

808 555 866 576 σας
880 544 946 585 βίᾳ,
959 544 1119 576 Ὕπόνοιαν
1139 546 1210 584 ἡμῖν
1232 546 1280 578 οἷα
1302 546 1440 578 πείσεται
1455 546 1510 577 πό-

809 601 874 626 λιςε
902 596 1014 626 Ferrea
1030 606 1100 627 tero
1115 597 1218 637 clypeo
1234 601 1322 636 tergo
1347 598 1511 638 impressus

809 649 876 677 erat
907 646 1010 684 Gigas
1036 656 1052 677 e
1075 649 1160 677 terra
1189 650 1292 687 nutus,
1313 648 1347 678 in
1374 648 1511 679 humeris

808 699 906 726 totam
937 696 1043 726 urbem
1076 695 1250 735 sustinens,
1272 697 1408 728 vectibus
1443 708 1512 728 con-

808 746 924 776 vulsam
938 746 1107 778 violenter:
1136 746 1179 777 Ut
1206 749 1284 778 esset
1309 748 1433 786 signum
1461 758 1512 778 ηο-

809 796 869 834 his,
886 796 989 836 qualia
1001 806 1131 836 passura
1147 799 1224 827 esset
1239 796 1320 828 urbs.
1373 797 1510 828 Vossizm.

808 847 995 887 'segmenta
1011 852 1110 878 erant
1128 856 1147 877 e
1170 846 1262 878 corio
1278 846 1383 877 facta.
1428 847 1513 877 Tax-

810 897 870 927 iles
887 895 929 926 ad
944 897 1130 937 Tigranem
1148 897 1190 927 (le
1208 896 1515 928 Lucullimilitibus

811 945 902 985 apud
929 946 1149 977 Plutarchum
1181 946 1215 977 in
1253 946 1336 978 Luc.
1374 957 1407 987 p.
1439 949 1516 977 510.

814 995 890 1026 06⁷⁵
916 996 1032 1032 ἐσθῆτα
1059 996 1204 1037 λαμπρὰν
1225 996 1254 1026 οἱ
1276 996 1381 1037 ἄνδρες
1395 996 1518 1034 λαμβά-

812 1057 915 1077 νουσιν
928 1046 1167 1087 ὁδοιποροῦντες,
1181 1046 1252 1077 οὔτε
1267 1048 1381 1087 Θυρεοῖς
1393 1047 1518 1078 ἐκκεκα-

813 1095 970 1136 θαρμένοις
991 1098 1136 1136 χρῶνται,
1161 1096 1211 1126 καὶ
1235 1094 1359 1136 κράνεσι
1380 1097 1518 1135 γυμνοῖς,

814 1147 915 1188 ὥσπερ
945 1147 1010 1186 νῦν,
1046 1145 1086 1177 τὰ
1120 1148 1294 1179 ΣΚἹἼῚΝΑ
1321 1148 1383 1177 τῶν
1413 1147 1518 1177 ὅπλων

815 1196 1022 1235 σκεπάσματα
1046 1195 1300 1237 περισπάσαντες.
1346 1197 1518 1228 Nimirum

815 1247 970 1279 solebant
992 1247 1139 1278 Romani
1154 1256 1220 1278 non
1233 1247 1343 1278 minus
1367 1256 1406 1278 ac
1434 1247 1521 1278 Bar·

816 1298 903 1337 bari,
921 1297 1029 1328 varias
1041 1297 1165 1328 formas
1185 1302 1241 1328 aut
1256 1298 1387 1329 colores
1412 1297 1519 1329 scutis

817 1347 956 1388 addere,
979 1346 1124 1388 ideoque
1154 1347 1194 1378 iis
1226 1352 1401 1388 tegmenta
1425 1348 1523 1379 indu·

817 1397 954 1436 cebant,
975 1406 1018 1427 ne
1043 1398 1184 1438 pulvere
1215 1402 1274 1429 aut
1291 1398 1380 1429 a'eris
1396 1398 1522 1439 injuria

817 1451 1128 1487 corrumperentur.
1172 1447 1261 1478 Vide
1274 1447 1309 1479 J.
1324 1447 1473 1487 Lipsium
1488 1447 1523 1478 in

817 1496 918 1529 Anal.
931 1495 973 1526 ad
986 1495 1061 1526 Mil.
1074 1495 1173 1527 Rom.
1183 1496 1276 1526 Dial.
1289 1500 1383 1528 111.2.
1408 1497 1522 1528 Dacis.

864 1545 1051 1584 Tegmema]
1076 1545 1176 1576 Leid.
1200 1549 1281 1577 tert.
1309 1551 1343 1576 et
1359 1547 1424 1579 Ed.
1449 1546 1523 1579 Ine.

818 1595 996 1625 imlumenta
1021 1603 1039 1624 e
1065 1594 1207 1626 Glossa:
1231 1599 1411 1635 tegumenta
1433 1596 1524 1630 Edd.

821 1645 917 1676 Rom.
955 1645 1050 1676 Med.
1081 1646 1168 1677 Yeu.
1204 1650 1241 1677 et
1270 1646 1421 1677 Plantin.
1445 1656 1524 1678 cum

821 1695 873 1726 Cl.
904 1695 1056 1726 Wasseo.
1101 1695 1190 1725 Vide
1228 1696 1321 1728 Duk.
1358 1696 1400 1727 ad
1431 1697 1523 1739 Flof.

822 1753 877 1775 111.
908 1747 961 1775 20.
985 1746 1042 1776 sed
1071 1745 1235 1785 Bongars.
1262 1745 1362 1785 prim.
1400 1747 1525 1778 Petav.

822 1794 974 1826 Vossian.
1012 1794 1112 1835 prim.
1147 1795 1305 1826 Leidens.
1337 1795 1434 1836 prim.
1458 1797 1526 1836 Eg-

824 1843 938 1875 mond.
977 1851 1014 1875 et
1044 1844 1110 1875 duo
1134 1845 1192 1875 alii
1223 1849 1317 1876 reete
1343 1845 1526 1885 tegimenta,

825 1893 995 1936 quomodo
1013 1904 1060 1926 vr.
1077 1897 1129 1926 21.
1153 1896 1195 1926 B.
1218 1896 1291 1927 Civ.
1311 1904 1352 1926 11.
1366 1898 1398 1926 9.
1415 1900 1452 1926 et
1467 1904 1527 1926 111.

825 1947 879 1975 44.
897 1947 950 1976 62.
966 1947 1021 1976 63.
1045 1949 1080 1976 et
1095 1946 1221 1985 passim
1245 1945 1399 1977 scribunt
1414 1950 1530 1976 vetus-

826 1996 966 2027 tissimae
985 1995 1203 2027 membranae.
1249 1996 1396 2028 Consule
1421 1996 1529 2026 Stew-

828 2046 905 2076 ech.
935 2045 979 2076 ad
1006 2046 1188 2086 Vegetium
1220 2054 1253 2077 v.
1282 2048 1333 2077 1-1.
1359 2050 1394 2076 et
1416 2045 1529 2076 Drak-

829 2096 871 2126 ad
889 2096 961 2126 Liv.
978 2104 1028 2126 1v.
1044 2098 1096 2126 39.
1121 2095 1176 2126 Ill.
1201 2095 1320 2126 Heius.
1343 2095 1384 2125 ad
1411 2094 1531 2126 Silium

828 2155 854 2177 1.
869 2148 944 2177 402.
961 2151 998 2177 et
1028 2145 1134 2177 ovid.
1162 2145 1242 2177 Art.
1273 2154 1330 2176 111.
1349 2148 1421 2176 112.
1443 2145 1452 2161 ‘
1467 2144 1532 2176 Cui

830 2195 980 2236 tegimen
1009 2200 1141 2235 septem
1166 2199 1266 2235 terga
1286 2193 1383 2225 fuere
1407 2193 1534 2226 boum.'

828 2247 886 2278 De
914 2246 1111 2286 tegimentis
1138 2251 1310 2278 scutorum
1349 2245 1403 2277 adi
1443 2246 1535 2277 Dra-

830 2297 932 2328 kenb.
963 2298 1005 2328 ad
1035 2297 1167 2335 Silium,
1204 2305 1245 2326 11.
1288 2298 1363 2328 473.
1400 2294 1533 2326 ‘nudos

830 2347 1039 2388 Linquentes
1053 2347 1183 2388 clipeos
1199 2355 1368 2378 armorum
1383 2346 1536 2386 tegmina

832 2396 1018 2428 mandunt?

876 2446 1092 2487 Detrahenda]
1115 2448 1286 2488 Bongars.
1317 2447 1416 2487 prim.
1454 2446 1536 2477 Car-

834 2507 901 2528 rar.
918 2503 954 2529 et
972 2507 1093 2528 novem
1110 2499 1165 2529 alii
1189 2508 1266 2529 cum
1291 2497 1443 2538 margine
1471 2494 1535 2526 Ed.

834 2547 987 2583 Plautia.
1009 2549 1219 2580 ‹retr-udentia:
1241 2547 1332 2588 quod
1355 2546 1469 2576 forsan
1482 2553 1538 2575 no-

836 2602 902 2638 tat,
924 2597 1049 2639 raptim
1072 2602 1199 2629 etcum
1221 2597 1336 2628 subita
1356 2596 1389 2625 vi
1413 2594 1539 2634 deripi·

837 2648 937 2679 enda.
981 2647 1073 2679 Vide
1096 2651 1214 2679 notata
1237 2657 1257 2677 a
1279 2646 1330 2677 Cl.
1359 2643 1538 2676 Drakenb.

837 2697 880 2728 ad
916 2697 990 2729 Liv.
1021 2706 1061 2730 11.
1098 2700 1149 2729 10.
1185 2697 1325 2738 ‘inpetu
1353 2693 1539 2726 detrudere

839 2747 972 2782 virum.’

1419 2797 1497 2830 3R
