1818 3131
343 207 435 237 niss.
470 207 512 236 v.
545 205 650 235 cAP.
680 193 753 235 29.
788 205 850 234 nn
886 206 1040 235 nunno
1073 205 1298 235 climaco.

104 303 178 343 quid
192 311 274 334 ene:
295 301 349 333 cui
369 298 586 332 consentiunt
607 297 714 337 Bong.
732 306 803 329 sec.

108 353 233 385 Audin.
250 351 342 384 Leid.
366 351 464 392 prim.
487 348 576 380 Scal.
604 349 714 379 Oxon.
738 348 804 378 Cu-

103 404 174 444 jac.
212 402 303 434 Male
325 402 357 432 in
381 399 502 432 ceteris
517 404 552 430 et
569 398 655 429 Edd.
675 398 804 439 primis,

107 454 247 494 aliisque
277 451 400 489 multis,
425 449 527 481 ctiam
558 448 703 489 Gryphii
733 449 805 489 quid

107 507 196 534 ruet.
242 501 329 532 Vide
345 499 386 531 ad
402 509 424 531 1.
441 503 472 531 7.
489 503 525 530 et
540 509 642 540 saepe.

152 560 253 583 xxix.
283 555 301 581 5
352 550 580 592 Intevficiendi]
639 551 805 591 Bongars.

109 602 204 643 prim.
218 600 372 632 Leidens.
386 601 483 640 prim.
500 601 626 632 Lovan.
639 600 807 642 Egmund.

108 657 142 684 ct
159 651 304 683 Dorvill.
319 651 446 691 optime
462 651 683 693 interficiundi.
721 651 808 682 Vide

106 702 149 733 ad
179 711 219 733 ιι.
248 704 280 733 6.
317 704 438 741 ‘spem
477 702 652 742 potiundi!
693 711 722 733 c.
754 705 807 734 44.

107 756 115 769 ⁸
135 752 373 793 regrediundi.'
413 762 443 783 c.
475 755 527 784 52.
576 754 585 770 ⁴
604 751 808 783 ferundum!

109 813 139 835 c.
155 806 207 834 53.
231 804 239 820 ⁴
257 803 339 834 satis
356 802 526 835 faciundi!
571 803 707 834 Deinde
726 813 810 844 prae-

111 853 311 893 positionem
326 863 391 884 non
408 858 596 894 agnoscunt
615 855 624 870 ‘
641 863 717 884 cum
734 863 811 885 con-

111 903 243 935 temt.'.
278 903 439 943 Bongars.
465 913 517 943 pr.
541 913 608 935 sec.
642 903 810 942 Vossiani‚

113 951 308 993 Leidenses,
323 954 418 993 Egm.
443 959 479 985 et
502 954 568 985 duo
595 954 663 993 alii,
681 955 728 985 uti
747 964 809 986 nec

112 1003 199 1036 Edd.
232 1003 362 1044 primae,
391 1013 430 1035 ac
462 1005 503 1035 R.
524 1005 711 1045 Stephani3
744 1014 811 1035 non

112 1053 284 1092 male,nisi
303 1057 416 1084 tamen
433 1053 601 1085 excidisse
619 1054 754 1085 videtur
771 1053 813 1085 ob

112 1112 255 1145 sequens
282 1113 348 1134 con.
394 1103 498 1136 Amat
526 1104 651 1136 addere
682 1114 815 1145 praepo-

115 1153 251 1185 sitiones
269 1154 394 1185 Caesar.

156 1207 176 1236 8
199 1204 260 1235 Sed
286 1214 349 1236 rem
373 1204 525 1245 spectare]
555 1204 639 1236 Mss.
666 1204 817 1236 nonnulli

115 1260 150 1287 ct
180 1259 265 1286 vett.
297 1254 368 1286 cusi
399 1255 478 1286 Rem
511 1259 698 1295 exspectare,
729 1254 818 1285 unde

116 1305 202 1337 forte
224 1304 405 1346 legendum
428 1314 460 1336 se
483 1308 632 1345 spectare,
656 1304 738 1335 licet
761 1304 820 1335 ali.

117 1355 251 1396 quando
295 1355 572 1394 subintelligatur
617 1354 820 1385 Pronomen.

121 1405 218 1436 Idem
235 1405 391 1435 mendum
414 1405 567 1436 occurrit
589 1404 679 1444 apud
702 1404 824 1435 Petro-

117 1455 210 1486 nium
237 1454 338 1486 Satir.
365 1464 395 1486 c.
414 1457 464 1486 17.
487 1454 543 1486 ubi
571 1455 613 1486 de
638 1454 820 1488 Quartilla.

117 1507 126 1523 ‘
145 1505 213 1537 Diu
239 1504 343 1544 flevit,
368 1515 408 1536 ac
435 1514 477 1536 ne
502 1509 574 1536 tum
601 1504 737 1547 quidem
760 1514 820 1535 nos

117 1556 221 1586 ullum
249 1554 434 1596 adjecimus
461 1555 614 1594 verbum,
640 1554 699 1586 sed
724 1554 821 1585 taciti

116 1606 359 1647 exspectavimus
383 1605 535 1636 lacrimas
557 1605 600 1636 ad
623 1605 822 1636 ostentatio-

119 1667 196 1688 nem
213 1657 337 1688 doloris
353 1656 511 1696 paratas)
557 1656 648 1695 Lege
667 1655 823 1696 Spectari-

119 1717 195 1746 mus,
220 1706 370 1747 loquitur
394 1706 485 1736 enim
505 1705 548 1736 de
575 1705 751 1738 Quartillae
776 1704 824 1735 la-

120 1756 243 1788 crimis.
267 1755 379 1787 Dacis.
401 1754 487 1786 Cum
509 1755 592 1785 Mss.
615 1754 766 1785 nonnulli
787 1758 823 1785 et

122 1806 211 1839 Edd.
235 1805 330 1837 Vett.
354 1804 501 1836 habea-nt
521 1809 709 1846 exspectare,
731 1805 823 1845 inge-

120 1857 214 1889 niose
238 1856 378 1898 conjicit
408 1855 570 1887 Davisius
593 1855 772 1896 legendum
791 1864 824 1886 se

120 1910 267 1950 spectare.
312 1907 526 1947 Quamquam
552 1909 588 1937 et
614 1905 825 1946 subintelligi

123 1962 237 2000 potest
253 1957 286 1988 id
304 1966 502 1997 pronomen.
521 1956 626 1987 Clark.
643 1956 736 1988 Nihil
753 1965 825 1987 cre-

124 2008 216 2041 brius
243 2011 297 2039 est
324 2007 512 2038 variatione
542 2007 603 2037 τῶν
627 2009 764 2047 spectare
790 2011 826 2037 et

123 2061 299 2100 exspectare
312 2068 325 2095 ,·
357 2062 394 2089 et
418 2057 603 2098 saepissime
626 2057 661 2088 in
692 2057 826 2089 Caesare

125 2108 287 2140 occurrit.
332 2109 522 2148 Exspectare
537 2108 591 2139 hic
607 2117 649 2138 ex
665 2108 748 2138 meis
770 2108 827 2138 lia-

126 2158 211 2189 bent
225 2158 309 2189 Mss.
325 2161 356 2188 9.
374 2162 411 2189 et
423 2157 512 2188 Edd.
530 2157 657 2198 primae.
685 2157 829 2198 Spectari

128 2208 168 2239 L.
185 2212 265 2238 tert.
283 2207 346 2238 vir
361 2207 482 2238 doctus
496 2207 638 2247 margini
651 2207 830 2246 adscripsit

130 2255 156 2289 f.
170 2260 346 2297 spectarem.
371 2257 522 2287 Frustra.
548 2256 729 2287 Omittitur
745 2256 830 2286 reci-

130 2315 294 2348 procum:
321 2310 358 2336 ut
385 2305 448 2336 hoc
473 2305 546 2345 ipso
573 2315 602 2336 c.
623 2305 633 2320 ‘
651 2304 831 2336 arbitrari!

130 2367 161 2388 c.
176 2358 230 2387 27.
254 2357 263 2373 ‘
282 2355 438 2396 polliceri
455 2353 624 2386 daturum'
640 2364 679 2385 ac
695 2363 832 2385 sexcen-

129 2406 207 2438 ties.
253 2406 310 2436 De
334 2405 437 2436 verbo
462 2408 599 2445 spectare
625 2404 680 2436 adi
709 2415 748 2436 11.
779 2408 831 2437 20.

131 2458 141 2474 ‘
159 2455 253 2489 Nihil
266 2455 410 2487 Caesaris
427 2455 606 2496 imperium
619 2455 833 2496 spectabant'

131 2507 186 2539 vel
199 2507 210 2524 ‘
227 2505 500 2547 exspectabant!

174 2559 196 2588 9
218 2556 337 2596 Magno
360 2565 422 2586 esse
447 2556 614 2587 Germanis
629 2557 725 2588 dolori
741 2557 833 2588 Ario-

134 2607 209 2638 viati
222 2606 364 2646 mortem]
394 2607 486 2638 Nihil
502 2608 615 2639 Caesar
632 2617 771 2649 usquam
791 2608 834 2638 de

135 2661 244 2689 morte
259 2657 421 2689 Ariovisti
437 2657 499 2688 nisi
516 2658 579 2690 hoc
596 2659 672 2690 loco
687 2659 835 2699 scripsit.

139 2706 423 2740 Unde'Cluverius
438 2708 557 2739 Germ.
574 2709 596 2740 1.
606 2718 661 2740 111.
675 2719 708 2749 p.
721 2713 750 2740 7.
767 2719 834 2740 ma-

139 2755 232 2789 lebat
244 2761 357 2790 sortem
370 2758 498 2801 legere.
540 2759 608 2791 Sed
630 2760 741 2792 audax
762 2761 833 2792 naec

1443 196 1466 235 1
1474 196 1554 237 107

855 299 1062 338 conjectura.
1091 299 1177 330 Nam
1194 299 1274 340 quid
1292 298 1460 331 attinebat
1476 309 1559 331 mor-

856 352 924 378 tem
963 358 1161 388 memorare,
1198 359 1273 381 cum
1315 350 1442 381 Caesari
1482 357 1557 391 post

856 407 958 428 unum
982 399 1063 429 illud
1089 400 1244 440 proelium
1266 400 1348 430 nihil
1371 409 1446 432 cum
1463 400 1560 432 Ario-

857 448 945 479 visto
963 458 1015 479 rcs
1032 449 1148 481 fuerit.
1196 451 1270 481 Nec
1289 451 1375 482 solet
1391 451 1445 482 ille
1461 457 1560 482 extra

859 503 953 540 gesta
968 509 1027 530 sua
1051 500 1198 538 evagari.
1243 502 1330 532 sane
1355 506 1390 533 et
1416 501 1559 534 Graecu·

858 549 988 581 θάνατον
1016 551 1133 587 vertit,
1160 556 1195 582 et
1225 551 1257 582 iu
1284 551 1461 593 Anonymo
1484 561 1560 584 ean-

858 600 936 632 dem
954 610 1070 632 vocem
1087 600 1233 639 invenio,
1251 607 1285 632 et
1302 603 1443 633 retineo.
1477 603 1561 636 Voce.

903 654 941 683 11
959 650 1022 681 Sub
1034 651 1195 691 imperium
1209 652 1379 691 reductam]
1407 653 1562 684 Leidens.

859 701 958 741 prim.
976 710 1043 732 sec.
1062 701 1196 732 Duker.
1209 701 1564 736 I’alati11.etDorvill.

859 751 913 782 sub
942 751 1081 792 imperio.
1126 751 1196 782 Sub
1228 762 1291 792 quo
1323 752 1455 783 scilicet
1490 755 1563 793 jani

861 806 969 832 erant.
1014 802 1130 833 Simile
1155 806 1218 839 est,
1249 803 1338 843 quod
1370 803 1503 834 Coi-tius
1531 804 1564 834 in

862 852 944 883 Mss.
970 851 1171 892 quibusdam
1199 853 1327 884 invenit
1356 854 1412 884 sul»
1437 855 1566 895 imperio

861 911 968 940 cogere
984 901 1016 932 in
1035 901 1170 932 Sallust.
1188 902 1228 933 B.
1245 902 1326 943 Jug.
1352 913 1382 934 c.
1409 907 1458 934 18.
1485 905 1497 944 §
1517 907 1566 936 12.

862 952 909 982 Et
930 951 978 983 sic
1001 951 1138 992 quidam
1166 953 1282 984 volunt
1308 953 1374 984 dici
1399 964 1496 994 posse
1511 955 1567 986 sub

855 1003 934 1042 jugo
957 1003 1091 1034 mittere.
1115 1003 1156 1034 V.
1174 1003 1215 1034 ad
1243 1012 1267 1034 t.
1290 1006 1319 1034 7.
1365 1004 1430 1035 Sed
1455 1015 1473 1036 a
1501 1006 1569 1036 vul-

864 1054 952 1093 gatis
968 1062 1035 1084 non
1050 1053 1186 1085 recedo.
1232 1053 1345 1084 Facile
1368 1054 1440 1085 haec
1463 1055 1569 1085 varia-

864 1104 925 1142 tio,
942 1107 978 1134 ut
993 1103 1077 1141 dixi,
1089 1103 1168 1133 oriri
1184 1104 1295 1143 potuit
1313 1113 1355 1136 ex
1371 1106 1571 1144 pronuncia-

866 1154 957 1185 tione
973 1153 1112 1193 syllabae
1128 1164 1177 1185 om
1193 1163 1254 1194 pro
1270 1164 1332 1185 um.

912 1206 950 1234 13
975 1203 1050 1234 Sine
1063 1207 1149 1235 cerea
1164 1204 1212 1244 re]
1243 1205 1362 1236 Celsus
1376 1206 1443 1236 sine
1459 1216 1571 1245 magna

868 1263 969 1287 causa.
991 1254 1114 1285 Verior
1129 1261 1183 1286 est
1197 1256 1394 1296 explicatio,
1408 1256 1479 1287 sine
1496 1266 1574 1295 cog-

869 1305 998 1336 nitione
1023 1309 1132 1344 certa,
1155 1305 1273 1336 Gallos
1300 1306 1410 1337 omnia
1433 1306 1574 1337 hiberna

870 1355 970 1385 simul
985 1354 1254 1395 obpugnaturus,
1276 1361 1311 1387 et
1335 1357 1573 1388 rebellaturos.

870 1405 938 1436 Sed
961 1404 1068 1436 Codd.
1092 1405 1211 1446 Cujac.
1239 1406 1350 1438 Oxon.
1376 1412 1412 1438 et
1439 1407 1502 1437 Ed.
1529 1407 1573 1439 R.

870 1455 988 1495 Steph.
1007 1464 1047 1486 ac
1065 1454 1210 1495 Gryphii
1228 1466 1343 1496 margo
1359 1457 1486 1487 habent
1503 1466 1575 1496 spe:

871 1515 936 1546 quo
963 1504 1046 1536 facit
1071 1506 1225 1544 Graccus,
1249 1507 1306 1547 qui
1334 1506 1437 1538 habet
1462 1507 1575 1537 Ambi-

873 1557 998 1598 origem
1026 1556 1098 1588 ἄνευ
1119 1557 1199 1588 τινὸς
1219 1558 1342 1589 ἐλπίδος
1364 1558 1419 1588 τὸν
1440 1558 1575 1596 πόλεμον

871 1606 1109 1644 βουλεύσασθαι.
1132 1607 1180 1639 At
1193 1609 1256 1639 hoc
1270 1618 1335 1639 non
1349 1608 1432 1639 dicit
1446 1609 1574 1640 Caesar.

872 1659 967 1691 Alios
984 1669 1065 1699 ergo
1089 1659 1232 1690 Codices
1256 1659 1413 1690 habuerit
1435 1660 1502 1699 ille,
1521 1669 1578 1690 ue-

873 1719 969 1740 cesse
995 1714 1068 1740 est:
1093 1718 1141 1740 res
1166 1714 1202 1740 et
1225 1719 1294 1749 spes
1322 1707 1575 1741 confunduntur

874 1768 1006 1800 quoque
1022 1768 1086 1790 vn.
1104 1762 1134 1789 3.
1153 1758 1188 1789 in
1205 1758 1230 1790 f.
1247 1764 1282 1790 et
1299 1760 1433 1799 passim.

917 1812 956 1840 17
991 1809 1092 1841 Unam
1117 1819 1180 1840 esse
1206 1809 1240 1839 in
1264 1810 1422 1840 celeritate
1446 1812 1579 1850 positam

872 1858 1018 1898 salutem]
1056 1858 1110 1890 sic
1139 1859 1302 1899 Virgilius
1332 1859 1407 1890 AEn.
1436 1868 1475 1890 ιι.
1504 1862 1578 1890 354.

875 1910 884 1926 ‘
903 1908 982 1939 Una
995 1909 1084 1940 salus
1100 1908 1223 1940 victis.’
1246 1909 1291 1940 Et
1307 1907 1415 1939 iufra:
1438 1912 1446 1925 ‘
1466 1913 1579 1940 tamen

876 1967 979 1989 unum
1004 1959 1189 1990 communis
1216 1958 1334 1990 salutis
1362 1958 1521 1990 auxilium
1546 1958 1580 1988 iu

876 2009 1055 2040 celeritate
1071 2009 1245 2049 ponebat.’
1290 2010 1335 2040 Et
1359 2010 1461 2040 Corn.
1482 2008 1582 2039 Taci-

877 2064 932 2090 tus
957 2059 1068 2090 annal.
1093 2068 1117 2089 1.
1140 2060 1149 2075 ‘
1166 2059 1345 2099 Temporis
1371 2069 1409 2090 ac
1437 2058 1582 2089 uecessi-

877 2110 959 2142 tatis
974 2115 1102 2141 mouet.
1125 2110 1236 2140 Unam
1252 2110 1284 2140 iu
1301 2111 1400 2140 arinis
1417 2109 1582 2149 salute1n‚’

878 2163 942 2193 &c.
969 2161 1112 2194 ciaet—011.
1166 2161 1308 2192 Frustra
1332 2160 1436 2201 igitur
1459 2165 1511 2192 est
1529 2160 1583 2192 Fr.

879 2212 1129 2251 Hotomannus‚
1159 2212 1213 2242 cui
1246 2212 1361 2252 placet
1397 2221 1456 2242 una
1486 2215 1583 2243 sexto

879 2271 970 2293 casu.
996 2263 1111 2293 Daris.
1160 2262 1270 2293 snam.
1295 2261 1461 2292 Emendat
1477 2261 1585 2293 Hoto-

879 2321 1032 2351 mannus,
1061 2321 1133 2342 ima.
1179 2311 1357 2344 Quomodo
1388 2317 1424 2342 et
1454 2311 1488 2341 in
1519 2310 1585 2342 Ms-

883 2362 967 2401 Reg.
985 2361 1151 2402 scriptum
1174 2366 1238 2392 est.
1285 2360 1351 2391 Sed
1373 2360 1506 2392 erudite
1529 2369 1586 2390 ex-

881 2412 1001 2452 emplis
1018 2413 1130 2443 allatis
1145 2411 1296 2443 ostendit
1311 2411 1485 2449 Davisius,
1503 2410 1586 2440 alte-

882 2471 954 2493 ram
976 2462 1069 2494 illam
1093 2463 1261 2493 veriorem
1292 2471 1365 2493 esse
1396 2461 1586 2492 lectionem.

884 2512 1026 2544 Erudite
1039 2523 1172 2554 quoque
1183 2513 1272 2544 idem
1285 2513 1347 2543 Vir
1361 2511 1587 2544 Doctissimus

883 2562 1047 2603 longinqua
1077 2573 1196 2594 vocem
1227 2573 1269 2594 ex
1298 2563 1381 2593 Mss.
1413 2566 1447 2592 et
1478 2560 1586 2591 Editt.

883 2612 980 2643 Vett.
998 2613 1172 2651 restituit3
1196 2623 1272 2644 eum
1287 2612 1440 2652 Scaliger
1464 2615 1498 2641 et
1522 2610 1587 2641 Re-

885 2663 1051 2694 centiores
1095 2663 1294 2702 edidissent,
1341 2663 1442 2700 longa.
1478 2660 1588 2695 Clark.

883 2711 962 2743 Jam
979 2717 1059 2743 ante
1080 2712 1287 2752 scaligerum
1309 2711 1431 2749 Aldus,
1445 2709 1587 2751 Stepbar

884 2771 959 2802 nus,
981 2761 1168 2803 Gry-pilius,
1196 2761 1344 2793 Plautio.
1371 2760 1496 2801 aliique
1521 2759 1590 2791 edi-
