1818 3131
366 219 460 248 mn.
495 217 579 246 vn.
612 215 719 245 cnr.
749 206 820 245 45.

151 311 210 353 qui
232 311 392 342 Mss.1nei
414 315 449 341 ct
471 307 665 340 maweu.
684 316 787 346 usqne
804 306 846 337 ad

151 362 214 394 Ea.
227 362 340 393 Plant.
353 360 507 401 przebent
519 358 664 393 habenam
686 357 846 387 subintel-

150 412 240 442 lecto
255 412 311 446 ita.
327 412 401 441 adeo
426 410 476 440 vel
494 409 614 439 simili:
642 412 678 438 nt
700 408 846 448 saepissi-

149 471 214 492 me.
269 462 346 492 Pari
365 459 462 491 modo
480 463 570 490 1v.5.
586 461 595 475 ‘
614 458 675 489 Est
687 458 748 489 hoc
766 458 846 489 Gal-

148 512 221 542 lica*
249 510 510 549 consuetudinis,
533 515 571 541 ut
597 509 741 540 viatores
769 519 846 540 con-

147 564 267 594 sistere
280 562 426 601 cogant‚’
451 564 513 592 &a

193 618 231 644 10
257 612 429 652 Cabillono]
447 614 529 644 Mss.
547 612 588 643 ad
604 622 704 643 unum
722 620 847 650 omnes,

146 664 236 705 quod
263 663 379 701 sciam,
405 664 546 702 (praeter
560 662 648 693 And.
665 667 699 693 et
717 660 846 701 Oxon.)

146 719 181 745 et
201 714 286 745 Edd.
301 715 394 745 Vett.
408 714 460 744 hie
473 713 555 744 dant
570 713 735 744 Cat-illone.
779 712 845 743 Sed

147 775 177 795 c.
193 767 246 795 90.
261 764 410 805 plerique
428 764 577 795 Cabilloni
592 763 751 794 retinent.
784 766 844 792 Κι-

146 813 296 848 βιλαύνου
325 815 496 854 Metaphr.
522 813 679 844 Cabillono
707 813 844 844 Celsus:

145 870 318 904 corrupto.
360 864 529 895 Auctores
560 864 686 902 Graeci,
709 863 845 901 Strabo,

145 914 291 944 Ptolem.
317 913 535 948 Καβύλλινονε
561 914 614 944 vel
648 912 847 949 Καβιλλύνον

146 964 283 994 rectius.
331 965 452 996 Placet
469 965 547 996 mihi
567 965 673 1005 magis
689 975 718 1003 v,
735 970 770 994 ut
790 966 846 994 Ce-

146 1023 242 1044 venna
260 1024 321 1054 pro
347 1015 499 1053 Cebenna,
518 1016 675 1055 Gergovia
690 1025 750 1055 pro
769 1015 846 1046 Ger-

142 1064 248 1102 gabia.
295 1066 423 1095 Eadem
449 1066 603 1097 cont'nsio
629 1066 659 1096 in
682 1065 846 1096 Antonini

144 1113 263 1146 itiner.
278 1115 335 1146 ubi
347 1115 427 1146 vide
439 1116 491 1147 Cl.
506 1116 707 1155 Wesseling.
721 1125 753 1155 p.
769 1117 843 1146 360.

144 1167 220 1196 363.

189 1219 228 1247 10
255 1216 405 1256 Tametsi]
439 1216 596 1247 Muretus
626 1216 711 1256 legit
740 1219 845 1247 tamen

143 1266 203 1297 etsi
221 1272 329 1304 recte,
346 1267 373 1297 si
395 1276 412 1297 e
430 1267 547 1298 Mstis:
563 1267 622 1298 scd
641 1268 746 1298 nostri
763 1267 844 1298 nihil

144 1322 288 1356 mutant,
310 1322 345 1348 et
366 1317 473 1348 ceteri
496 1318 704 1357 interpretes
730 1317 773 1348 de
790 1327 844 1348 va-

145 1367 267 1398 rietate
293 1368 375 1398 nihil
402 1373 554 1398 mouent.
583 1368 626 1397 V.
651 1368 694 1398 ad
726 1377 758 1397 v.
790 1370 842 1398 35.

143 1418 153 1434 ‘
171 1417 301 1448 Tamen
318 1418 381 1449 etsi
395 1417 437 1448 ab
454 1417 562 1456 duce,'
579 1419 643 1448 ἃς.

191 1470 231 1498 lo
253 1469 299 1498 Ac
315 1477 421 1498 rursus
445 1477 561 1498 omnem
584 1468 753 1499 exercitum
776 1477 845 1498 con-

141 1517 297 1558 traheret]
337 1519 445 1549 Locus
461 1519 516 1549 Fr.
534 1518 754 1549 Hotomanno
771 1518 846 1549 snb-

143 1568 308 1600 obscnrus
331 1570 478 1610 videtur,
493 1570 570 1610 quia
587 1570 700 1600 Caesar
717 1569 845 1600 exerci-

144 1624 216 1650 tum
241 1624 342 1650 antea
374 1629 440 1650 non
473 1623 702 1658 contraxerat,
737 1623 773 1650 et
803 1618 845 1649 de

141 1670 382 1702 contrahendis
396 1676 527 1702 tantum
544 1671 665 1702 castris
680 1675 733 1702 est
756 1671 846 1702 locu-

147 1726 213 1751 tus.
260 1720 338 1752 Non
363 1722 465 1752 aliam
493 1721 536 1752 ob
561 1731 696 1752 causam
712 1721 767 1752 hic
789 1721 845 1751 de-

143 1771 283 1802 sudavit
322 1772 375 1802 vir
420 1772 585 1810 eruditus,
617 1782 715 1812 quam
754 1772 844 1812 qnod

145 1820 285 1861 phrasin
330 1821 472 1852 Caesaris
517 1831 584 1853 non
621 1822 844 1853 intellexerit.

144 1875 230 1907 Vult
260 1879 374 1907 noster
400 1886 435 1907 se
466 1875 605 1907 consilia
633 1876 767 1915 iniisse3
807 1881 846 1908 ut

143 1935 260 1958 omnes
291 1926 406 1967 copias
443 1926 477 1957 in
515 1936 618 1958 unum
655 1928 844 1968 colligeret.

142 1977 220 2009 Hoc
237 1978 345 2008 sensit
367 1978 523 2017 Graecus,
539 1977 596 2018 qni
622 1981 715 2008 recte
738 1978 845 2009 vertit

141 2026 327 2064 ἐβουλεύετο
362 2028 467 2058 πᾶσαν
503 2027 578 2066 ὁμοῦ
611 2027 668 2063 τὴν
696 2027 845 2068 στρατιὰν

140 2076 330 2117 συναλίζειν.
376 2078 492 2109 Caesar
515 2077 603 2108 enim
627 2078 636 2095 ‘
655 2078 843 2109 exercitum

142 2127 178 2159 in
191 2128 274 2159 duas
289 2131 406 2168 partes
422 2127 603 2158 diviserat:
628 2137 665 2158 xv
691 2128 842 2168 legiones

143 2178 176 2209 in
203 2177 353 2209 Senones
375 2176 593 2218 Parisiosque
608 2177 759 2209 Labieno
783 2177 844 2209 du-

144 2227 270 2259 cendas
299 2227 462 2264 dederat;
487 2236 526 2257 Vl
558 2227 631 2266 ipse
661 2227 780 2267 duxit,'
806 2233 845 2260 ut

144 2277 276 2308 monuit
289 2277 429 2317 hujusce
444 2276 520 2307 libri
536 2286 567 2307 c.
584 2279 637 2308 34.
682 2278 754 2309 Has
768 2288 845 2319 par-

145 2333 198 2361 tes
225 2328 350 2359 iterum
380 2327 600 2368 conjungere,
627 2331 675 2368 et,
693 2333 731 2360 nt
754 2329 846 2370 loqui

141 2383 234 2410 amat
259 2377 426 2416 Justinus,
449 2377 610 2418 adunare,
625 2387 763 2420 operam
788 2379 847 2411 da-

142 2428 216 2460 bat.
262 2428 343 2459 Pari
360 2428 460 2460 modo
481 2429 615 2461 locutus
636 2435 689 2462 est
712 2431 846 2463 Fronti-

143 2487 206 2510 nus
221 2478 374 2519 Strateg.
399 2487 424 2510 1.
442 2481 472 2509 l.
490 2482 523 2510 6.
538 2489 601 2511 nec
618 2479 770 2512 dubitari
786 2491 846 2522 po-

141 2532 226 2568 test,
236 2529 317 2570 quin
327 2529 400 2560 haec
410 2529 454 2561 sit
464 2529 718 2562 locisententia.
731 2531 846 2565 Datis.

187 2586 284 2609 κων.
309 2581 330 2609 9
356 2578 418 2609 Sed
439 2580 579 2611 silvestre
604 2583 635 2612 et
666 2584 846 2622 angustum,

143 2637 206 2669 que
226 2632 304 2660 esset
319 2629 438 2671 aditus]
474 2630 543 2661 Ms.
559 2630 680 2662 Brant.
694 2635 730 2662 et
745 2631 846 2663 editt.

146 2677 245 2709 Rom.
263 2677 359 2716 ven.
377 2679 538 2712 Beroald.
561 2679 624 2711 Sed
644 2680 724 2712 hunc
743 2681 847 2712 silves-

144 2731 232 2759 trem,
245 2731 468 2770 etmagustum,
484 2740 559 2772 quae
583 2730 722 2774 quidem
743 2731 848 2763 lectio

146 2777 576 2823 Grammaticaerepugnat.
620 2782 847 2815 Ms.Norvic.

853 216 916 245 DF.
950 215 1105 246 BELLO
1137 214 1366 244 GALLICO.

1484 204 1596 246 1223

898 318 986 340 νει-α’.
1008 309 1201 350 scriptionis
1223 309 1364 346 vestigia
1385 308 1531 339 retinet:
1562 311 1595 340 in

898 368 938 388 eo
955 361 1042 390 enirn
1059 367 1122 399 cst,
1135 363 1186 391 sed
1202 361 1256 391 hoc
1271 361 1409 390 xilreslre
1431 362 1459 389 ct
1484 370 1596 399 angus-

898 412 983 444 tum;
1007 412 1141 441 omnino
1167 412 1278 441 scrihc
1305 412 1356 440 sed
1382 411 1437 441 hac
1463 410 1596 451 (parte)

895 459 1033 490 silvestre
1049 465 1078 490 et
1094 464 1269 499 angustum.
1297 461 1404 492 Daris.
1450 460 1511 491 Sed
1535 462 1596 492 hac

896 510 1036 539 silcestre
1053 513 1081 539 et
1106 514 1284 549 angustum,
1299 522 1356 550 qua
1380 514 1456 541 esset
1480 511 1596 542 aditus.

899 558 954 588 Ita
982 559 1155 598 ingeniose
1187 561 1335 591 restitnit
1366 560 1525 591 Davisius
1554 570 1598 591 ex

897 608 963 639 Ms.
981 609 1129 647 Eliensi;
1157 612 1212 650 qni
1238 611 1353 649 habet,
1377 613 1428 641 sed
1458 612 1521 642 hoc
1547 611 1599 642 sil-

898 661 1011 698 vestre,
1038 660 1092 698 ὅγε.
1149 661 1313 700 Scaliger,
1349 671 1445 700 quem
1488 661 1596 692 secuti

897 713 975 739 sunt
999 710 1218 749 recentiores,
1242 710 1366 749 edidit,
1383 714 1436 742 secl
1458 712 1598 743 silvestre

896 761 926 789 et
948 763 1131 798 angustum.-
1155 770 1228 800 quae
1256 761 1358 791 lectio
1379 771 1442 791 non
1467 772 1508 792 ex
1536 762 1598 792 Co-

897 810 1042 849 dicibus,
1059 811 1118 840 sed
1133 820 1174 840 ex
1190 811 1324 851 ingenio
1342 816 1406 841 cst.
1454 812 1493 841 In
1513 813 1595 843 Mss.

897 859 970 891 fere
987 866 1051 900 cst,
1067 862 1119 891 sed
1141 862 1229 892 hunc
1251 861 1421 891 silvestrem
1438 865 1468 891 et
1488 872 1600 901 angus·

896 914 974 951 tum,
988 922 1047 951 qua
1061 915 1137 942 esset
1155 913 1273 942 aditus.-
1299 911 1397 943 Quod
1416 912 1597 944 manifesto

897 967 1093 1003 corruptum
1122 967 1187 1001 cst,
1213 973 1287 993 cum
1315 963 1394 993 hunc
1415 964 1600 1004 sitrestrem,

895 1015 948 1052 ἔγε-
974 1013 1093 1044 referri
1110 1023 1175 1043 non
1190 1014 1295 1053 possit
1312 1013 1353 1044 ad
1369 1015 1493 1044 dorsum
1506 1013 1596 1055 quod

897 1064 1084 1104 praecessit.
1131 1064 1198 1094 ΜΞ.
1217 1065 1300 1104 Reg.
1315 1064 1428 1100 habet,
1441 1065 1494 1094 sed
1510 1065 1598 1095 hune

894 1115 1065 1145 silvestrem
1079 1118 1107 1145 el
1125 1119 1302 1153 angustum,
1321 1115 1377 1154 qui
1394 1117 1469 1145 esset
1482 1115 1597 1146 aditus.

896 1166 980 1198 Quae
996 1165 1133 1206 quidem
1149 1165 1268 1195 Lectio
1285 1163 1368 1195 ferri
1386 1169 1502 1205 posset
1518 1176 1526 1203 ;
1548 1167 1600 1196 sad

894 1215 973 1246 kanc
1009 1215 1154 1255 (aditum
1180 1215 1314 1255 scilicet)
1339 1215 1519 1254 silvestrem,
1548 1218 1600 1255 ἐφ’.

893 1266 1086 1307 Simplicior
1110 1270 1224 1296 tamen
1246 1271 1299 1297 est
1328 1266 1462 1297 Davisii
1487 1275 1600 1297 emen-

896 1317 999 1348 datio.
1041 1318 1149 1348 Clark.
1220 1317 1315 1348 Huac
1345 1318 1517 1348 silvestrem
1546 1322 1599 1349 est

896 1368 998 1397 etiam
1022 1367 1055 1398 in
1085 1369 1195 1408 Bong.
1211 1368 1399 1406 Vossianis,
1426 1367 1599 1398 Leidensi·

896 1416 971 1455 bus,
1000 1417 1122 1448 Petav.
1154 1418 1280 1448 Lovan.
1307 1417 1475 1457 Egmund.
1502 1418 1596 1449 an.

897 1468 1030 1499 Dorvil.
1059 1467 1159 1499 Gott.
1187 1468 1282 1499 Carr.
1313 1473 1348 1498 et
1372 1468 1492 1499 Brant.
1537 1467 1600 1499 Sed

894 1518 1066 1548 silvestrem
1104 1518 1180 1558 an.
1211 1517 1338 1548 Audin.
1370 1517 1482 1549 Oxou.
1508 1518 1599 1550 Scal.

896 1578 973 1599 cum
1005 1568 1090 1599 Edd.
1113 1569 1216 1599 Basil.
1242 1568 1330 1599 Ven.
1357 1567 1439 1598 Am.
1465 1567 1598 1608 Gryph.

897 1619 1011 1650 Plant.
1030 1619 1086 1661 qui
1103 1619 1174 1650 sine
1192 1618 1294 1650 dubio
1308 1619 1427 1649 aditum
1444 1619 1599 1650 intellex-

896 1674 1007 1701 eruut.
1053 1670 1108 1700 An
1123 1670 1195 1701 hinc
1211 1675 1328 1711 posset
1343 1670 1433 1710 legi?

939 1729 1019 1751 ΧΠ.
1045 1723 1063 1751 3
1093 1721 1362 1761 Per-vagarentur]
1400 1719 1599 1760 Praepositi-

895 1780 993 1802 onem
1021 1776 1159 1802 servant
1187 1771 1248 1801 soli
1279 1771 1353 1811 an.
1384 1771 1474 1801 Scal.
1505 1770 1598 1802 And.

896 1821 1007 1852 oxon.
1024 1821 1122 1852 Leid.
1140 1831 1193 1861 pr.
1208 1821 1242 1852 in
1265 1831 1329 1861 quo
1353 1827 1407 1852 est
1429 1831 1599 1861 pert-agen-

893 1875 946 1903 tur
962 1881 1039 1903 cum
1061 1871 1126 1903 Ed.
1148 1873 1188 1903 R.
1205 1872 1368 1912 Stephani
1389 1876 1425 1903 et
1457 1872 1599 1904 Clarkii.

894 1924 974 1955 Non
1009 1924 1118 1962 male;
1157 1921 1217 1953 sed
1253 1919 1322 1954 tion
1348 1931 1432 1963 opus
1457 1926 1597 1954 tamen:

894 1974 1084 2014 praesertim
1097 1982 1174 2004 cum
1189 1972 1343 2003 futurum
1360 1977 1494 2013 tempus
1509 1981 1599 2003 com-

893 2024 1079 2064 plectatur.
1107 2023 1196 2053 Vide
1208 2023 1251 2053 ad
1264 2032 1288 2054 1.
1305 2025 1335 2053 8.
1349 2027 1384 2053 et
1395 2021 1485 2053 infra
1501 2033 1529 2054 c.
1544 2025 1597 2053 49.

892 2073 934 2104 In
957 2073 1082 2105 ceteris
1099 2073 1183 2105 Mss.
1199 2078 1236 2104 et
1259 2073 1346 2105 Edd.
1364 2073 1481 2114 primis
1504 2084 1600 2114 raga-

892 2126 1014 2155 rentur:
1037 2128 1076 2154 ut
1093 2124 1220 2154 statim.

934 2178 953 2207 3
974 2176 1129 2216 Magnum
1140 2186 1300 2207 numerum
1312 2176 1599 2217 impedimentorum

892 2227 1100 2268 mulomonque
1118 2237 1157 2258 ex
1181 2227 1293 2258 castris
1305 2227 1444 2267 produci,
1460 2235 1533 2267 eque
1559 2226 1599 2257 iis

892 2281 1065 2310 stramenta
1087 2279 1226 2320 detrahi]
1255 2279 1309 2310 Ita
1336 2282 1430 2310 recte
1456 2278 1597 2319 legitur.

894 2328 936 2360 In
965 2339 998 2360 v.
1026 2339 1055 2360 c.
1079 2330 1178 2361 erat‘
1195 2339 1306 2371 neque
1328 2329 1363 2360 in
1387 2327 1599 2368 stramenta:

894 2388 956 2419 pro
988 2389 1055 2420 quo
1085 2379 1240 2420 Scaliger
1268 2379 1420 2420 reposuit
1445 2387 1518 2418 eque
1547 2378 1598 2408 iis.

894 2429 1037 2461 Mallem
1064 2440 1141 2462 cum
1173 2430 1354 2462 Ciacconio
1383 2428 1599 2460 emendasset

893 2482 984 2520 atque
998 2480 1051 2511 iis.
1095 2481 1186 2512 Nam
1209 2491 1228 2511 a
1249 2479 1352 2511 facile
1375 2480 1410 2510 in
1432 2489 1464 2516 n,
1481 2482 1495 2508 t
1521 2478 1556 2507 in
1581 2487 1598 2508 e

894 2534 1054 2561 mutatur.
1100 2530 1171 2570 Ego
1188 2540 1268 2562 sane
1283 2539 1447 2571 nusquam
1464 2528 1532 2568 legi
1547 2528 1598 2558 de-
1638 2561 1642 2566 .

893 2579 1017 2612 trahere
1031 2591 1071 2612 ex
1097 2582 1212 2621 aliquo,
1235 2580 1296 2612 sed
1314 2590 1420 2620 saepe,
1434 2577 1597 2609 detrahere

892 2630 998 2662 alicui.
1043 2631 1122 2663 Non
1146 2636 1259 2662 tamen
1273 2629 1456 2661 ciacconio
1479 2626 1597 2658 adsen-

893 2680 973 2720 tior,
1000 2681 1058 2723 qui
1076 2686 1198 2722 postea
1224 2690 1287 2721 pro
1310 2678 1597 2719 impedimentorum

893 2731 1075 2771 legendum
1091 2730 1236 2772 putabat
1250 2729 1474 2768 jumentorum.
1508 2727 1595 2759 Con-

895 2785 965 2814 stat
987 2781 1308 2824 impedimentorum
1335 2779 1471 2811 nomine
1491 2778 1594 2810 etiam
