1818 3131
294 259 827 303 rnss.xq.cAP.26.nn
861 273 1018 304 Becco
1058 275 1286 305 GALLuxr

62 375 138 398 men
155 365 203 398 sic
217 375 331 398 onines
346 365 481 397 codices
492 363 630 395 habent.
665 363 762 395 Grae-

61 428 122 450 cus
138 417 239 450 habet
253 416 349 448 οὐδεὶς
363 415 388 446 δ’
404 415 437 445 ἐν
449 415 489 455 τῇ
503 412 649 454 Γερμανίᾳ
665 413 761 446 ἐστίν.

62 467 203 500 Omittit
220 476 333 498 vocem
346 466 449 504 huius,
487 464 762 505 Dispiciendum‚

59 527 102 548 an
119 522 271 557 tempore
286 514 430 547 caesaris
446 513 555 545 divisa
577 514 762 546 Germania

59 566 171 598 suerit.
201 565 334 597 roseius.
381 564 567 595 Ulterioris
586 564 673 595 illius
688 573 762 604 par-

58 617 113 656 tis,
137 616 178 647 de
195 625 261 656 qua
285 614 437 656 proxime
453 615 586 646 locutus
610 620 662 647 est
689 616 761 646 Cae-

57 673 122 697 sar.
168 665 312 705 Dionys.
361 670 474 696 tamen
522 665 642 697 Vossio
687 666 760 697 liaec

57 715 160 748 verba
187 717 305 748 nescio
336 717 418 758 quid
451 717 612 749 absonum
639 727 761 749 sonare

53 767 227 806 sidentur,
254 771 466 809 quopropter
493 768 645 799 voculam
674 769 762 808 prio-

57 828 129 849 rem
166 818 347 850 delendam
382 824 511 850 censet.
578 819 758 851 Absurde:

57 869 132 909 quis
171 869 259 900 enim
298 868 418 900 credat
465 869 665 909 Germanos,
702 869 760 911 qui

55 928 164 959 prope
193 919 347 951 Rhenum
375 918 541 959 habitant,
566 930 666 961 quum
690 920 760 951 die-

56 977 129 999 rum
152 967 219 999 iter
235 978 281 1000 Lx
301 969 547 1010 processerint,
564 970 605 1001 ad
627 970 761 1001 initium

53 1018 126 1058 ejus
138 1017 231 1049 silvae
249 1028 317 1050 non
335 1018 451 1050 adiise.
476 1019 588 1051 Daris.

98 1071 117 1099 9
138 1069 207 1101 Aut
231 1069 347 1110 adisse]
389 1070 446 1101 Sic
477 1071 559 1101 Mss.
587 1074 623 1101 et
649 1070 759 1102 Editt.

55 1118 152 1151 Vett.
166 1120 321 1161 Scaliger
345 1123 381 1152 et
403 1120 625 1151 Recentiores
641 1130 760 1151 vocem

54 1174 108 1200 aut
126 1169 196 1201 sine
213 1180 317 1202 causa
333 1170 508 1202 omittunt.
530 1171 652 1202 Clarks
681 1171 760 1202 Non

56 1222 190 1251 tantum
201 1221 355 1261 Scaliger
371 1220 484 1252 omisit
496 1225 566 1252 aut:
581 1221 642 1252 sed
655 1222 760 1253 etiam

54 1269 120 1300 alia
135 1269 202 1301 duo
219 1270 327 1302 verba
339 1273 393 1301 aut
409 1271 545 1302 audisse.-
562 1281 637 1312 quae
655 1281 761 1303 rema-

56 1324 139 1350 nent
155 1319 190 1351 in
213 1321 298 1352 Mss.
324 1325 360 1352 et
385 1321 475 1352 Edd.
492 1322 643 1353 eunctis:
669 1323 760 1363 quod

54 1369 158 1400 miror
169 1368 293 1410 fugisse
309 1370 493 1402 Clarkium.
527 1372 644 1403 Vertit
657 1372 760 1403 etiam

56 1419 311 1461 Memphi-astes
328 1419 412 1451 ὅστις
425 1420 445 1457 ἢ
467 1420 607 1460 ἀκοῦσαι,
631 1422 651 1458 ἥ
665 1422 694 1451 τ’
709 1420 762 1453 οὖν

55 1472 153 1511 εὑρεῖν
170 1472 279 1503 ἑαυτὸν
290 1471 327 1502 τὸ
343 1473 398 1503 τοῦ
417 1474 528 1513 δρυμοῦ
542 1473 655 1504 τούτου
669 1473 763 1515 πέρας

53 1521 148 1564 λέγῃ.
180 1524 306 1555 Verum
324 1523 381 1554 ille
400 1527 470 1554 tum
489 1533 555 1555 non
572 1525 685 1564 habet,
706 1529 760 1556 aut

54 1583 110 1613 quo
127 1583 167 1604 ex
183 1574 246 1605 loco
262 1574 392 1614 oriatur,
407 1575 570 1615 acceperit.
596 1575 697 1607 Unde
713 1586 763 1607 sa-

55 1623 98 1654 tis
110 1628 208 1664 patet
224 1624 288 1655 ista
303 1627 356 1654 aut
370 1625 505 1663 audisse,
518 1635 536 1656 e
552 1626 675 1657 Glossa
687 1637 761 1658 esse

55 1679 155 1705 nata:
173 1684 277 1715 quare
290 1680 383 1706 recte
394 1676 545 1706 Faernus
561 1686 601 1707 ea
614 1677 762 1708 delenda

48 1723 233 1763 judicavit,
259 1734 298 1755 ac
327 1724 413 1756 bene
442 1725 570 1757 delevit
595 1728 760 1767 Scaliger,

56 1774 122 1804 nisi
141 1773 232 1816 quod
258 1775 345 1805 male
374 1775 556 1806 secundum
584 1780 640 1807 aut
663 1778 760 1807 simul

55 1825 209 1865 ejecerit.
255 1823 371 1865 Atque
388 1825 437 1856 ita
452 1825 589 1865 egregie
606 1826 760 1857 Andinus

56 1879 93 1906 et
121 1873 326 1906 exoniensis
356 1874 517 1906 omittunt
544 1879 599 1906 aut
625 1877 759 1907 audisse.

57 1923 204 1955 Temere
218 1933 299 1954 vero
312 1924 547 1955 Hotomannus
562 1926 636 1956 vult
650 1926 762 1957 vidisse

54 1973 194 2006 initium.
229 1975 279 2005 Ad
297 1974 392 2006 abest
405 1976 532 2006 aVoss.
549 1985 617 2007 sec.
633 1975 761 2007 Aimoi-

55 2033 114 2065 no,
141 2024 229 2056 Edu.
257 2025 358 2056 Yasc.
390 2025 459 2056 Str.
482 2025 600 2065 steph.
625 2026 759 2066 Grypli.

60 2078 149 2115 post.
177 2075 274 2106 male.
306 2075 433 2106 ‘Adire
458 2075 501 2106 ad
526 2076 681 2116 aliquem’
707 2076 761 2107 vel

58 2124 70 2142 ‘
83 2125 229 2165 aliquem
246 2124 367 2156 locum'
391 2135 481 2166 saepe
503 2135 580 2156 cum
596 2125 668 2156 aliis
685 2135 760 2156 nos-

58 2177 124 2213 ter,
137 2174 192 2214 qui
207 2175 464 2214 praepositiones
477 2176 648 2215 geminare
661 2180 761 2207 amat.

104 2225 144 2254 13
179 2224 341 2254 Memor-ize
372 2225 543 2265 prodenda]
602 2226 760 2257 Leideus.

60 2271 162 2313 prim.
187 2273 348 2313 Scaliger.
373 2278 410 2305 et
433 2274 657 2306 Carrariensis
681 2276 762 2307 dant

61 2322 187 2354 iterum
214 2324 370 2363 memoria,
387 2324 437 2354 uti
466 2334 580 2355 omnes
600 2325 763 2357 exhibent

59 2381 96 2405 v.
109 2376 160 2405 12.
177 2374 186 2391 ‘
198 2374 368 2405 Memoria
384 2374 556 2414 proditum
570 2374 590 2405 :’
606 2375 663 2405 ubi
674 2375 761 2407 vide.

60 2422 183 2464 Inepte
214 2434 294 2454 vero
327 2424 562 2455 Hotomannus
592 2434 694 2465 supra
720 2436 762 2456 ex

60 2471 216 2505 Aimoino
233 2474 374 2514 praefert
386 2474 424 2505 ub
441 2475 512 2505 aliis
528 2480 648 2506 eontra
664 2485 764 2507 cunc-

63 2526 116 2555 tos
132 2524 283 2557 Codices,

107 2583 208 2606 xxvl.
226 2579 242 2606 l
269 2576 327 2606 Est
344 2575 395 2606 bos
410 2576 624 2617 cerrifigurn]
649 2577 762 2608 Nolim

65 2633 140 2654 cum
177 2624 393 2656 Hotomanuo
432 2637 493 2667 pro
539 2627 590 2658 bos
635 2628 763 2658 scribas

66 2672 177 2705 bisons.
235 2675 322 2706 Nam
353 2677 504 2717 quamvis
534 2677 582 2707 illi
615 2677 762 2708 absurda

67 2722 194 2754 locutio
228 2725 362 2756 videtur
396 2729 405 2743 ‘
420 2727 478 2758 bos
509 2727 601 2758 cervi
631 2727 762 2768 1igura,'

65 2771 149 2803 nihil
165 2777 275 2804 tamen
290 2775 344 2806 bic
357 2777 445 2806 novi.
491 2778 682 2818 Receptum
698 2779 763 2809 Ro-

61 2822 170 2854 manis
195 2823 311 2865 ignota
330 2826 498 2868 animalia,
513 2828 541 2859 si
563 2829 690 2869 majora
711 2839 762 2860 es-

1399 264 1514 306 1171

814 370 902 405 sent,
926 366 1014 398 bores
1040 370 1229 410 appellare,
1258 373 1296 401 ut
1319 367 1402 402 satis
1425 368 1514 402 boves

812 416 906 448 Lucae
923 417 1079 450 innuant:
1107 420 1225 460 quibus
1241 419 1322 461 quid
1336 429 1412 452 cnm
1428 420 1513 452 bove

813 467 923 498 simile
949 468 1006 506 sit,
1030 470 1142 500 nullus
1167 470 1313 509 ignorat.
1356 470 1412 502 Sic
1433 479 1514 502 sane

813 522 847 548 et
865 517 953 548 Plin.
970 527 1052 549 vni.
1071 522 1122 550 15.
1145 521 1153 536 ‘
1168 520 1377 552 Paucissima
1392 521 1516 552 anima-

811 567 858 599 lia
878 568 1021 608 Scythia
1048 569 1167 609 gignit,
1195 570 1310 610 inopia
1333 569 1513 603 fruticum:

812 627 921 658 parma
936 618 1150 649 contermina
1164 619 1223 649 illa
1238 620 1420 651 Germania
1433 630 1442 658 ;
1467 620 1517 652 in·

813 667 920 707 signia
938 673 1050 699 tamen
1079 668 1178 699 boum
1202 668 1351 700 ferorum
1376 679 1514 710 genera,

807 717 949 758 jubatos
968 718 1130 758 bisontes,
1147 719 1400 760 excellentique
1422 720 1456 750 vi
1479 724 1516 751 et

812 768 996 799 velocitate
1012 769 1112 807 uros,’
1141 770 1206 800 ὄις.
1251 767 1317 798 Sed
1342 768 1516 800 Gesnerns

812 827 878 849 non
896 818 1060 849 bisontem
1087 818 1141 849 hic
1167 827 1187 848 a
1211 818 1342 849 Caesare
1366 817 1518 858 descrip-

813 873 883 900 tum
900 873 1012 909 putat,
1027 879 1142 900 verum
1160 868 1379 909 rangiferum.
1424 868 1515 900 Sane

812 925 942 950 caetera
968 919 1069 950 facile
1096 919 1161 950 huc
1190 919 1363 959 aptaveris
1388 919 1514 957 verba3

813 969 855 1000 de
873 969 1032 1000 cornibus
1055 969 1146 1000 nullo
1170 969 1281 1000 modo.
1330 968 1514 1010 Rangifero

812 1024 864 1051 est
880 1020 1005 1060 triplex
1022 1029 1128 1050 cornu
1154 1029 1259 1060 prope
1278 1019 1319 1049 ad
1346 1019 1432 1050 hanc
1447 1018 1516 1050 for-

995 1078 1096 1099 mam.
1143 1069 1259 1099 Caesar
1280 1069 1328 1099 ait
1343 1069 1420 1099 hinc
1437 1068 1516 1099 bovi

858 1094 948 1193 ψ
996 1128 1069 1149 esse
1085 1128 1190 1150 cornu
1214 1129 1315 1149 unum
1332 1119 1514 1158 excelsius,

995 1173 1032 1199 et
1047 1169 1153 1209 magis
1167 1168 1335 1199 directum
1349 1169 1428 1208 illis,
1439 1178 1514 1209 quae

810 1218 955 1249 Romani
969 1224 1148 1259 noverant,
1165 1219 1341 1257 cornibus;
1360 1219 1440 1250 dein
1457 1219 1515 1250 ad-

811 1269 875 1308 dit,
896 1269 938 1300 ab
953 1269 1025 1310 ejus
1042 1280 1170 1300 summo
1188 1270 1276 1301 sicut
1293 1270 1414 1310 palmae
1431 1270 1516 1300 rami

812 1330 911 1360 quam
937 1320 1006 1351 late
1031 1319 1278 1351 diffunduntur.
1325 1321 1437 1362 Igitur
1458 1331 1515 1353 ne·

812 1369 959 1400 cessario
975 1378 1076 1400 unum
1092 1370 1200 1409 primo
1213 1380 1316 1401 cornu
1333 1370 1517 1412 directum,

812 1423 933 1458 postea
956 1419 989 1449 in
1014 1428 1124 1450 ramos
1139 1419 1342 1451 diffunditur
1357 1421 1419 1452 hoc
1446 1431 1515 1453 rno-

813 1468 855 1499 do
871 1479 879 1506 ;
903 1469 992 1509 quod
1010 1469 1177 1510 quomodo
1193 1469 1235 1500 de
1253 1470 1422 1511 rangifero
1446 1472 1516 1503 dici

1006 1520 1125 1559 possit,
1143 1521 1236 1551 nulla
1253 1522 1384 1552 ratione
1402 1522 1515 1554 video.

1005 1569 1041 1600 Si
1054 1568 1234 1609 bisontem‚
1247 1578 1285 1601 ut
1297 1572 1354 1601 alii
1366 1572 1514 1611 voluere,

1005 1619 1059 1650 hic
1077 1629 1096 1650 a
1113 1620 1248 1651 Caesare
1266 1621 1437 1661 designari
1454 1632 1515 1663 pu-

1006 1676 1069 1709 tes,
1092 1670 1207 1701 obstat
1234 1671 1323 1711 quod
1353 1672 1435 1702 niliil
1458 1672 1513 1704 hic

812 1720 954 1760 dejubis
971 1721 1087 1752 Caesar
1102 1720 1208 1760 addit,
1226 1731 1307 1763 quas
1324 1732 1440 1753 omnes
1460 1733 1517 1754 ve-

812 1775 901 1802 teres
932 1777 1131 1802 memorant.
1186 1772 1231 1802 Et
1259 1772 1438 1812 Oppianus
1469 1773 1513 1804 de

810 1822 934 1852 Venat.
951 1822 972 1852 l.
995 1831 1034 1853 11.
1051 1822 1118 1852 ait:
1144 1821 1315 1861 Φρικαλέην
1330 1822 1444 1860 χαίτην
1457 1823 1514 1861 μὲν

811 1870 970 1909 ἐπωμαδὸν
1001 1870 1215 1903 αἷθύσσουσινε
1254 1873 1437 1904 Terribilem
1466 1884 1515 1904 co-

810 1931 891 1953 mam
905 1932 997 1963 super
1010 1932 1111 1953 armos
1126 1923 1280 1962 quatiunt.
1316 1922 1361 1953 At
1380 1933 1514 1954 rursum

811 1982 885 2013 quae
903 1973 945 2003 de
969 1974 1130 2004 cornibus
1152 1973 1293 2004 bisontis
1316 1974 1420 2005 tradit
1444 1974 1515 2015 Op-

812 2023 944 2063 pianus,
962 2023 1016 2054 vix
1043 2023 1183 2062 dixeris,
1201 2034 1299 2065 quam
1325 2031 1515 2065 congruant

812 2082 887 2103 cum
912 2073 1056 2104 Caesaris
1074 2073 1199 2113 verbis,
1223 2084 1297 2115 quae
1322 2075 1377 2106 hic
1400 2076 1516 2116 legun-

812 2126 878 2161 tur,
894 2132 969 2153 nam
986 2123 1047 2162 ait,
1060 2123 1172 2162 Ὀξεῖαι
1187 2123 1303 2163 κεράων
1313 2123 1346 2155 δὲ
1361 2131 1516 2165 πυριγλω-

811 2173 898 2211 χῒνες
909 2173 1023 2203 ἀκωκαὶ
1037 2173 1200 2205 Χαλκείοις
1212 2176 1420 2213 ynam-rofam
1435 2175 1516 2206 ἐπεί-

811 2229 896 2254 κελοι
913 2223 1142 2265 ἀγκίστροισινε
1161 2227 1272 2256 Acuta>
1287 2229 1357 2256 sunt
1371 2236 1516 2257 cornuum

811 2277 842 2304 et
861 2275 1002 2315 flunzmae
1030 2276 1132 2315 specie
1161 2276 1345 2306 acuminata?
1375 2277 1517 2316 cuspides

812 2325 924 2356 AEneis
949 2330 979 2357 et
1006 2327 1133 2367 reflectis
1146 2327 1262 2357 similes
1278 2326 1388 2357 hamis.
1434 2327 1518 2358 Pro-

811 2374 902 2407 fecto
919 2386 984 2408 non
1008 2383 1145 2418 poterat
1171 2377 1378 2408 commodius
1404 2377 1516 2417 expri-

811 2435 903 2456 mere
916 2432 1062 2458 mentem
1076 2428 1234 2466 Caesaris,
1247 2427 1381 2468 quando
1394 2427 1516 2468 inquit,

812 2476 821 2492 ‘
836 2485 964 2507 cornua
978 2476 1020 2507 ab
1037 2478 1108 2518 ejus
1133 2487 1260 2508 summo
1283 2477 1371 2508 sicut
1392 2478 1514 2517 palmae

813 2526 895 2557 rami
913 2537 1012 2568 quam
1038 2528 1106 2559 late
1124 2527 1378 2559 diffunduntur?
1425 2526 1514 2557 Nam

813 2577 933 2615 palma!
958 2577 1039 2608 folia
1066 2584 1143 2609 snut
1171 2578 1316 2609 ἐπείκελα
1343 2578 1515 2616 γναμπτοῖς

812 2625 999 2666 ἀγκίστροις.
1045 2629 1098 2660 (lb
1128 2629 1201 2659 haec
1231 2638 1294 2668 ego
1322 2633 1435 2658 statuo
1461 2626 1514 2656 vel

813 2677 945 2708 diversa
976 2678 1156 2709 bisontium
1187 2687 1308 2715 genera
1341 2676 1514 2707 veteribus

812 2726 929 2767 fuisse,
952 2734 988 2759 et
1013 2729 1112 2759 aliam
1140 2728 1290 2768 speciem
1323 2737 1342 2757 a
1369 2727 1515 2766 Caesare,

813 2778 912 2809 aliam
929 2789 948 2809 a
972 2779 1085 2809 Plinio
1102 2778 1251 2809 describi
1265 2781 1368 2817 atque
1387 2776 1516 2817 Oppia-

812 2838 876 2859 no:
900 2830 954 2859 vel
968 2829 1090 2860 animal
1105 2829 1182 2868 hoc,
1193 2828 1236 2859 de
1251 2837 1317 2868 quo
1333 2828 1448 2860 Caesar
1457 2827 1512 2859 hic
