1818 3131
168 191 280 233 1356

168 307 276 338 Dorv.
306 311 341 338 ot
370 306 456 338 Edd.
488 307 582 338 Med.
613 307 700 337 Ven.
748 306 870 344 Injuria

170 356 351 397 adscripsit
368 365 502 397 quoqne
527 356 671 396 Lipsius.
716 355 765 386 At
789 356 870 386 nihil

170 411 275 437 muto.
332 406 388 436 Sic
418 415 510 445 saepe
540 416 599 445 qua
627 416 660 436 re
691 411 725 436 et
752 406 810 437 tati
836 416 869 436 re

171 456 313 496 aliaque.
359 455 485 486 Forsan
501 456 532 486 in
557 466 617 496 per
639 457 869 496 pleonasinum

170 506 202 536 in
219 505 466 544 significatione
490 506 546 536 τοῦ
557 516 616 546 per
638 505 775 536 defendi
795 516 868 546 pos·

170 560 221 585 set
238 564 281 585 ex
306 555 432 585 notatis
447 555 488 585 ad
514 556 552 586 B.
570 556 611 586 G.
636 565 689 587 ιιι.
707 559 737 586 3.
763 559 868 596 ‘pr-‹r›-

170 610 260 635 stare
278 605 310 635 in
327 605 423 636 arte.'
471 606 548 637 Huc
574 605 658 637 facit
678 607 777 637 etiam
802 606 867 636 Te-

168 660 254 687 rent.
279 655 367 687 And.
392 665 415 687 ι.
435 660 460 687 1.
477 660 530 688 67.
555 658 563 674 ‘
579 658 699 697 Neque
725 666 869 687 commo-

168 710 265 736 vetur
281 706 410 737 animus
429 707 462 738 in
479 717 518 737 ea
535 717 570 737 re
585 707 720 737 tamen.’
755 708 869 736 Consu-

169 766 252 786 mere
281 757 313 786 in
344 767 380 787 ea
410 767 443 788 re
476 761 596 797 tempus
623 767 712 796 saepe
745 762 868 786 noster.

168 805 284 847 Atque
315 806 364 837 ita
393 807 647 838 rescribendum
677 806 708 835 in
742 806 868 845 Nepot.

166 857 283 889 Tliem.
306 868 334 889 c.
350 861 381 889 7.
406 860 415 876 ‘
431 868 574 898 eumque
592 859 624 887 in
639 867 680 887 ea
696 867 731 887 re
755 858 869 888 conari

168 906 312 938 fallere!
370 908 425 937 Sic
456 908 538 938 Mss.
572 908 672 947 vulgo
703 907 799 937 deest
827 907 869 938 in.

168 957 256 987 Vide
280 962 323 1002 et.
341 967 372 988 c.
403 960 455 988 84.
479 959 488 974 ‘
503 967 569 998 qua
588 958 619 988 in
637 958 696 987 re.'
742 958 780 988 B.
799 958 869 989 Civ.

168 1016 223 1037 111.
243 1010 315 1038 106.
339 1007 399 1037 ‘In
424 1008 486 1038 hoc
512 1008 725 1048 majestatem
743 1009 869 1049 regiam

169 1057 271 1088 minui
302 1058 534 1098 pra-dicabat!
568 1059 609 1088 B.
632 1058 737 1090 Asu-ic.
763 1069 792 1089 c.
816 1062 871 1089 51.

165 1108 174 1123 ⁴
190 1107 229 1137 In
247 1108 309 1138 hae
327 1109 456 1139 ratione
474 1118 557 1149 opus
576 1109 791 1149 instruebat‚'
815 1110 871 1140 ha-

168 1157 226 1189 bet
246 1159 341 1189 Leid.
358 1169 407 1198 pr.

213 1212 253 1239 16
278 1209 315 1239 In
331 1209 505 1240 libertatem
521 1210 707 1250 vindicaret]
729 1210 871 1240 Notissi-

169 1268 223 1289 ma
240 1263 273 1289 et
288 1259 385 1290 obvia
402 1260 472 1290 haec
497 1265 549 1290 est
571 1260 707 1291 locutio.
755 1261 872 1300 Nepos

169 1308 201 1338 in
222 1308 343 1339 Thras.
370 1319 398 1339 c.
424 1312 454 1338 1.
479 1312 487 1325 ‘
506 1311 648 1348 patriam
678 1319 696 1339 a
720 1311 871 1348 tyrannis

167 1358 363 1397 obpressum
388 1367 406 1388 e
432 1359 598 1388 servitute
625 1359 656 1388 in
679 1359 871 1389 libertatem

169 1407 384 1437 vindicaret!
431 1406 530 1437 Adde
547 1408 641 1437 Cort.
668 1407 709 1437 ad
733 1408 871 1440 Sallust.

170 1456 209 1486 B.
228 1457 300 1486 Cat.
325 1466 354 1486 c.
368 1459 421 1486 20.
446 1458 454 1473 ‘
473 1457 537 1487 nisi
555 1458 750 1497 nosmetipsi
768 1458 874 1488 vindi-

168 1516 282 1537 camus
308 1507 340 1537 in
367 1506 590 1538 libertatem.'
635 1507 743 1538 Immo
758 1513 874 1539 noster

167 1557 238 1596 ipse
270 1566 309 1588 ιι.
342 1560 393 1588 21.
417 1559 425 1574 ‘
444 1567 584 1598 seseque
615 1559 648 1588 in
678 1559 872 1591 libertatem

168 1607 420 1638 vindi‹·assent.’
486 1609 644 1639 Meretur
675 1614 786 1640 tamen
818 1611 873 1640 ad-

168 1657 368 1697 tentionem‚
396 1658 485 1699 quod
514 1659 683 1699 reperitur
707 1660 739 1689 in
764 1661 872 1701 Bong.

170 1708 263 1740 Leid.
280 1719 348 1740 sec.
366 1716 401 1740 et
416 1711 515 1741 Voss.
535 1710 672 1741 libertati
689 1710 872 1742 vindicaret.

170 1760 270 1793 Quod
289 1761 464 1801 exregium
490 1771 564 1792 esse
591 1761 771 1791 videbatur
788 1762 875 1792 Gru-

169 1815 255 1841 tero.
303 1812 406 1842 Certe
421 1811 544 1841 bonum
563 1820 695 1842 sensum
713 1811 873 1842 admittit.

173 1861 338 1892 vindicare
361 1862 498 1892 libertati
521 1866 572 1892 est
589 1862 771 1892 restituere
790 1861 821 1891 in
839 1861 874 1891 li-

170 1911 349 1949 bertatem,
366 1911 461 1951 cujus
479 1911 618 1951 propria
640 1916 714 1940 erat
737 1910 875 1950 respub-

169 1961 247 1999 lica,
280 1961 418 2001 ejusque
448 1961 550 1991 cives.
612 1960 733 1990 venei.
767 1969 790 1990 1.
822 1963 872 1990 13.

169 2011 178 2027 ‘
198 2011 363 2041 Mummio
385 2020 570 2049 cognomen
589 2010 715 2040 virtute
740 2016 874 2049 partum

170 2060 356 2091 vindicavit
382 2060 401 2089 :'
447 2060 616 2099 Adposite
655 2059 775 2089 Cicero
813 2069 874 2099 pro

171 2110 278 2141 Marc.
297 2120 325 2141 c.
343 2112 374 2140 2.
399 2111 407 2126 ‘
428 2110 611 2140 Maximam
629 2118 708 2139 vero
734 2114 876 2148 partem,

172 2160 264 2201 quasi
288 2170 347 2190 suo
369 2159 448 2199 jure
467 2159 616 2189 Fortuna
631 2159 694 2189 sibi
712 2159 876 2198 vindicat,

170 2216 204 2241 et
238 2219 333 2250 poene
367 2219 464 2240 omne
492 2209 588 2240 ducit
616 2209 735 2240 suuni.'
788 2209 875 2240 vide

171 2259 272 2290 ctiam
302 2260 352 2292 Cl.
376 2260 492 2289 Burm.
519 2259 561 2289 ad
587 2259 709 2289 Vellei.
736 2268 775 2289 ιι.
803 2262 874 2289 100.

170 2316 178 2326 ⁴
199 2309 372 2350 Quidquid
400 2309 535 2346 liberet,
559 2319 620 2349 pro
648 2308 743 2339 licito
773 2309 876 2339 xindi-

170 2361 272 2391 cans!
329 2362 436 2399 Supra
464 2370 492 2390 c.
521 2362 570 2389 14.
595 2359 805 2399 ‘productos
837 2360 872 2389 li—

172 2410 297 2440 bertati
315 2409 514 2446 confirmat‚’
544 2418 627 2439 unus
645 2414 775 2447 contra,
792 2409 823 2438 in
839 2410 875 2439 tz'-

171 2460 319 2491 bertatem
334 2470 342 2493 .·
364 2459 423 2489 sed
447 2459 492 2490 ibi
509 2459 666 2489 libertatis
682 2459 873 2498 legendum.

214 2514 254 2541 18
277 2511 330 2541 Aa
353 2519 491 2549 suumpse
516 2509 644 2548 solatio]
687 2509 741 2539 Sic
768 2509 875 2539 edidit

170 2560 242 2593 JOS.
259 2560 423 2600 Scaliger,
441 2569 516 2589 cum
545 2559 578 2589 in
607 2559 761 2589 omnibus
791 2560 873 2590 Mss.

171 2616 206 2641 et
235 2609 424 2650 antiquitus
455 2608 544 2639 cusis
568 2609 700 2648 legatur
727 2610 765 2638 ml
788 2619 875 2639 sicam

170 2669 265 2700 spem,
283 2659 370 2689 unde
384 2659 460 2689 Pet.
480 2658 683 2689 Ciacconius
701 2659 875 2699 rescripsit

171 2711 210 2739 ud
222 2718 305 2739 suam
318 2708 382 2749 spei
393 2712 421 2738 et
435 2708 554 2739 solatio.
592 2709 800 2749 ConJecerim
817 2719 874 2749 po-

172 2759 238 2789 tius
253 2760 294 2789 ad
311 2769 374 2789 succ
389 2767 473 2798 spem
487 2759 609 2789 solatio.
655 2760 765 2790 Daris
824 2760 875 2790 Ad

175 2819 242 2840 ,ευ-«ε
256 2819 351 2850 spem
362 2810 482 2840 solatio.
506 2809 560 2841 lta
573 2809 748 2851 ingeniose
765 2820 878 2841 emen-

635 203 775 233 NOTAE
808 202 1070 234 VARIORUM
1110 205 1158 233 ΙΝ

920 299 1013 330 davit
1034 299 1202 330 Davisius.
1248 300 1330 330 Mss.
1348 303 1382 329 et
1400 298 1507 329 Editt.
1525 299 1626 330 Vett:

919 350 959 380 ad
989 360 1082 381 suam
1115 360 1209 390 spem
1238 349 1358 380 solatio.
1418 349 1517 382 Quod
1549 348 1620 379 sere

920 399 1007 430 idem
1025 405 1086 430 est.
1138 399 1290 435 Scaliger
1317 404 1352 429 et
1377 399 1621 436 nocentiorem

919 451 959 480 at!
975 460 1127 490 suanipse
1141 450 1260 480 solatio.
1317 452 1402 482 Qnae
1431 459 1494 479 vox
1523 449 1621 480 valde

920 502 1119 532 inconcinna
1135 506 1200 540 est,
1222 506 1257 530 et
1276 510 1294 530 a
1312 500 1456 531 Caesaris
1473 499 1622 529 dictione

921 552 1042 582 aliena.
1083 552 1191 582 t'lurlr.
1250 550 1346 581 Suam
1375 560 1456 590 spem
1486 550 1523 587 (i.
1555 557 1621 590 quo

921 602 985 641 ipsi
1003 606 1154 640 sperent,
1171 601 1303 631 scilicet
1319 602 1362 632 dc
1379 602 1502 633 saluto)
1527 608 1622 630 revo-

921 652 1007 689 cavi,
1045 650 1238 682 auctoribus
1276 651 1358 682 Mss.
1395 651 1548 681 omnibns
1586 655 1622 681 et

922 702 1008 733 Edd.
1033 707 1111 732 ante
1134 702 1259 739 Sculig.
1287 701 1377 741 quod
1406 702 1530 731 mutari
1554 705 1620 731 non

921 752 1047 783 debuit.
1092 753 1252 792 Alioquin
1273 752 1439 782 arrideret
1454 752 1532 782 mibi
1555 761 1623 783 ma—

921 803 971 842 gis
987 802 1162 833 (Yiacconii
1179 802 1388 842 conjectura.

967 856 1005 884 19
1033 854 1074 884 Ut
1098 863 1161 883 suae
1184 853 1258 883 ritae
1281 852 1389 883 ‹tm-ius
1410 853 1563 883 consulere
1578 861 1624 882 co-

919 904 1051 944 gantur]
1088 903 1287 934 ciacconius
1304 907 1499 941 reposuerat
1520 911 1625 933 οοηειι-

921 954 984 983 lere
1009 954 1155 992 cogitent.
1211 954 1283 993 Ego
1311 953 1479 992 vulgatam
1506 952 1622 983 lectio-

923 1013 999 1034 nem
1016 1004 1174 1044 praet'ero,
1202 1014 1277 1044 quae
1304 1001 1533 1042 ἐμφατικωτέρη
1561 1007 1623 1033 est.

926 1055 1012 1085 Nam
1030 1054 1120 1095 quod
1139 1054 1186 1085 ait
1203 1054 1320 1085 Caesar
1335 1056 1496 1092 cogantur,
1523 1052 1625 1092 respiss

923 1106 970 1136 cit
987 1106 1028 1136 ad
1055 1114 1095 1135 ea
1120 1105 1233 1143 verba,
1257 1106 1332 1135 adeo
1356 1114 1420 1134 esse
1442 1104 1626 1144 perterritus

923 1155 1090 1185 nmmullos.
1147 1154 1268 1193 Itaque
1296 1159 1405 1184 motus
1431 1164 1487 1183 eos
1514 1153 1626 1188 adige-

925 1205 994 1235 bat.
1024 1204 1152 1234 sossius.
1208 1204 1364 1234 sonentur
1377 1204 1522 1243 conjecit
1537 1203 1625 1234 Gru-

925 1261 1037 1293 terus;
1071 1255 1130 1285 sed
1149 1253 1284 1285 frustra.
1339 1254 1427 1284 Vide
1453 1254 1493 1284 ad
1520 1254 1558 1284 B.
1578 1254 1622 1285 G.

924 1315 973 1336 w.
1005 1310 1035 1336 5.
1072 1307 1081 1322 ‘
1103 1306 1155 1336 Ne
1191 1304 1371 1344 desperata
1405 1304 1513 1334 salute.
1548 1313 1624 1334 cum

922 1355 1186 1386 Transrhenanis
1201 1354 1362 1393 congredi
1379 1352 1584 1390 cogeretur?

968 1415 1075 1437 xxiii.
1091 1409 1105 1436 l
1129 1405 1189 1436 Ubi
1203 1403 1333 1443 inluxit]
1356 1404 1454 1444 Sa>pe
1472 1402 1624 1434 adhiberi

923 1457 1115 1487 videashoc
1139 1457 1377 1496 compositum,
1403 1465 1505 1496 quum
1530 1460 1626 1485 notat

925 1508 1022 1538 triste
1051 1507 1103 1539 vel
1134 1508 1249 1538 laetum
1275 1506 1365 1547 quid,
1389 1505 1480 1547 quod
1504 1506 1531 1535 is
1555 1505 1626 1536 dies

925 1557 1072 1589 advehit.
1111 1558 1200 1588 Vide
1217 1557 1348 1588 Ciot'an.
1365 1556 1407 1587 ad
1423 1556 1524 1586 Ovid.
1540 1556 1626 1586 Met.

925 1617 991 1638 vu.
1007 1610 1081 1639 430.
1105 1609 1113 1624 ‘
1133 1608 1253 1639 Nullus
1280 1607 1491 1638 Erechthidis
1516 1605 1626 1636 fertur

925 1657 1130 1688 celebratior
1148 1657 1204 1687 illo
1218 1656 1383 1687 Inluxisse
1400 1654 1494 1686 dies!
1531 1655 1626 1686 Cice-

925 1716 962 1738 ro
979 1717 1039 1748 pro
1060 1707 1189 1738 Milone
1216 1716 1244 1737 c.
1261 1709 1313 1737 26.
1338 1709 1346 1723 ⁸
1365 1705 1454 1736 Illud
1472 1703 1626 1745 profecto

926 1763 1059 1798 tempus
1086 1763 1121 1788 et
1146 1757 1335 1788 inlucescet
1365 1755 1547 1797 aliquando
1569 1755 1627 1785 ille

925 1808 1020 1846 dies‚'
1044 1810 1106 1839 διο.
1151 1806 1291 1839 Sueten.
1308 1808 1396 1838 Caes.
1420 1816 1449 1838 c.
1473 1808 1525 1837 81.
1549 1806 1558 1822 ‘
1577 1805 1627 1836 Ea

927 1868 1006 1889 vero
1023 1863 1136 1897 nocte,
1161 1858 1216 1889 cui
1243 1858 1367 1888 inluxit
1394 1856 1465 1886 dies
1489 1855 1592 1886 caedis
1608 1858 1629 1893 ;'

926 1909 1101 1939 sedetiam
1128 1908 1160 1938 in
1188 1907 1331 1947 simplici
1360 1906 1519 1937 naturalis
1543 1906 1626 1936 lucis

924 1957 1073 1988 adventu
1089 1957 1281 1988 adhibuisse
1299 1963 1454 1987 auctores
1471 1965 1533 1995 pro
1561 1955 1626 1995 pri-

926 2018 974 2038 ma
1004 2009 1068 2039 luce
1094 2013 1225 2039 certum
1253 2013 1315 2038 ost.
1377 2007 1482 2037 Immo
1511 2006 1626 2037 Livius

927 2058 1110 2097 saepissime
1138 2058 1186 2088 ait
1214 2058 1265 2088 ubi
1293 2057 1420 2088 inluxit.
1477 2055 1546 2086 Adi
1576 2056 1627 2087 Cl.

926 2109 1104 2140 Drakenb.
1136 2109 1177 2139 ad
1214 2118 1254 2139 ιι.
1277 2111 1308 2139 7.
1346 2109 1550 2148 ‘postquam
1580 2107 1627 2137 in-

926 2159 1035 2190 luxitf
1097 2159 1323 2190 Nihilominus
1354 2157 1512 2199 praesero,
1537 2158 1626 2199 quod

925 2215 976 2239 est
1014 2209 1046 2239 in
1084 2209 1321 2240 vetustissimis
1362 2209 1462 2240 Mstis
1506 2209 1627 2239 Petav.

925 2258 1020 2289 Lcid.
1039 2268 1088 2298 pr.
1110 2259 1237 2289 Lovan.
1254 2258 1305 2289 ubi
1318 2259 1421 2288 lusit.-
1443 2257 1534 2299 quod
1550 2267 1627 2288 cum

925 2308 1032 2339 rarius
1050 2313 1149 2347 esset,
1163 2312 1335 2339 mutarunt
1350 2307 1487 2338 librarii.
1516 2308 1628 2338 Plaut.

926 2359 1000 2389 Mil.
1031 2359 1126 2389 Glor.
1154 2367 1209 2390 ιιι.
1236 2361 1266 2390 1.
1292 2361 1363 2389 115.
1395 2359 1404 2374 ‘
1424 2357 1626 2398 Priusquam

925 2409 1029 2448 lucet,
1047 2409 1180 2447 adsunt,
1196 2409 1358 2448 rogitant,
1373 2413 1475 2438 noctu
1491 2412 1528 2439 ut
1544 2417 1628 2438 som-

925 2470 1002 2490 num
1038 2459 1211 2500 ceperim!
1271 2460 1392 2490 (Lici-ro
1431 2467 1491 2497 pro
1529 2457 1626 2487 ROsc.

925 2509 1039 2541 Ainer.
1068 2520 1097 2541 c.
1126 2513 1177 2540 34.
1210 2511 1219 2526 ⁶
1237 2509 1380 2540 Occisus
1407 2513 1458 2538 est
1486 2516 1504 2537 a
1529 2515 1625 2537 coena

925 2561 1079 2591 rediens:
1106 2560 1250 2591 nonduin
1266 2558 1415 2596 lucebat,
1433 2566 1508 2587 cum
1525 2556 1626 2587 Ame-

925 2611 981 2641 riae
1000 2612 1121 2642 scitum
1140 2610 1213 2641 est!

967 2665 984 2693 3
1013 2663 1113 2692 Erant
1130 2659 1286 2691 Senatorii
1300 2657 1432 2697 ordinis]
1467 2656 1506 2687 In
1524 2656 1628 2686 omni-

925 2712 985 2743 bus
1004 2712 1102 2742 Mstis
1121 2710 1266 2750 reperio,
1290 2711 1378 2739 erant
1402 2708 1627 2747 quinquaginta

923 2762 1057 2792 oraim—s.
1104 2759 1242 2796 Nescio,
1266 2757 1346 2798 quid
1374 2757 1438 2787 sibi
1461 2767 1501 2786 ea
1525 2756 1627 2787 verba

924 2812 1042 2851 velint,
1059 2815 1118 2841 aut
1134 2808 1221 2841 unde
1236 2807 1447 2848 irrepserint.
1498 2807 1625 2837 Vossius.
