1818 3131
339 208 429 238 mn.
463 209 567 239 vm.
599 205 704 238 mr.
735 198 804 239 32.
838 209 900 240 DE
936 209 1089 241 nunno
1121 211 1350 241 GALLtCO.

119 309 200 342 Mss.
218 310 258 342 B.
275 319 324 351 pr.
339 311 476 343 secund.
495 315 574 342 tert.
591 310 668 341 Pet.
685 309 758 340 Pal.
776 319 810 340 v.

116 370 146 390 e.
186 366 221 392 et
262 363 327 392 Ms.
356 367 481 393 noster.
542 360 671 391 Vossius.
727 361 812 390 Cum

115 411 225 442 Voss-ii
241 412 323 442 Mss.
342 411 470 442 faciunt
490 411 627 441 Norvic.
653 419 692 440 ac
711 410 811 440 editt.

116 461 211 492 Rom.
230 462 313 492 Van.
335 461 492 492 Beroald.
539 461 648 490 Daris.
697 461 745 490 Ne
767 460 809 490 de

111 511 220 542 timore
248 516 302 542 aut
329 512 522 550 detrimento,
545 512 596 550 &a
643 510 811 541 Emendat

113 560 256 600 Dionys.
273 561 410 592 Vossius
423 570 463 591 ex
477 561 558 591 Mss.
576 570 611 591 ne
627 561 810 591 detrimento

110 614 164 641 aut
187 611 308 651 timore,
328 612 380 650 &a
427 612 580 644 Quocum
605 610 717 642 facere
742 612 808 643 Ms.

110 659 238 691 Eliens.
261 664 296 691 et
320 661 428 691 Editt.
447 664 532 691 vett.
550 664 691 691 annotat
707 661 810 691 Davi-

110 709 187 740 sius.
228 709 295 742 Ms.
314 711 395 750 neg.
413 710 537 749 liabet3
560 721 598 742 ne
620 711 730 741 timore
755 714 809 742 aut

109 759 303 798 detrimento,
325 761 377 798 ξε.
426 760 532 791 Clark.
588 761 671 791 Cum
689 761 808 791 Vossio

109 817 191 839 cave
222 819 262 840 ne
296 808 410 839 deleas
441 810 500 845 de:
530 810 612 840 lieet
637 810 719 840 Mss.
743 811 808 840 mei

108 858 181 890 sine
206 861 243 890 de
272 860 417 891 habeant
444 861 497 891 vel
521 861 631 891 timore
654 865 713 892 aut
727 862 806 893 detr.

108 909 161 938 vel
176 909 358 940 detrimento
372 913 426 940 aut
441 910 566 949 timore,
581 914 619 941 ut
637 915 688 941 est
706 910 738 940 in
753 920 807 941 ve-

107 959 310 998 tustissimis,
357 961 438 991 item
476 960 563 991 Edd.
603 961 702 992 Vasc.
740 961 806 993 Str.

106 1008 224 1048 steph.
242 1009 395 1050 aliisque,
414 1009 626 1040 adsentiente
642 1010 804 1041 Grutero.

107 1057 194 1088 Nam
211 1059 248 1088 de
264 1064 401 1090 servant
417 1059 506 1090 And.
525 1065 560 1089 et
584 1059 696 1090 Oxon.
715 1060 804 1100 quod

105 1108 234 1139 excidit
264 1118 325 1148 per
360 1119 429 1149 seq.
462 1119 577 1140 vocem
606 1109 802 1140 detrimento.

105 1156 191 1189 Vide
215 1158 257 1189 ad
284 1167 313 1190 c.
328 1161 381 1189 24.
418 1160 426 1176 ‘
443 1159 699 1190 Incommodum
716 1159 804 1191 acci-

103 1207 155 1239 dit
170 1207 212 1239 de
227 1207 440 1240 incursione!

146 1265 253 1289 xxxi.
270 1261 288 1289 3
316 1258 429 1299 Copias
451 1267 513 1290 esse
534 1258 649 1290 accitas
674 1258 803 1300 sciebat]

102 1307 221 1338 ,lzaectas
246 1308 367 1339 Petav.
390 1310 503 1339 occisas
523 1309 563 1339 B.
588 1318 656 1339 sec.
683 1313 719 1339 et
734 1309 802 1339 ΜΞ.

104 1361 237 1389 noster:
276 1358 392 1388 accisas
422 1368 473 1397 pr.
527 1358 580 1388 Sic
618 1361 653 1387 et
695 1357 801 1388 Norv.

104 1406 190 1438 Quae
207 1406 353 1446 genuina
370 1407 487 1446 lectio,
512 1410 548 1437 et
563 1406 609 1437 sic
628 1406 800 1438 rescribo:

104 1464 180 1485 nam
201 1455 314 1486 subdit
329 1454 476 1494 Hirtius,
499 1455 508 1472 ‘
527 1465 593 1486 non
611 1455 801 1496 dubitabat,

102 1505 184 1545 quin
201 1505 331 1535 recenti
352 1505 547 1537 calamitate
571 1506 801 1538 submissiores

102 1559 215 1586 essent
234 1554 381 1587 futur-aen
423 1555 559 1587 Vossius.
603 1556 687 1588 Quis
705 1555 800 1587 dubi-

102 1610 175 1637 tare
204 1607 311 1647 possit
339 1606 381 1637 de
412 1606 507 1647 hujus
533 1607 689 1638 lectionis
713 1608 800 1638 veri-

102 1657 196 1688 tate?
222 1657 349 1688 Merito
372 1667 452 1697 ergo
476 1658 605 1697 placuit
622 1658 694 1698 jam
712 1658 799 1689 Gru-

101 1711 189 1746 tero,
211 1711 247 1737 et
274 1707 309 1737 iu
326 1711 456 1738 textum
475 1707 603 1747 recepit
621 1708 798 1745 Clarkius;

100 1756 286 1797 immojam
302 1757 381 1788 olim
398 1758 437 1788 R.
449 1757 640 1797 Stephanus
656 1769 663 1788 :
688 1759 800 1789 occisas

100 1811 152 1839 est
168 1817 301 1849 quoque
325 1808 358 1838 in
375 1808 472 1848 Egm.
497 1809 623 1839 Lovan.
648 1818 687 1839 ac
702 1809 797 1840 Leid.

99 1861 180 1888 tert.
196 1862 233 1888 et
255 1857 318 1889 Ed.
339 1857 411 1889 Ine.
428 1857 488 1888 sed
504 1859 617 1889 ascitas
632 1858 727 1890 Leid.
746 1869 797 1900 pr.

99 1908 230 1939 Accesas
258 1908 291 1938 in
316 1908 413 1939 Voss.
454 1918 521 1940 sec.
558 1909 659 1940 immo
684 1909 799 1940 accisas

97 1950 350 2000 Scalsquoque,
373 1959 471 1990 Voss.
488 1969 539 2000 pr.
558 1963 638 1991 tert.
661 1963 697 1991 et
713 1959 798 1991 Got-

100 2014 186 2049 torp.
218 2009 349 2040 Crebro
365 2009 475 2050 accidi,
489 2019 550 2049 res,
562 2019 642 2050 opes,
657 2014 694 2041 et
708 2010 797 2040 simi-

99 2059 144 2089 lia
158 2058 330 2097 dicuntur,
347 2069 421 2100 quae
435 2060 600 2090 inminuta
614 2064 703 2091 sunt.
740 2060 797 2090 De

99 2109 195 2149 copiis
216 2109 332 2140 Livius
349 2119 414 2141 vu.
431 2113 485 2140 29.
509 2111 518 2127 ‘
537 2110 658 2141 robore
675 2110 796 2151 juven-

99 2158 182 2189 tutis
200 2158 335 2190 acciso!
381 2159 488 2189 Plura
511 2159 590 2191 vide
613 2160 657 2190 ad
678 2160 796 2191 Silium

99 2209 178 2240 Ital.
207 2209 230 2240 l.
254 2218 294 2239 11.
312 2210 328 2249 ς
349 2212 425 2241 302.
453 2209 462 2226 ‘
479 2208 610 2241 Accitis
637 2211 796 2252 populis‚’

98 2257 155 2289 ubi
184 2258 242 2289 alii
267 2259 412 2299 Attritis,
435 2259 490 2290 alii
514 2260 636 2291 Act-isis
665 2262 794 2302 legunt.

96 2307 164 2339 Sed
179 2308 291 2339 Accidi
308 2310 450 2350 populus
466 2309 537 2349 ipse
564 2319 605 2340 an
630 2311 696 2342 dici
722 2321 795 2352 pos-

97 2356 153 2397 sit,
176 2359 353 2399 quaeritur.
399 2358 502 2400 Apud
529 2360 674 2392 Statium
689 2363 794 2394 Theb.

97 2415 162 2439 xu.
174 2411 226 2439 52.
249 2408 258 2425 ‘
275 2408 412 2440 Ardent
427 2410 551 2441 excisae
570 2411 700 2442 viscera
715 2422 794 2453 gen-

97 2457 162 2489 tis!
206 2459 366 2490 Bartbius
387 2459 522 2500 quidem
546 2461 650 2492 vellet
672 2463 792 2494 accisoe.

97 2507 161 2539 Sed
178 2509 250 2540 sine
268 2509 351 2540 Mss.
371 2510 526 2541 Excidere
542 2510 645 2550 copias
659 2512 794 2553 elegan-

98 2561 150 2588 ter
165 2558 266 2589 etiam
281 2559 362 2598 dici,
378 2559 519 2590 vidimus
535 2560 576 2591 ad
595 2561 708 2593 Front.
722 2571 746 2592 1.
763 2565 792 2594 1.

94 2607 113 2646 ἦ
127 2609 160 2638 9.
176 2618 318 2650 eamque
332 2618 448 2640 vocem
471 2611 569 2642 Floro
596 2612 671 2651 plus
691 2613 794 2643 semel

97 2656 337 2690 restituendam
359 2660 440 2691 alibi
470 2660 611 2693 docebo.
655 2660 792 2702 Apulei.

99 2705 123 2738 1.
145 2702 209 2738 vri.
232 2717 265 2748 p.
283 2711 355 2740 137.
389 2710 399 2726 ‘
416 2708 567 2741 factione
597 2710 794 2742 militarium

101 2764 132 2786 v.
155 2753 314 2797 indagatu
329 2757 486 2791 confecto
510 2763 613 2802 atque
629 2761 790 2793 concisa.’

1448 199 1560 244 1303

867 305 1025 337 Ceterum
1052 307 1126 337 hinc
1155 310 1250 346 patet
1277 307 1413 337 accidere
1436 307 1560 339 arbores

865 360 992 386 rectum
1010 367 1093 397 esse,
1117 367 1180 386 nou
1196 358 1360 396 abscidere,
1383 367 1482 398 supra
1507 367 1557 390 vi.

862 407 914 434 27.

904 458 922 484 5
948 454 1088 485 Instante
1114 457 1287 496 Dumnaco]
1324 457 1443 489 Scribo
1470 458 1559 489 insti—

857 507 965 543 gante,
987 514 1027 534 ex
1049 506 1127 536 Mss.
1145 515 1214 537 sex.
1238 508 1344 544 Bona.
1363 509 1483 548 primo,
1508 518 1558 540 se-

861 554 983 594 cundo,
1007 555 1121 595 tertio,
1145 557 1265 587 l’etav.
1290 558 1398 589 l'alat.
1428 564 1463 589 et
1486 568 1558 590 nos·

861 609 925 636 tro.
977 605 1110 636 Vossius.
1157 607 1196 637 ln
1214 608 1296 637 Mss.
1312 609 1407 639 Voss.
1426 619 1497 648 sex,
1522 615 1558 642 et

861 656 998 687 Norvic.
1017 666 1056 687 ac
1073 656 1170 687 editt.
1189 658 1284 688 Rom.
1299 659 1384 688 Vcn.
1400 660 1558 691 Beroald.

860 710 913 737 est
929 706 1101 745 instigante
1117 707 1291 746 Dumnaco,
1307 713 1342 738 et
1358 708 1404 738 ita
1421 710 1560 749 reponit

859 756 1008 786 Vossius.
1054 756 1179 787 Parum
1206 756 1325 796 refert,
1358 763 1470 788 utrum
1494 759 1557 790 hoe

859 807 912 836 vel
929 806 985 836 illo
997 806 1094 837 modo
1106 806 1310 838 scribamus:
1336 807 1453 838 eadem
1468 807 1557 839 enim

859 860 909 886 est
921 856 1096 897 utriusque
1108 857 1198 887 vocis
1212 861 1359 897 potestas
1372 868 1380 895 3
1406 858 1465 888 sed
1479 867 1557 889 cum

858 907 1044 946 elegantior
1071 913 1105 938 et
1132 908 1266 938 rarioris
1281 917 1358 938 usus
1386 909 1429 938 sit
1454 909 1556 940 lectio

858 957 1006 996 vulgata,
1029 958 1118 987 illam
1140 962 1323 989 teneamus.
1355 959 1466 989 Daris.
1502 959 1556 989 In·

855 1010 956 1037 stante
972 1012 1108 1037 servant
1124 1008 1241 1048 Cujac.
1256 1008 1344 1039 Scal.
1363 1009 1483 1040 Petav.
1500 1008 1555 1050 (ut

856 1056 981 1087 diserte
1019 1061 1163 1087 testatur
1205 1057 1392 1098 Gruterus)
1425 1058 1553 1090 Andin.

856 1105 967 1136 Oxon.
985 1110 1020 1136 et
1035 1106 1128 1137 Leid.
1146 1117 1195 1147 pr.
1225 1107 1355 1147 Reliqui
1371 1117 1447 1138 cum
1466 1107 1555 1139 Edd.

854 1156 998 1186 vetustis
1015 1156 1209 1194 instigante;
1232 1157 1291 1187 sed
1315 1157 1400 1188 bene
1418 1157 1555 1197 judicat

852 1206 972 1236 Davis.
990 1206 1161 1246 vulgatum
1190 1206 1279 1247 quod
1303 1206 1466 1247 deinceps
1487 1212 1553 1247 est,

853 1264 926 1286 esse
954 1256 1188 1287 retinendum:
1219 1263 1321 1297 atque
1345 1257 1392 1288 ita
1413 1258 1552 1290 Terent.

853 1308 988 1347 Cicero,
1036 1308 1163 1347 Livius,
1201 1308 1324 1348 aliique
1358 1309 1553 1350 loquuntur.

852 1357 979 1388 Heaut.
1005 1366 1055 1388 lv.
1077 1361 1108 1388 4.
1138 1360 1188 1388 16.
1224 1358 1233 1374 ‘
1252 1358 1342 1389 Num
1357 1368 1420 1400 ego
1436 1360 1554 1392 insto?

852 1407 957 1438 Plura
986 1407 1064 1438 vide
1095 1407 1137 1438 ad
1168 1407 1322 1441 Frontin.
1347 1417 1396 1439 ιν.
1422 1411 1454 1440 7.
1479 1411 1496 1450 ξ
1519 1413 1551 1442 5.

851 1458 860 1475 ‘
877 1458 961 1489 Cum
985 1458 1108 1489 deinde
1139 1458 1306 1497 instaret,'
1336 1463 1375 1490 ut
1403 1459 1553 1490 scriben-

850 1507 929 1538 dum
957 1508 1068 1539 docui.
1093 1508 1166 1539 Liv.
1194 1517 1243 1539 lv.
1268 1511 1319 1538 46.
1350 1509 1360 1525 ‘
1377 1508 1550 1540 Institisse

850 1557 944 1597 filio?
993 1558 1051 1589 ubi
1079 1559 1121 1589 V.
1156 1558 1208 1590 Cl.
1239 1558 1348 1590 Drak.
1389 1559 1550 1590 Ceterum

849 1606 979 1639 frustra
995 1607 1195 1639 Ciaeconius
1206 1617 1294 1647 posse
1308 1607 1449 1648 conjicit
1472 1617 1549 1639 con-

851 1661 903 1688 tra
918 1657 1039 1696 Mstos,
1062 1661 1098 1688 et
1114 1657 1219 1688 Hirtii
1235 1661 1394 1690 mentem.

893 1711 913 1739 8
931 1709 1096 1748 Carnutes,
1109 1708 1160 1748 qui
1175 1717 1255 1747 sape
1268 1707 1373 1738 vexati
1387 1718 1549 1749 numquam

845 1759 932 1799 pacis
939 1757 1084 1796 fecerant
1100 1759 1296 1799 mentionem]
1309 1758 1453 1789 Fallitur
1469 1758 1550 1789 Hir·

849 1809 935 1839 tius:
972 1817 1049 1838 nam
1078 1809 1100 1838 l.
1125 1816 1174 1838 vl.
1197 1808 1270 1847 ipse
1297 1807 1412 1838 Caesar
1436 1807 1547 1839 dixit:

848 1859 857 1875 ‘
873 1857 1001 1889 Eodem
1015 1858 1182 1889 Carnutes
1197 1857 1328 1896 legatos
1345 1857 1548 1898 obsidesque

847 1908 1000 1947 mittunt,
1024 1907 1075 1938 usi
1093 1906 1374 1947 deprecatoribus
1396 1908 1547 1947 Rhenus,

848 1967 987 1999 quorum
1003 1962 1101 1989 erant
1124 1958 1157 1988 in
1174 1956 1356 1988 clientela!
1402 1958 1478 1988 Nisi
1490 1967 1548 1989 ve-

847 2008 888 2038 lit
903 2012 1034 2047 auctor,
1057 2007 1099 2038 ab
1115 2017 1155 2038 eo
1170 2012 1337 2047 tempore,
1353 2017 1420 2049 quo
1437 2008 1546 2039 novis-

846 2057 931 2088 sima
946 2057 1137 2098 conjuratio
1153 2056 1257 2089 facta.
1307 2058 1438 2090 Vossius.

891 2115 1014 2139 xxxn.
1037 2111 1057 2138 4
1090 2108 1154 2138 Nec
1167 2107 1238 2145 jam
1263 2107 1390 2139 liberam
1410 2110 1546 2149 vagandi

845 2157 1108 2198 latrocinandique
1134 2156 1336 2199 facultatem]
1392 2158 1434 2189 In
1463 2164 1546 2191 tert.

845 2208 1021 2249 Bongarsii
1046 2208 1176 2247 codice,
1200 2213 1236 2239 et
1260 2210 1326 2240 Ms.
1349 2214 1464 2241 nostro
1480 2215 1546 2250 est,

844 2268 897 2289 nec
912 2261 976 2289 tam
998 2258 1091 2290 libere
1105 2259 1242 2298 rag-andi
1260 2259 1546 2300 latrociniorumque

836 2307 1052 2346 faciendorum
1060 2308 1266 2347 facultatem:
1282 2309 1384 2340 etiam
1394 2310 1426 2340 in
1436 2311 1544 2351 primo

844 2363 880 2390 et
910 2359 1059 2390 secundo
1088 2360 1253 2399 Bongars.
1296 2359 1435 2400 liberam,
1472 2365 1545 2392 erat

842 2409 948 2450 libere,
971 2414 1008 2441 et
1033 2419 1095 2450 pro
1121 2409 1383 2450 latrocimndique
1407 2410 1543 2451 legeba-

843 2463 911 2501 tur,
974 2461 1263 2500 latrociniorumque
1311 2459 1543 2499 faciendorum.

843 2511 941 2542 Idem.
985 2511 1104 2542 Codex
1125 2511 1235 2551 Bong.
1255 2514 1336 2542 tert.
1352 2511 1419 2541 Ms.
1441 2511 1541 2540 Voss.

843 2569 919 2591 cum
937 2559 1035 2591 editt.
1052 2561 1149 2592 Rom.
1164 2561 1250 2591 Ven.
1265 2559 1424 2591 Beroald.
1473 2559 1541 2590 Nec

841 2612 907 2640 tam
940 2610 1033 2641 libere
1068 2611 1216 2651 vagandi,
1249 2609 1540 2649 latrociniorumque

833 2659 1050 2698 faciendorum
1069 2661 1267 2697 sacvdtatem.
1324 2659 1380 2689 Ita
1411 2662 1446 2689 et
1468 2658 1539 2691 Ms.

843 2710 984 2742 Norvic.
1010 2711 1073 2741 nisi
1101 2709 1191 2751 quod
1214 2709 1272 2740 ille
1296 2708 1425 2740 liberam
1446 2708 1538 2740 exhi-

843 2759 934 2792 beat.
976 2759 1047 2792 Alii
1073 2769 1128 2791 nec
1144 2759 1216 2798 jam
1237 2758 1331 2790 libere
1344 2757 1478 2798 vagando·
1493 2759 1539 2790 la-
