1818 3131
446 199 538 229 mu.
572 199 601 228 1.
635 199 739 227 ων.
761 188 828 228 19.
864 199 924 227 nn
960 198 1113 228 nanno
1146 198 1319 228 elvini.

159 290 365 331 ἆρχαΐζοντας
378 303 385 323 :
412 290 577 333 quomodo
591 290 717 331 pmtt're,
728 289 858 329 poenice-

159 351 205 378 ιω,
226 343 279 378 [γε.
324 342 389 372 Sed
405 341 624 372 circumvenire
641 339 725 370 bene
742 343 776 368 et
798 339 859 368 La-

161 390 232 420 tine
258 391 394 423 dicitur.
413 391 492 422 Sall.
508 390 586 427 Jug.
610 398 641 419 c.
657 391 709 419 76.
733 389 741 404 ‘
760 388 858 418 Vallo

162 439 322 481 fossaque
346 441 467 471 moenia
490 437 736 470 circumvenit.¹
782 438 860 468 Plu·

161 498 198 518 ra
226 490 302 520 vide
329 489 417 530 apud
443 489 494 519 Cl.
523 487 638 518 Wasse
666 488 698 517 in
724 486 799 517 Ind.
824 492 859 517 et

160 540 254 569 Corn.
282 539 323 569 ad
340 540 420 578 Jug.
439 548 468 568 c.
492 540 545 569 59..
567 541 575 553 ⁴
591 541 716 568 cuncta
739 535 861 567 moenia

159 589 312 618 exercitu
337 586 585 619 circumvenit.'
633 586 780 618 Restitui
801 586 860 626 igi-

159 642 215 667 tur
227 637 393 667 Mstorum
418 637 609 675 lectionem,
623 635 787 677 quidquid
804 635 861 666 ob-

154 685 288 717 nitatur
305 687 475 718 Brantius.

203 743 280 765 mx.
300 738 315 765 l
344 736 554 766 Dis-simulam
568 736 600 765 in
619 735 770 775 Consilio]
792 735 861 765 Ho-

161 789 243 816 tom.
261 794 280 814 e
306 794 365 815 suo
390 786 518 816 Codice
542 785 688 816 malebat
702 786 863 816 simulans:

161 837 239 876 quia
261 837 434 868 Domitius
458 837 523 867 ista
549 837 772 877 pronuncians
797 846 862 868 nou

162 885 397 917 dissimulabat
411 900 419 923 ·,
441 887 499 917 sed
514 887 693 918 simulabat
710 893 745 917 et
760 886 863 927 tinge-

163 935 232 967 bat.
278 938 382 968 Certe
400 938 550 968 simulares
565 942 662 968 extat
679 947 812 979 quoque
830 938 862 968 in

162 986 275 1017 Palat.

162 1036 257 1067 Med.
281 1036 349 1067 Sed
379 1038 477 1068 male.
522 1038 694 1068 Domitius
711 1037 864 1068 dissimu-

162 1085 254 1116 labat
269 1095 321 1124 ea,
351 1097 426 1127 quw
453 1096 532 1116 vere
560 1086 592 1116 in
619 1087 742 1117 litteris
765 1091 864 1116 erant

161 1137 367 1176 perscripta,
394 1140 430 1167 et
457 1136 704 1176 pronunciabat
728 1141 863 1168 contra-

160 1186 264 1224 rium3
289 1191 327 1218 ut
343 1191 437 1228 patet
453 1196 495 1217 ex
513 1195 608 1228 seqq.
656 1186 695 1217 In
716 1187 783 1218 Ms.
801 1196 864 1227 per

164 1236 313 1276 Lipsium
338 1237 474 1276 collato,
491 1242 574 1277 puto
601 1246 675 1268 esse
699 1237 865 1267 anlidia-

161 1295 254 1325 num,
281 1291 315 1316 et
343 1287 407 1317 Ed.
427 1287 561 1318 Veneta
590 1291 665 1318 erat
691 1287 864 1325 simulatus,

163 1336 276 1367 forsan
306 1347 366 1377 pro
395 1337 612 1368 dissimulatus.
674 1337 750 1368 Hoc
775 1337 864 1367 enim

165 1387 348 1426 deponenti
373 1387 481 1418 forma
497 1387 677 1427 aliquoties
701 1387 862 1418 occurrit.

161 1437 250 1467 Vide
279 1437 331 1467 Cl.
361 1438 477 1468 Burni.
504 1437 545 1468 ad
572 1437 694 1469 Vellei.
725 1437 870 1469 Patere:

162 1495 201 1517 11.
218 1490 290 1518 109.
313 1487 322 1503 ‘
336 1496 378 1517 ex
395 1487 481 1517 male
506 1487 715 1519 dissimulato
740 1488 866 1528 agebat

164 1538 344 1569 aemulum!
390 1539 550 1570 Ceterum
579 1540 612 1568 in
639 1539 723 1570 Mss.
752 1539 867 1579 pleris-

164 1597 230 1628 que
247 1587 372 1628 legitur
387 1589 529 1627 concilio,
546 1589 593 1619 uti
609 1594 645 1621 et
661 1589 747 1620 Edd.
763 1591 865 1621 Vasc.

161 1638 280 1678 Steph.
297 1638 443 1678 Grypbii
461 1638 606 1679 utrique.
649 1638 748 1671 Quod
767 1639 794 1669 si
811 1638 867 1669 ad-

166 1687 344 1727 mittimus,
374 1688 630 1728 intelligendum
661 1693 764 1727 esset,
791 1698 867 1718 eum

164 1736 209 1768 ad
220 1746 336 1768 omnes
353 1738 476 1768 milites
490 1737 647 1769 habuisse
661 1739 867 1769 concionem.

166 1789 282 1821 Quare
313 1789 426 1819 malim
457 1789 606 1820 retinere
637 1790 780 1820 consilio:
819 1790 868 1820 uti

165 1839 291 1870 habent
322 1839 407 1870 Edd.
439 1839 558 1879 primae
587 1844 622 1870 et
651 1840 734 1870 Mss.
759 1841 867 1870 Dorv.

165 1888 262 1919 Voss.
287 1888 424 1928 aliique,
448 1888 510 1919 sub
539 1898 605 1929 quo
634 1889 761 1919 tribuni
784 1889 869 1919 mili-

165 1942 250 1977 tum,
289 1939 518 1978 centuriones,
554 1939 695 1979 primive
734 1939 867 1969 ordines

164 1988 510 2029 comprehenduntur.
565 1988 654 2020 Vide
685 1989 788 2020 etiam
824 1988 867 2018 ad

165 2046 244 2068 vm.
262 2041 293 2070 8.

207 2092 225 2119 5
252 2087 412 2127 Instituit]
457 2087 514 2118 Sic
532 2087 598 2118 Ms.
619 2086 776 2126 Reg.A1.
803 2097 870 2117 con-

165 2138 282 2169 stituit.
307 2138 415 2168 Clark.
462 2137 607 2167 Instituit
630 2137 732 2168 etiam
756 2137 869 2167 Pulm.

167 2187 323 2226 Schedae,
351 2187 451 2218 solita
479 2187 678 2218 variatione.
734 2186 869 2227 Reliqui

167 2247 284 2269 omnes
313 2237 472 2268 constituit
502 2242 651 2275 servant,
689 2237 779 2277 quod
816 2237 869 2267 liic

166 2288 230 2319 loci
248 2287 391 2318 retineo.
423 2288 478 2318 De
490 2287 604 2318 Verbo
617 2288 780 2318 instituere
792 2287 870 2317 vide

167 2338 245 2369 Ind.
263 2338 295 2368 in
313 2343 422 2368 notas.
468 2338 523 2368 De
539 2347 575 2368 re
593 2343 713 2378 aperta
735 2338 820 2368 solet
836 2336 870 2367 id

168 2388 308 2420 verbum
326 2387 488 2418 adhibere
504 2393 635 2418 auctor.

210 2439 231 2468 8
256 2437 447 2468 Consiliunai
471 2437 595 2477 caussa}
636 2437 676 2468 In
705 2438 778 2468 aliis
802 2448 871 2468 con-

166 2487 324 2523 sultandi;
347 2487 405 2518 sed
423 2494 598 2527 receptam
614 2487 794 2519 lectionem
815 2497 871 2518 ex-

168 2537 288 2568 hibent
311 2537 395 2568 Mss.
415 2537 534 2568 Faern.
554 2537 713 2568 Ciaccon.
738 2538 871 2568 Carrar.

171 2585 313 2618 Norvic.
336 2590 372 2617 et
395 2586 496 2617 editt.
520 2587 616 2618 Rom.
633 2586 791 2617 Beroald.
808 2596 872 2617 nec

169 2634 252 2666 mihi
268 2635 405 2666 dubium
429 2635 578 2674 videtur,
595 2636 674 2676 quin
692 2636 736 2667 sit
759 2636 873 2675 genui-

170 2696 226 2719 na.
250 2686 377 2718 Noster
391 2687 530 2728 hujusce
547 2687 625 2718 libri
642 2698 672 2718 c.
688 2691 739 2719 73.
763 2689 771 2705 ‘
786 2688 872 2719 Haec

169 2737 423 2770 consiliantibus
449 2737 504 2779 iis,
530 2737 733 2770 nunciatur!
778 2737 872 2780 Apu-

309 987 453 1019 Dorvill.
493 992 529 1018 et
567 987 654 1019 Edd.
694 988 788 1018 Rom.
825 997 875 1031 acl

1496 186 1606 228 1353

912 290 993 320 lvius
1021 291 1162 322 Metam.
1179 290 1201 321 1.
1220 299 1243 321 ι.
1260 300 1293 330 p.
1308 292 1340 321 9.
1365 289 1502 320 ‘Bonus
1527 298 1605 319 con-

910 341 1041 371 siliator
1075 339 1331 371 Aristomenes)
1397 339 1608 371 Glossarium

911 395 1029 420 vetus:
1056 391 1260 430 Γνωμοδότης,
1276 400 1392 429 suasor,
1421 390 1608 420 consiliator.

911 439 1014 469 Plura
1041 440 1126 471 lianc
1156 441 1187 470 in
1217 450 1284 471 rem
1311 450 1511 478 consscsscre
1529 440 1607 471 Chr.

911 489 1077 519 cellarius
1094 490 1173 521 Cur.
1191 490 1323 521 l’oster.
1340 499 1374 529 p.
1391 494 1443 521 57.
1470 500 1509 521 ac
1533 491 1608 521 intt.

913 538 953 569 ad
985 538 1124 570 Plucdri
1155 540 1236 571 Fab.
1264 550 1302 571 11.
1330 544 1360 572 G.
1384 542 1493 572 Daris.
1540 541 1610 571 Ho-

911 593 991 619 tom.
1008 598 1154 629 quoque,
1171 595 1207 620 et
1219 592 1335 622 cuncti
1349 593 1413 622 mci
1430 601 1505 621 cum
1524 591 1611 622 Edd.

912 638 1039 677 primis.
1075 639 1183 668 Recte
1197 649 1257 678 pro
1272 641 1476 671 consultandi.
1512 639 1611 670 Adde

912 689 1028 719 Vorst.
1055 689 1097 719 de
1126 690 1237 720 Latin.
1272 691 1360 721 Mer.
1391 692 1490 731 Susp.
1508 700 1541 730 p.
1558 693 1611 720 21.

914 737 1029 768 Gifan.
1058 739 1203 770 Obscrv.
1233 740 1330 780 Ling.
1361 741 1437 771 Lat.
1462 741 1493 770 h.
1518 741 1558 772 V.
1576 745 1612 771 et

913 788 966 819 bic
984 789 1181 827 Cellarium,
1199 794 1232 818 ct
1250 788 1337 819 infra
1353 790 1472 820 Brant.

959 841 994 868 ll
1023 838 1099 868 Rem
1115 838 1149 867 in
1162 848 1309 868 summam
1325 839 1492 879 periculam
1507 840 1614 869 deduc-

913 887 1032 926 turum]
1091 887 1243 927 Reponit
1282 889 1357 919 Pet.
1397 889 1611 927 ciacconius,

917 941 924 954 ‘
940 948 1008 968 rem
1042 948 1202 968 summam
1241 939 1272 968 iu
1308 938 1495 978 periculum
1508 938 1527 976 ;’
1553 938 1613 968 sed

915 987 988 1026 ejus
1004 987 1234 1027 conjecturam
1252 987 1376 1017 evertit
1392 988 1463 1027 ipse
1488 988 1614 1026 Causar,

914 1038 970 1077 qui
989 1038 1028 1068 B.
1045 1038 1089 1069 G.
1108 1048 1140 1069 v.
1160 1042 1211 1070 31.
1236 1040 1295 1078 ait,
1316 1040 1324 1056 ‘
1339 1040 1461 1077 Orant,
1489 1049 1530 1070 ne
1555 1049 1614 1070 sua

914 1087 1121 1119 dissensione
1138 1094 1172 1119 et
1190 1090 1379 1128 pertinacia
1399 1100 1461 1120 rem
1479 1091 1510 1120 in
1534 1099 1614 1119 sum-

912 1147 996 1167 mum
1007 1138 1175 1176 periculum
1190 1140 1365 1170 deducant?
1399 1140 1507 1170 Miror
1522 1139 1615 1179 equi-

915 1186 1004 1224 dem,
1016 1187 1104 1217 unde
1120 1186 1262 1227 factum,
1275 1194 1312 1219 ut
1326 1189 1423 1220 Joan.
1444 1189 1616 1228 Brantiue,

914 1247 989 1268 cum
1021 1238 1107 1268 hunc
1136 1240 1246 1270 locum
1277 1240 1438 1270 memoria
1471 1244 1616 1279 teneret,

916 1288 1096 1319 Ciacconio
1114 1288 1287 1326 adsentiri,
1300 1299 1399 1329 quam
1419 1298 1530 1319 veram
1548 1290 1615 1319 lec—

916 1337 1042 1367 tionem
1057 1347 1204 1377 scrvare,
1218 1339 1383 1369 maluerit.
1399 1340 1509 1369 Daris.
1528 1340 1616 1371 Vide

915 1388 956 1417 ad
971 1388 1053 1418 dict.
1072 1389 1093 1419 l.

960 1440 998 1467 14
1027 1438 1163 1469 Proinde
1179 1439 1205 1469 si
1221 1449 1279 1479 qua
1289 1439 1428 1477 facultas
1435 1439 1561 1477 suisset,
1577 1441 1616 1470 ad

916 1498 948 1519 se
970 1499 1035 1518 cum
1053 1489 1189 1520 onmibus
1203 1490 1299 1530 copiis
1314 1490 1446 1530 rem'rd]
1491 1491 1615 1521 Petav.

918 1538 1036 1568 eodem
1055 1539 1154 1569 modo
1171 1540 1284 1578 habet,
1301 1540 1362 1570 nisi
1390 1540 1478 1580 quod
1501 1539 1617 1578 suisset

909 1588 1048 1625 facultas
1077 1589 1109 1619 in
1143 1599 1195 1627 eo,
1226 1590 1440 1629 transpositis
1465 1590 1617 1629 vocibus,

919 1638 1062 1677 legatur.
1110 1640 1196 1670 Mihi
1225 1640 1296 1671 baec
1325 1640 1431 1670 verba
1456 1645 1618 1680 corrupta

918 1688 1090 1728 videntur,
1108 1700 1182 1720 nam
1200 1700 1259 1721 cur
1284 1691 1469 1729 Pompeius
1493 1690 1619 1720 scribe-

920 1745 985 1778 ret,
1001 1740 1211 1780 se'quasuz'sset
1220 1741 1371 1780 facultas,
1390 1745 1425 1771 et
1449 1750 1514 1771 non
1530 1741 1619 1780 siqua

919 1793 1006 1820 esset.
1054 1790 1250 1831 Legendum
1267 1796 1361 1831 puto,
1378 1791 1462 1830 siqua
1472 1790 1564 1829 sugoe
1577 1791 1619 1820 sit

910 1840 1062 1878 facultas.
1108 1843 1195 1872 Sane
1212 1851 1345 1872 sensum
1366 1847 1531 1881 praestare
1548 1841 1620 1871 nul-

920 1890 970 1920 lus
1003 1890 1162 1930 ambiget.
1202 1890 1336 1920 Vossius.
1382 1891 1421 1920 In
1452 1891 1620 1920 nonnullis

919 1939 1027 1971 Codd.
1052 1940 1188 1971 vocibus
1215 1940 1429 1980 transpositis
1453 1940 1619 1980 scriptum

919 1994 983 2026 est,
1010 1990 1099 2029 siqua
1134 1990 1254 2021 fuisset
1279 1990 1430 2027 facultaS.
1500 1990 1620 2021 Vossio

919 2044 1083 2078 corrupta
1104 2039 1264 2070 videntur
1290 2040 1362 2070 liaec
1391 2040 1506 2071 verba.
1553 2041 1622 2071 Cur

920 2088 1007 2117 enim
1036 2088 1220 2129 Pompeius
1238 2089 1416 2129 scriberet,
1431 2091 1517 2131 siqua
1536 2090 1620 2128 fuis-

919 2141 978 2176 set,
996 2143 1031 2168 et
1058 2147 1136 2176 non,
1152 2139 1241 2178 siqua
1264 2139 1362 2172 esset?
1407 2140 1558 2171 Proinde
1575 2141 1620 2171 le-

920 2187 1066 2227 gendum
1083 2192 1193 2228 putat,
1208 2191 1296 2228 siqua
1312 2185 1400 2230 fuga'e
1418 2190 1621 2227 sitfacultas.

922 2237 996 2268 Nec
1023 2247 1213 2278 quenquam
1245 2238 1478 2271 dubitaturum
1507 2240 1622 2271 existi-

920 2292 1004 2326 mat,
1022 2287 1100 2328 quin
1118 2298 1235 2319 sensus
1253 2289 1317 2319 isto
1343 2290 1442 2321 modo
1457 2297 1621 2331 praestan-

922 2337 987 2368 tior
1003 2338 1058 2368 sit.
1104 2338 1151 2369 At
1175 2348 1254 2369 vero
1271 2344 1306 2370 et
1331 2340 1364 2370 in
1382 2341 1520 2380 vulgata
1537 2342 1622 2372 Lec-

922 2388 1026 2426 tione,
1044 2395 1111 2418 rem
1130 2389 1293 2419 attentius
1313 2392 1549 2431 perpendenti,
1564 2401 1623 2432 op-

922 2437 1003 2467 time
1032 2438 1204 2468 constabit
1240 2439 1418 2478 Temporum
1447 2442 1551 2477 ratio;
1587 2446 1621 2471 et

920 2486 994 2516 Viri
1009 2487 1210 2518 Doctissimi
1227 2489 1419 2520 emendatio
1442 2499 1484 2520 ne
1501 2491 1622 2520 Latina

922 2537 1057 2577 quidem
1073 2537 1254 2568 videbitur.
1301 2539 1378 2570 Non
1395 2540 1484 2570 enim
1502 2540 1620 2570 Latine

922 2585 1057 2626 dieitur,
1068 2588 1155 2628 siqua
1171 2589 1213 2618 sit
1221 2587 1374 2628 facultas,
1389 2606 1468 2611 ——-
1482 2590 1599 2620 reniret
1609 2601 1622 2626 ‚-

922 2637 994 2673 sed,
1015 2638 1100 2677 siqua
1120 2637 1212 2677 sugae
1233 2639 1275 2668 sit
1293 2638 1442 2677 facultas,
1572 2649 1621 2669 te-

921 2687 1010 2722 niam
1029 2688 1135 2729 -quod
1163 2688 1252 2719 cium
1281 2689 1449 2727 Tempora
1474 2698 1624 2719 nonnun-

922 2747 1020 2779 quam
1049 2743 1298 2779 permutentur,
1321 2747 1397 2768 cum
1423 2747 1476 2768 res
1499 2744 1622 2779 praete-
