1915 3115
415 209 508 239 mn.
543 208 573 238 1.
606 207 712 237 GAP.
742 196 814 238 42.
848 207 911 237 nn
945 207 1101 238 annno
1128 205 1359 236 osnmco.

164 307 215 338 Ac
237 307 284 338 Is.
302 304 535 338 casaubonum
559 303 602 334 ad
626 302 782 334 eumdem
804 303 864 335 Ju-

165 359 245 388 lium
262 367 291 388 c.
306 360 336 388 2.
363 356 460 394 Idem,
484 364 555 386 cnr.
571 363 639 385 sec.

210 411 247 439 17
285 407 333 437 Εο
360 404 558 445 legionarios]
590 404 702 444 Vulgo
739 403 801 442 leg.
832 413 865 434 eo

167 462 286 489 contra
303 456 385 487 iuss.
411 459 446 486 et
463 454 552 486 Edd.
569 454 663 486 Vett.
687 454 725 484 In
741 463 790 485 eos
806 454 866 492 leg.

165 508 263 538 Voss.
282 516 333 547 pr.
349 506 469 537 l’etav.
484 516 504 536 a
517 515 561 536 in.
577 515 602 536 s.
618 505 705 545 Reg.
723 509 759 536 et
773 507 792 535 3
811 504 868 534 alii

162 566 237 588 cum
269 555 356 587 Edd.
375 555 598 597 quibusdam:
625 555 669 586 eis
698 555 761 586 Ed.
779 556 866 586 Ven.

166 608 204 638 In
220 608 264 638 eis
279 606 367 638 Edd.
385 608 482 638 Rom.
499 606 594 638 Med.
611 606 766 647 aliaeque.
800 605 868 636 Sed

164 664 234 690 tum
252 659 363 690 malim
379 658 412 689 in
435 668 495 689 eos.
531 657 598 688 Adi
616 658 668 689 Cl.
688 657 868 688 Drakenb.

164 709 206 740 ad
223 709 296 740 Liv.
312 718 335 740 1.
354 712 404 740 18.
439 711 447 726 ‘
466 710 600 739 Dextra
625 708 657 738 in
677 712 782 748 caput
798 708 869 739 Nu-

163 769 227 790 niae
243 759 390 800 inposita
404 758 423 789 z'
445 763 480 790 et
506 768 565 790 nos
589 758 631 789 ad
648 758 689 789 B.
716 759 790 790 Civ.
812 767 869 790 111.

166 812 218 841 14.
251 812 259 826 ‘
278 809 466 851 legionibus
495 809 528 840 in
559 819 661 841 naves
691 808 868 850 inpositis.’

162 862 231 893 Sed
254 871 370 893 eonon
394 862 592 894 mutandum
610 867 672 893 est.
718 862 806 893 Vide
823 861 866 892 ad

167 922 200 944 v.
219 916 268 945 14.
292 914 301 930 ‘
322 914 447 945 Eorum
463 913 631 945 habentur
647 912 758 951 liberi,
776 912 867 954 qu0,’

167 967 232 996 διε.

208 1017 248 1046 18
273 1014 432 1055 Maxime]
456 1015 510 1046 Sic
528 1015 594 1046 Ms.
613 1014 700 1055 Reg.
718 1014 761 1045 al.
779 1023 870 1054 quam

163 1065 309 1097 maxime.
336 1065 440 1096 Clark.
489 1064 584 1096 Atin
607 1064 691 1095 ineis
717 1063 870 1094 omnibus

166 1115 311 1156 adparet
325 1114 362 1145 τὸ
377 1125 486 1156 quanm
509 1115 571 1145 nisi
588 1115 678 1155 quod
702 1115 870 1155 Bongars.

165 1167 289 1198 habeat
304 1168 392 1207 quod.
440 1167 508 1199 Cur
525 1166 632 1197 deleri
649 1166 785 1206 debeat,
800 1167 872 1197 nul-

165 1217 231 1249 lam
253 1218 351 1249 video
377 1227 543 1249 caussam.
561 1217 642 1248 Ter.
660 1217 787 1249 Heant.
812 1217 872 1248 Pr.

167 1271 219 1299 50.
256 1270 265 1285 ‘
282 1278 382 1309 quam
409 1268 553 1299 maxime
575 1268 703 1299 servire
727 1277 873 1299 commo·

167 1318 242 1350 dis.'
265 1319 306 1350 B.
326 1319 399 1351 Civ.
412 1328 436 1350 1.
453 1322 484 1350 2.
506 1320 514 1335 ‘
531 1328 624 1350 suam
637 1319 784 1349 maxime
798 1327 874 1350 con-

168 1368 349 1400 laudatur!
373 1379 404 1400 c.
422 1372 474 1401 81.
494 1369 503 1386 ‘
524 1379 623 1411 quam
648 1370 792 1401 maxime
817 1370 874 1401 de-

168 1419 340 1450 moretur.’
359 1420 446 1450 Vide
461 1420 502 1451 ad
516 1421 556 1452 B.
569 1420 641 1452 Civ.
655 1429 710 1452 111.
727 1424 780 1452 94.
798 1422 807 1439 ‘
820 1421 874 1452 cui

170 1471 315 1501 maxime
333 1469 552 1501 confidebat!

213 1523 255 1552 20
279 1521 352 1552 Non
365 1520 542 1560 irridicule]
566 1521 705 1561 Facete,
719 1527 754 1552 et
775 1521 874 1552 modo

170 1571 213 1603 ad
250 1571 353 1602 risum
387 1570 591 1602 movendum
625 1577 719 1611 apto.
761 1572 874 1603 Dacis.

171 1622 326 1662 Hujusce
343 1621 524 1662 potestatis
542 1621 640 1662 plura
653 1621 749 1652 dabit
764 1631 875 1653 exem-

172 1673 230 1712 pla
246 1672 394 1702 velimus
409 1670 662 1703 Quinctilianus
678 1671 763 1703 Inst.
778 1672 875 1706 Orat.

173 1731 225 1753 w.
241 1724 272 1753 3.
297 1722 395 1761 Idem,
412 1731 480 1752 cur.
497 1730 566 1752 sec.

215 1775 257 1803 22
291 1771 422 1811 Facere]
452 1771 544 1802 Auxi
570 1776 767 1802 contextum
793 1781 877 1803 voce

171 1824 213 1864 ei,
241 1833 340 1866 quam
368 1827 556 1863 agnoscunt
585 1822 693 1863 Bong.
723 1832 774 1863 pr.
807 1832 875 1853 sec.

173 1876 297 1907 Petav.
324 1875 450 1907 Lovan.
479 1873 575 1905 Leid.
602 1883 654 1914 pr.
678 1879 712 1903 et
738 1873 793 1904 alii
818 1882 876 1904 sex

174 1936 250 1958 cum
277 1926 361 1957 Mss.
378 1926 526 1965 Branfii,
549 1930 584 1955 et
609 1924 696 1955 Edd.
715 1929 793 1955 ante
815 1925 879 1955 Be·

174 1977 338 2009 roaldum.
385 1977 447 2008 Uti
471 1975 650 2013 satisfacere
676 1976 781 2006 alicui.
824 1975 878 2006 Sic

175 2027 302 2060 dicitur
313 2029 384 2069 plus
399 2028 510 2066 facere
525 2027 629 2065 alicui,
643 2030 678 2057 et
692 2025 880 2064 benefacere

172 2079 280 2113 alicui.
325 2079 414 2109 Vide
430 2078 568 2118 insuper
584 2077 617 2107 in
634 2077 783 2108 Observ.
800 2078 881 2108 Mis-

175 2129 253 2160 cell.
281 2128 322 2160 ad
352 2127 488 2170 Apulei.
507 2129 648 2159 Metam.
674 2137 721 2160 vr.
744 2138 779 2168 p.
805 2130 878 2159 128.

178 2179 242 2210 Ed.
259 2179 353 2210 Prie.

223 2229 405 2260 Pollia-itum
431 2229 463 2259 in
489 2229 622 2260 cohortis
643 2229 799 2269 prcetoriae
819 2230 882 2260 loco

180 2287 214 2310 x.
232 2279 382 2318 legionem
403 2278 597 2315 habiturum;
618 2289 699 2310 nunc
713 2280 753 2310 ad
776 2289 883 2319 equum

178 2329 362 2369 rescribere]
387 2330 438 2360 Ex
456 2330 578 2361 l'etav.
594 2330 735 2362 Norvic.
756 2331 881 2362 Lovan.

181 2380 346 2420 Bongars.
375 2389 426 2420 pr.
444 2389 512 2411 sec.
528 2380 690 2421 Gottorp.
717 2381 882 2422 Egmond.

180 2436 217 2463 et
234 2432 345 2464 Palat.
363 2432 438 2472 lege
448 2431 631 2472 pollicitum,
645 2440 684 2463 SE
698 2433 729 2462 in
739 2433 883 2473 cohortis,

182 2485 246 2514 &c.
277 2483 368 2515 Quid
383 2493 465 2514 vero
481 2483 525 2513 sit
541 2483 580 2513 ad
596 2493 704 2523 equum
716 2484 884 2515 rescribere

183 2532 258 2564 fuse
276 2533 376 2565 docet
391 2534 426 2566 J.
443 2534 500 2565 Fr.
517 2534 710 2565 Gronovius
727 2533 769 2564 ad
786 2535 885 2566 Sene-

185 2594 234 2616 cae
254 2585 295 2616 de
305 2585 427 2617 Beuet'.
447 2596 478 2617 v.
495 2589 526 2617 6.
545 2586 658 2616 Dat-is.
676 2595 747 2617 cur.
761 2594 827 2617 sec.
844 2586 885 2617 Se

184 2635 287 2666 etiam
307 2636 419 2666 inveni
437 2639 468 2667 in
491 2646 550 2667 sex
573 2636 668 2676 mei&
686 2635 773 2676 quod
792 2641 828 2666 et
843 2636 886 2667 de

186 2685 253 2716 suis
269 2686 418 2717 fatentur
435 2687 634 2718 Ciaccouius
652 2693 688 2718 et
703 2687 884 2718 Brantins:

188 2734 305 2774 primae
323 2745 455 2777 quoque
469 2742 657 2778 agnoscunt
676 2737 763 2768 Edd.
786 2737 835 2768 uti
851 2743 888 2768 et

189 2784 326 2816 Vascos.
351 2786 530 2827 Stephani,
551 2790 614 2818 dcc.
641 2797 746 2828 quare
768 2797 887 2819 secure

1533 197 1613 237 951

917 302 1045 335 addidi.
1090 303 1130 334 In
1156 302 1273 334 multis
1300 306 1470 343 praeterea
1495 300 1532 332 τὸ
1560 312 1622 334 ess-e

917 359 1104 395 comparet,
1132 361 1330 397 corruptum
1360 364 1403 386 ex
1432 356 1476 395 τῷ
1505 365 1536 385 se
1569 357 1621 386 vel

917 414 990 436 sese.

961 457 1001 485 2⁴
1040 455 1091 485 Ad
1125 464 1232 494 equum
1268 454 1448 496 rescribere]
1513 455 1623 486 Miror

918 514 1073 546 quaerere
1106 505 1326 536 Ciacconiuin
1351 506 1430 547 quid
1474 505 1519 537 sit
1550 507 1559 522 ⁴
1579 505 1619 536 ad

919 565 1042 596 equum
1074 555 1287 586 rescribere?
1333 557 1432 587 Miles
1449 566 1526 587 cum
1555 558 1623 597 pri·

919 616 1009 636 mum
1024 605 1202 647 legebatur
1216 606 1311 636 scribi
1331 607 1455 647 dictus,
1472 607 1552 648 qnia
1575 607 1623 637 in-

920 657 1055 688 dicibus
1084 666 1206 688 nomen
1232 657 1446 698 inscriptum.
1500 659 1625 689 Postea

920 708 948 739 si
964 708 1118 739 ordinem
1141 713 1321 747 mutasset,
1337 709 1527 739 necessario
1545 719 1624 749 qno-

921 770 987 801 que
1004 769 1126 790 nomen
1151 760 1423 800 expungebatur,
1439 764 1542 801 atque
1565 761 1624 790 ali-

922 820 978 841 um
1009 810 1178 841 inlocum
1209 809 1515 841 transcribebatur.
1559 810 1625 840 'l'a-

921 861 1015 900 lium,
1029 865 1086 892 aut
1103 860 1227 902 alioqui
1241 864 1450 892 mortuorum
1466 860 1624 891 inlocum

923 912 979 952 qui
1002 911 1256 951 successissent,
1288 911 1512 952 adscriptitios,
1542 920 1628 952 prae-

921 967 1017 994 terea
1031 968 1067 994 et
1082 963 1325 1003 supplementum
1337 962 1448 993 dictos
1463 960 1568 992 fuisse
1584 971 1626 992 ex

922 1013 1025 1045 Festo
1043 1014 1213 1044 discimus.
1260 1012 1320 1043 Uti
1335 1013 1426 1043 idem
1449 1012 1498 1043 ait
1513 1011 1630 1043 Patres

921 1065 1108 1105 conscriptos
1123 1063 1301 1104 appellari,
1329 1063 1386 1104 qui
1409 1072 1453 1093 ex
1475 1061 1629 1103 equitum

921 1125 1062 1147 numero
1079 1116 1114 1147 in
1138 1117 1300 1146 Senatum
1324 1114 1490 1154 adscripti
1518 1119 1629 1154 erant,

923 1172 961 1197 ut
985 1176 1144 1198 uumerus
1170 1166 1401 1207 suppleretur.
1429 1165 1504 1196 val.
1531 1164 1629 1195 Max.

923 1223 959 1248 et
976 1217 1112 1258 proprie
1130 1216 1221 1247 idem
1237 1215 1442 1247 transcribere
1453 1214 1559 1246 dixit:
1579 1215 1627 1245 sic

924 1268 994 1299 ait:
1033 1268 1268 1309 ‘anmasque
1297 1267 1464 1309 equitum,
1501 1267 1622 1308 quibus

924 1317 1124 1359 praefuerat,
1140 1318 1284 1349 ademtis
1311 1317 1406 1358 equis
1424 1317 1459 1348 iu
1479 1315 1630 1348 fundito-

925 1379 998 1400 rum
1023 1370 1090 1401 alas
1115 1369 1354 1410 transcripsit?
1399 1368 1530 1400 Graecis
1555 1368 1629 1399 ἀπο-

924 1418 1098 1459 γράφεσθαι
1115 1425 1167 1450 est
1192 1419 1336 1450 adnotari
1363 1419 1396 1449 in
1423 1418 1523 1449 indice
1548 1419 1628 1449 mili-

925 1474 1011 1501 tum:
1029 1480 1087 1501 seu
1104 1479 1225 1501 nomen
1239 1470 1341 1500 dare:
1359 1469 1463 1501 etiam
1480 1469 1630 1500 transcri-

927 1521 968 1559 bi,
981 1521 1071 1561 apud
1088 1521 1246 1560 Xenoph.
1264 1530 1338 1560 pag.
1358 1520 1463 1551 42.‘0
1475 1519 1532 1559 μὲν
1557 1519 1633 1561 χρή-

927 1570 947 1610 ζ
949 1583 988 1601 ων
1003 1571 1097 1610 ὅπλα,
1110 1570 1296 1609 λαμβανέτω
1310 1571 1423 1611 ταῦτα,
1431 1571 1481 1602 καὶ
1495 1571 1633 1612 ἀπογρα-

925 1621 1029 1661 φέσθω
1054 1621 1127 1659 πρὸς
1142 1621 1198 1652 τὸν
1212 1621 1380 1662 ταξίαρχον
1395 1620 1436 1653 εἷς
1449 1622 1508 1659 τὴν
1523 1621 1632 1661 ὁμοίων

925 1672 1011 1712 τάξιν
1033 1673 1104 1711 ἡμῖν
1121 1677 1142 1703 :'
1160 1673 1224 1708 Qui
1248 1673 1371 1712 indiget
1394 1673 1500 1714 armis,
1515 1674 1631 1714 capiat,

927 1727 957 1754 et
975 1734 993 1754 a
1015 1723 1148 1754 cohortis
1168 1723 1312 1763 prcefecto
1332 1725 1365 1755 in
1390 1728 1528 1755 nostrum
1550 1726 1632 1755 ordi·

926 1784 995 1805 nem
1021 1775 1262 1805 transcribatur.-
1293 1775 1357 1805 nisi
1388 1773 1478 1806 forte
1504 1785 1633 1807 merce·

928 1823 1084 1865 narii(de
1101 1824 1221 1865 quibus
1245 1825 1314 1855 illic
1337 1825 1491 1866 loquitur
1507 1825 1631 1866 Cyrus)

929 1875 1008 1906 olim
1024 1884 1090 1905 non
1114 1874 1351 1906 scribebantur
1375 1875 1410 1906 in
1437 1875 1632 1914 indicibus;

930 1925 1075 1965 ideoque
1106 1925 1160 1956 hic
1185 1926 1385 1957 vertendum
1414 1926 1459 1957 sit
1486 1926 1633 1965 adscribi,

931 1975 1010 2016 quia
1026 1980 1107 2006 tunc
1125 1976 1270 2017 primum
1287 1975 1391 2007 scribi
1408 1976 1631 2017 incipiebant.

932 2027 1060 2058 Merito
1091 2032 1204 2058 autem
1232 2027 1328 2058 miles
1357 2027 1414 2058 ille
1440 2027 1529 2058 dixit
1557 2028 1634 2068 plus

930 2077 1047 2108 facere
1073 2078 1256 2118 Caesarem,
1279 2088 1379 2119 quam
1403 2078 1634 2119 promisisset:

930 2138 1006 2158 uam
1023 2128 1187 2159 honorum
1213 2128 1320 2169 magis
1336 2138 1436 2170 equo,
1453 2138 1554 2170 quam
1578 2138 1635 2169 pe-

932 2179 1031 2210 dibus
1048 2179 1206 2210 militare.
1230 2178 1348 2210 Livius
1365 2179 1422 2210 lib.
1435 2182 1466 2210 3.
1484 2181 1492 2195 ‘
1508 2180 1635 2211 Consul

933 2229 1072 2260 advolat
1085 2229 1126 2260 ad
1140 2228 1289 2270 equites:
1307 2228 1399 2270 agite
1410 2231 1566 2269 juvenes,
1584 2229 1634 2260 in-

933 2280 1019 2322 quit,
1040 2285 1206 2321 praestate
1235 2280 1364 2311 virtute
1402 2280 1567 2321 peditem,
1596 2284 1636 2311 ut

931 2331 1061 2361 honore
1079 2335 1181 2371 atque
1198 2329 1317 2360 ordine
1335 2330 1530 2370 praestatis:
1565 2330 1634 2361 Sed

931 2381 1003 2412 haec
1020 2381 1126 2412 cuivis
1139 2387 1231 2412 nota.
1261 2381 1394 2412 Vossius.
1416 2382 1425 2397 ‘
1441 2380 1497 2413 Ad
1512 2391 1636 2423 equum

933 2431 1142 2463 rescribere'
1174 2436 1226 2462 est
1255 2432 1423 2471 legionem
1449 2442 1536 2471 eam,
1560 2440 1637 2472 quae

933 2482 1086 2523 peditum
1109 2487 1194 2522 erat,
1225 2483 1260 2513 in
1284 2493 1459 2514 numerum
1483 2483 1638 2524 equitum

934 2535 1181 2573 transcribere3
1210 2545 1311 2576 qnam
1338 2545 1410 2566 esse
1433 2535 1638 2576 singularem

935 2585 1077 2617 Caesaris
1088 2586 1197 2617 nostri
1213 2584 1391 2617 formulam
1403 2586 1557 2617 observo.
1579 2584 1637 2616 Sic

935 2635 1007 2667 fere
1031 2637 1163 2668 Seneca
1185 2637 1284 2678 epist.
1311 2646 1359 2667 ιν.
1389 2636 1431 2666 ad
1458 2634 1636 2667 Lucilium.

935 2687 945 2702 ‘
961 2686 1074 2719 Quum
1090 2687 1256 2728 puerilem
1267 2687 1413 2717 animum
1426 2685 1637 2727 deposueris,

938 2741 974 2767 et
989 2741 1024 2767 te
1041 2738 1075 2768 iu
1091 2738 1200 2768 virum
1223 2736 1436 2777 philosophia
1451 2736 1637 2777 transcrip-

939 2787 1044 2818 serit.'
1105 2788 1181 2820 Quo
1205 2786 1431 2817 transcribendi
1458 2786 1563 2818 verbo
1594 2785 1638 2816 ad
