1818 3131
296 225 390 254 mu.
422 223 505 253 vn.
535 221 644 251 cAP.
676 210 745 250 81.
780 221 842 249 nn
878 221 1031 252 nunno
1064 221 1291 250 cAbmco.

62 323 98 349 et
111 319 190 350 Mss.
203 316 375 355 Sambnci,
388 320 423 347 et
436 316 574 346 aliorum
587 312 670 343 dant
682 313 763 342 mille

63 377 139 398 cnm
162 366 249 399 Edd.
277 367 403 406 primis,
428 366 507 395 item
535 363 670 393 Vascos.
696 362 764 392 Str.

62 418 179 458 Stepli.
195 423 228 448 ct
245 418 317 456 Gry
325 416 378 456 pb.
395 419 522 455 poster.

105 470 129 498 7-
155 467 300 506 Abditas]
334 466 408 496 Non
428 463 531 493 vertit
545 461 607 492 hoc
625 461 764 493 verbum

65 517 243 556 interpres.
298 515 337 544 In
369 514 450 544 Mss.
490 518 601 543 autem
635 516 766 552 septem

65 565 228 595 scribitur
257 562 393 600 addilae,
424 562 523 592 solita
560 561 767 592 confusione.

65 614 103 646 ln
121 614 240 645 Petav.
258 622 338 644 vero
353 614 517 643 adductas.-
542 612 630 642 unde
654 616 768 652 posset

66 664 144 705 legi,
159 664 318 701 abductas,
335 664 395 694 i,e.
414 667 557 693 remotas
573 662 614 693 ab
631 663 767 694 cnloco.

66 715 193 746 Verum
211 724 275 745 non
293 724 376 754 opus
392 714 424 744 id
440 718 503 744 est.
535 713 669 744 Abditas
684 713 721 743 ab
737 722 769 743 eo

65 765 126 796 1000
140 769 236 795 notat
253 764 437 803 sejunctas,
452 764 651 795 abstractas.
677 764 769 794 Male

66 815 155 846 enim
178 815 277 854 vulgo
307 819 382 855 post
405 815 468 844 loco
491 814 680 854 ponebatur
706 814 770 844 dis-

67 865 212 902 tinctio;
251 869 285 896 et
316 864 444 895 frustra
472 864 681 904 conjiciebat
711 865 772 894 Vir

67 915 214 953 Doctus,
230 914 271 945 ad
293 914 343 945 sui
359 914 436 944 libri
458 914 642 953 marginem
657 914 769 944 editus.

65 965 144 996 Sine
161 965 276 1002 dubio,
305 964 393 1004 quod
415 963 560 995 credidit
582 963 706 994 abditus
726 964 771 993 nil

68 1018 200 1053 notare,
227 1014 289 1044 nisi
315 1015 498 1045 occultum.
535 1013 602 1044 Sed
627 1014 692 1044 alia
715 1013 772 1044 ‹lo-

66 1066 140 1097 enit
156 1075 216 1097 nos
241 1065 390 1096 Gronov.
415 1065 457 1095 de
482 1066 565 1096 Pec.
580 1066 659 1095 Vet.
677 1073 724 1095 iv.
742 1067 771 1095 8.

68 1115 190 1146 Tibull.
214 1123 255 1144 ιι.
274 1116 302 1144 1.
319 1115 372 1144 89.
408 1114 417 1130 ‘
435 1113 526 1143 Hinc
551 1113 669 1153 procul
683 1112 772 1143 abde

69 1164 185 1197 faces:
207 1163 295 1194 Vide
311 1163 415 1194 etiam
431 1162 474 1193 ad
492 1171 540 1193 vr.
560 1166 591 1193 5.

112 1222 224 1246 Lxxx.
270 1217 288 1245 5
327 1214 473 1244 Omnium
498 1212 632 1243 militum
662 1212 775 1243 intenti

69 1265 168 1296 animi
180 1273 295 1305 ρης-πω
309 1266 450 1294 eventum
463 1261 696 1302 exspectabant]
734 1261 775 1292 In

72 1315 159 1354 aliis,
175 1323 276 1344 ornnes
295 1313 406 1343 milites
427 1312 542 1343 intenti
561 1322 675 1352 pugna:
690 1321 776 1342 eten-

73 1368 142 1395 tmn
166 1362 396 1403 exspectabant,
420 1371 459 1392 ac
483 1361 530 1391 sic
557 1361 643 1400 legit
667 1361 776 1391 Meta-

76 1414 245 1453 phrastes.
298 1412 382 1442 Mss.
420 1415 534 1442 autem
570 1411 706 1441 Carrar.
744 1413 778 1440 ct

76 1463 220 1495 Norvic.
232 1471 292 1502 pro
304 1460 779 1499 erentuexhibentprorentum,

77 1522 155 1553 qnae
172 1520 252 1543 sane
269 1521 333 1542 vox
357 1510 455 1552 (licet
472 1511 543 1551 ejus
565 1520 644 1541 usus
665 1511 730 1542 hoc
747 1510 780 1540 in

77 1572 179 1596 sensu
194 1563 237 1594 sit
253 1561 374 1601 rarior)
384 1561 472 1593 idern
486 1562 577 1592 valet
592 1571 631 1592 ac
643 1565 764 1592 eremus
774 1571 784 1591 .·

76 1623 147 1655 qua
185 1613 226 1644 de
258 1622 358 1643 causa
394 1612 565 1652 vulgatam
599 1611 782 1642 lectionem

78 1663 306 1696 Glossematis
329 1667 523 1702 suspectam
550 1661 670 1692 habeo.
707 1660 783 1691 Vir-

82 1714 182 1754 gilius
211 1713 285 1744 AEn.
303 1721 371 1743 xu.
387 1714 462 1743 427.
495 1713 505 1728 ⁴
525 1711 605 1743 Non
629 1711 700 1742 haec
724 1711 783 1741 hu-

84 1764 191 1795 manis
206 1762 340 1803 opibus,
357 1771 422 1792 non
438 1767 510 1793 arte
527 1761 686 1802 magistra
703 1761 784 1792 Pro-

83 1812 247 1845 veniant!
288 1812 395 1842 Plura
418 1811 614 1850 collegimus
641 1815 711 1840 not.
740 1810 781 1840 ad

81 1864 220 1904 hujusce
236 1861 313 1893 libri
328 1871 357 1893 c.
374 1864 427 1892 29.
459 1860 573 1891 Dacis.
596 1860 682 1891 Mss.
699 1860 784 1899 Reg.

84 1914 211 1946 miens.
226 1915 262 1943 et
278 1910 389 1942 Vossii
403 1919 506 1941 omnes
527 1908 642 1940 milites
662 1909 785 1939 intenti.

84 1964 195 1995 Clark.
223 1963 280 1993 Sic
291 1963 394 1993 etiam
405 1961 472 1992 mei
485 1961 636 2001 plerique
649 1965 685 1991 et
697 1959 785 1991 Edd.

85 2015 224 2056 primae:
250 2013 310 2045 sed
333 2013 384 2044 uti
409 2013 510 2053 vulgo
529 2012 654 2048 editur,
674 2014 788 2042 exstat

83 2066 119 2098 iu
141 2065 261 2105 anac.
288 2063 416 2104 Scalig.
439 2062 534 2093 Leid.
563 2071 615 2102 pr.
640 2061 729 2091 And.
753 2064 787 2091 et

85 2114 200 2146 Oxon.
212 2123 252 2144 ac
266 2113 400 2144 Carrar.
413 2112 447 2142 in
459 2121 523 2153 quo
538 2111 622 2142 male
633 2109 788 2141 intentati.

88 2163 177 2196 Edd.
188 2163 289 2194 Vasc.
305 2161 450 2200 Sti-adae,
467 2161 638 2201 R.Stepl1.
657 2160 788 2200 Gryph.

90 2218 176 2256 post.
195 2224 222 2244 ο.
238 2212 352 2244 milites
367 2212 480 2242 intenti
490 2211 610 2241 animis.
647 2210 734 2240 Vide
747 2209 789 2240 ad

90 2264 163 2297 Liv.
175 2273 202 2295 1.
214 2266 265 2294 25.
292 2263 301 2280 ‘
316 2262 358 2293 In
370 2261 600 2302 spectaculum
615 2260 727 2290 animo
742 2259 789 2289 in-

90 2311 313 2346 tenduntur?
342 2315 377 2342 et
404 2311 457 2342 Cl.
483 2311 600 2341 Burni.
625 2308 668 2339 ad
695 2309 789 2340 Suet.

87 2363 161 2398 Jul.
178 2372 207 2394 c.
225 2366 276 2394 65.
316 2361 476 2392 Ceterum
489 2362 665 2400 proventum
680 2360 792 2398 legen-

89 2412 170 2447 dum
201 2411 408 2443 auctoritate
442 2410 609 2441 Mstorum
642 2417 791 2439 meorum

89 2463 267 2500 tredecim,
283 2462 317 2493 in
335 2460 458 2502 quibus
473 2460 580 2498 Bong.
597 2468 647 2499 pr.
665 2457 791 2489 Andin.

89 2513 203 2546 oxon.
218 2512 313 2544 Lcid.
336 2521 388 2552 pr.
414 2511 539 2542 Lovan.
561 2509 715 2540 Vossian.
740 2518 791 2548 pr.

91 2562 255 2604 Egmund.
281 2567 320 2593 ut
341 2566 377 2592 et
405 2561 538 2591 Carrar.
562 2568 625 2590 nec
649 2567 716 2589 non
730 2557 793 2589 Ed.

97 2612 171 2644 Ine.
187 2613 333 2646 Consule
356 2617 454 2643 notas
480 2610 522 2642 ad
545 2619 611 2641 vn.
625 2612 677 2640 29.
710 2611 719 2626 ⁴
738 2610 793 2639 Se-

95 2662 225 2695 cundus
240 2672 353 2694 rerum
369 2666 552 2703 proventus
568 2658 793 2700 exspectent!

135 2714 158 2743 9
187 2712 352 2754 Imaum]
380 2713 488 2752 Bong.
511 2710 610 2751 prim.
637 2709 732 2741 Leid.
745 2718 794 2750 pr.

94 2761 212 2795 oxon.
243 2763 344 2796 vous.
372 2762 472 2804 prim.
511 2762 632 2794 Petav.
665 2760 794 2792 Lovan.

1404 209 1517 252 1259

818 316 911 351 Eam.
927 316 1093 352 Scaliger
1105 316 1252 356 quinque
1267 315 1320 346 alii
1337 324 1413 346 cum
1430 315 1516 345 Edd.

818 365 896 394 Ber.
927 366 1064 395 Vascos.
1095 367 1159 396 Str.
1184 366 1303 406 steph.
1330 370 1364 396 et
1384 365 1517 406 Grypli.

818 419 905 453 post.
933 415 1063 453 inpetum.
1092 416 1221 452 Recte3
1247 425 1350 456 quare
1373 415 1518 456 reposui.

819 463 906 494 Vide
922 465 1232 506 collecta-exempla
1250 467 1289 496 ad
1306 476 1328 497 i.
1340 469 1390 497 ²0.
1414 468 1423 484 ‘
1435 466 1519 497 Nos-

819 518 946 544 trorum
979 515 1113 554 inpetus
1152 517 1316 546 sustinere
1348 526 1413 547 non
1445 525 1520 556 pos-

818 564 916 595 sent.'

862 617 902 644 10
930 615 1042 652 Pugna
1058 616 1242 655 superiores]
1275 617 1427 655 Egregiae
1453 615 1520 648 illae

820 663 1024 694 membrana>
1053 665 1196 695 Andinaf
1225 671 1259 695 et
1284 666 1443 697 Leidens.
1470 675 1522 705 pr.

821 713 977 754 praebcnt
1006 724 1131 754 pugnoe.
1178 715 1277 746 Quod
1307 724 1370 744 non
1393 720 1522 745 temere

821 764 945 804 rejicio.
995 763 1177 794 innumera
1201 765 1371 804 adjectiva
1398 765 1523 796 liabent

821 824 911 854 saepe
948 814 1146 845 Genitivum
1183 815 1244 845 sibi
1271 815 1427 855 junctum
1463 824 1523 855 pro

823 864 997 896 Ablativo.
1043 865 1159 895 ‘Acer
1189 866 1285 895 lwlli'
1315 866 1402 896 Veli.
1435 874 1459 896 1.
1491 867 1523 895 3.

823 915 910 945 vide
943 916 1060 946 Barth.
1093 916 1133 945 ad
1163 916 1334 946 claudian.
1360 925 1383 946 1.
1410 915 1525 948 Rufln.

824 967 897 994 171.
916 969 950 995 et
974 964 1117 995 Cerdam
1135 965 1176 995 ad
1199 965 1316 1005 virgil.
1333 966 1457 1005 Georg.
1475 973 1525 997 iv.

823 1017 897 1044 491.
937 1013 1070 1044 ‘Animi
1106 1015 1234 1045 victus?
1281 1015 1456 1046 Hcinsium
1483 1014 1526 1045 ad

824 1063 978 1104 ejusdem
997 1065 1035 1095 B.
1054 1065 1190 1095 Gildon.
1205 1068 1279 1095 281.
1314 1067 1322 1083 ‘
1342 1064 1454 1095 Animi
1473 1073 1528 1094 an-

825 1124 907 1153 ceps
920 1114 939 1151 ;’
963 1116 971 1131 ‘
988 1113 1109 1144 dubius
1125 1114 1244 1144 animi'
1263 1115 1355 1146 Hirt.
1372 1115 1412 1145 B.
1425 1113 1526 1145 Alex.

825 1173 854 1194 c.
870 1166 941 1194 56.:
967 1164 1024 1194 ubi
1042 1163 1117 1194 vide
1135 1164 1240 1203 plura.
1260 1164 1302 1195 G.
1317 1164 1475 1194 Vossium
1487 1163 1528 1194 ad

824 1213 946 1244 Vellei.
959 1222 984 1244 1.
997 1217 1028 1243 5.
1063 1214 1071 1229 ‘
1091 1213 1288 1253 Disciplinae
1305 1213 1531 1245 clarissimus!

827 1262 1071 1302 Drakenburg.
1099 1263 1142 1294 ad
1165 1263 1282 1294 Silium
1302 1272 1351 1294 Χι.
1369 1266 1420 1294 26.
1449 1264 1457 1280 ‘
1476 1273 1531 1294 ve-

827 1318 985 1354 teresque
999 1313 1149 1344 doloris!
1179 1313 1371 1344 Markland.
1385 1313 1427 1343 ad
1441 1313 1530 1344 Stat.

827 1362 908 1393 Silv.
933 1371 967 1393 v.
993 1365 1023 1393 3.
1046 1366 1119 1393 109.
1163 1364 1171 1380 ‘
1186 1364 1363 1404 Famaeque
1386 1363 1531 1394 obscura

822 1412 957 1452 jaceres
971 1411 990 1442 :²
1037 1412 1086 1442 uti
1116 1416 1167 1443 est
1198 1421 1330 1453 quoque
1368 1413 1402 1442 in
1435 1413 1531 1443 Msto

831 1462 941 1502 amici,
971 1472 989 1493 a
1022 1471 1075 1493 me
1110 1463 1193 1493 viso.
1249 1463 1408 1504 Denique
1441 1463 1531 1493 Ciar.

832 1511 1021 1551 Dukerum,
1052 1516 1087 1542 et
1115 1521 1196 1553 quos
1226 1512 1353 1551 laudat,
1377 1512 1420 1542 ad
1441 1512 1533 1543 Flor.

832 1570 888 1592 111.
910 1564 961 1592 17.
993 1562 1002 1579 ‘
1019 1561 1156 1601 AEgrum
1180 1571 1291 1592 rernm
1315 1567 1444 1593 temere
1464 1571 1532 1593 mo·

834 1611 965 1642 tarum.’
1005 1611 1103 1642 Adde
1119 1616 1238 1642 notata
1260 1611 1302 1642 ad
1332 1613 1459 1643 Lucan.
1492 1620 1534 1644 11.

833 1664 909 1692 213.
945 1663 954 1678 ‘
973 1661 1018 1692 Et
1034 1665 1146 1702 strage
1162 1666 1302 1692 cruenta
1317 1662 1534 1702 Interruptus

835 1721 931 1752 aquae
955 1710 1053 1742 fluxit
1079 1711 1171 1751 prior
1196 1712 1301 1742 amnis
1325 1712 1357 1742 in
1384 1710 1534 1752 aequor?

835 1760 890 1790 ubi
909 1765 942 1791 et
958 1761 1022 1800 legi
1047 1770 1143 1801 posse
1159 1771 1255 1801 aquus
1269 1761 1391 1792 docent
1415 1761 1536 1792 Avieni

835 1810 907 1841 loca
925 1820 942 1840 a
959 1820 1012 1841 me
1028 1810 1195 1850 producta
1216 1811 1248 1840 in
1271 1811 1371 1842 Misc.
1390 1811 1536 1842 Observ.

835 1860 913 1890 Vol.
934 1869 967 1890 v.
986 1870 1061 1899 pag.
1077 1864 1129 1891 69.
1167 1860 1232 1891 Sed
1256 1860 1400 1901 praefero
1424 1865 1537 1892 tamen

837 1909 1007 1940 Mstornm
1024 1909 1217 1941 lectionem.

881 1967 1014 1991 Lxxxn
1042 1963 1062 1990 6
1097 1961 1148 1991 De
1174 1961 1253 1991 talto
1275 1960 1454 2001 deturbare]
1483 1961 1539 1992 Sic

838 2009 973 2051 quidem
983 2015 1143 2041 exaratur
1153 2011 1186 2040 in
1196 2010 1284 2042 And.
1297 2011 1407 2042 Oxon.
1421 2010 1538 2051 Cujac.

839 2068 874 2094 et
887 2063 1007 2103 Scalig.
1021 2062 1318 2103 Atperturbare,ut
1332 2073 1362 2094 c.
1379 2066 1431 2094 86.
1461 2065 1470 2080 ‘
1488 2064 1540 2094 Ex

839 2112 1005 2151 turribus,
1043 2112 1251 2151 detnrbant‚'
1290 2113 1376 2143 male
1413 2112 1542 2144 habent

841 2162 933 2193 Leid.
962 2172 1013 2202 pr.
1041 2163 1164 2193 Petav.
1192 2163 1319 2194 Lovan.
1347 2166 1381 2193 et
1404 2171 1463 2193 sex
1487 2162 1542 2193 alii

841 2221 916 2242 cum
946 2211 1035 2242 Edd.
1066 2211 1193 2252 primis.
1243 2212 1433 2243 Proturbare
1464 2221 1542 2243 vero

841 2263 924 2292 Mss.
951 2262 1078 2301 Ursini,
1117 2262 1263 2301 Brantii,
1296 2263 1460 2302 Bougars.
1492 2272 1543 2302 pr.

841 2312 992 2343 Vossian.
1016 2322 1067 2352 pr.
1094 2312 1262 2353 Egmund.
1288 2316 1323 2342 et
1352 2312 1446 2343 Leid.
1475 2322 1543 2344 sec.

843 2371 916 2393 cum
934 2362 996 2393 Ed.
1021 2362 1199 2400 Beroaldi;
1223 2366 1324 2402 atque
1339 2362 1386 2392 ita
1410 2362 1543 2402 Lipsius

843 2412 894 2442 sui
910 2412 989 2442 libri
1001 2421 1069 2442 orae
1087 2411 1214 2442 adlevit
1230 2412 1420 2452 legendum.
1443 2412 1543 2444 Quod

843 2462 923 2492 mihi
939 2467 1052 2493 tamen
1069 2471 1136 2492 non
1161 2462 1286 2502 placet.
1336 2463 1376 2492 Β.
1398 2462 1469 2494 Civ.
1487 2471 1544 2492 111.

843 2515 897 2544 21.
919 2513 928 2529 ‘
942 2521 1017 2544 eum
1035 2513 1076 2543 de
1096 2512 1253 2543 tribunali
1275 2511 1489 2550 deturbavit‚'
1507 2516 1546 2541 ut

844 2567 895 2594 est
919 2563 952 2593 in
977 2563 1060 2594 Mss.
1086 2563 1242 2602 optimis:
1272 2572 1347 2592 nam
1369 2564 1405 2591 et
1428 2560 1546 2591 eadem

845 2612 892 2644 ibi
906 2612 1066 2645 confusio.
1081 2613 1122 2644 B.
1136 2613 1208 2644 Civ.
1223 2621 1279 2643 ιιι.
1295 2615 1347 2642 67.
1363 2613 1371 2627 ‘
1389 2610 1545 2650 Pompei-

844 2672 923 2693 anus
946 2673 988 2694 ex
1005 2663 1092 2694 vallo
1112 2661 1331 2693 deturbavit!
1368 2661 1409 2690 B.
1434 2658 1546 2693 Afric.

843 2723 877 2745 e.
891 2716 944 2745 39.
975 2715 984 2731 ‘
1004 2713 1265 2754 praesidiumque
1288 2710 1366 2740 inde
1389 2709 1548 2740 deturba-

845 2762 944 2794 rent!
992 2763 1066 2795 Liv.
1093 2771 1148 2792 iu.
1176 2763 1230 2792 22.
1269 2761 1278 2777 ‘
1296 2759 1434 2791 Volscos
1460 2759 1548 2791 vallo
