1818 3131
358 184 897 227 ιΛΒ.νηι.οΑΡ.46.οΕ
934 193 1086 226 nacho
1119 193 1345 225 GALLux»

126 287 216 319 orius
237 293 271 320 et
297 290 484 320 Scriverius
509 289 595 321 male
619 297 638 319 e
653 288 735 319 Mss.
751 287 822 328 qui-

127 338 267 369 busdam
284 339 315 369 in
331 339 393 369 ima
411 347 602 378 reposuere.
618 337 640 367 1.
654 345 707 367 ιιι.
722 346 754 376 p.
768 338 821 366 all.

123 388 405 429 ‘Magistratibus
443 392 622 428 eorumque
660 387 820 417 ministris

123 443 159 469 et
189 439 297 469 turbae
328 438 552 469 miscellaneae
580 442 704 468 cuncta
735 446 821 467 com-

122 488 239 527 pleta)
297 489 352 519 Sic
386 488 468 518 Mss.
499 491 533 518 ct
571 487 657 517 Eud.
692 491 822 526 praeter

120 537 267 567 Scriver.
285 537 374 567 turbu
395 536 589 568 miscellanea
615 537 636 567 l.
652 544 700 566 ιν.
718 547 750 577 p.
767 539 820 567 78.

119 585 130 602 ‘
146 584 260 616 Onere
277 591 423 617 vecturae
439 586 536 617 simul
554 591 588 617 et
610 596 737 626 asperae
756 587 818 618 viae

119 634 183 666 toti
214 633 369 675 fatigati!
426 637 516 667 Male
548 636 616 667 illic
646 637 734 667 Scal.
764 637 818 667 El-

117 686 228 717 menli.
244 687 352 717 Sci-iv.
366 692 401 718 ct
419 687 474 718 alii
491 688 670 727 asperitate.
687 687 708 718 1.
727 696 765 718 11.
784 698 816 728 p.

119 739 170 768 42.
194 739 202 753 ⁴
217 737 320 768 caedis
337 737 539 778 fatigatum?

164 790 200 816 15
227 787 356 819 Omnem
385 787 468 827 regn]
513 787 594 819 Mss.
624 787 732 827 Bong.
764 797 815 828 pr.

116 836 285 875 Vossiani,
312 839 435 869 Lovan.
463 838 631 878 Egmund.
656 842 691 869 et
713 841 733 868 4
760 838 817 868 alii

117 895 193 917 cum
211 887 297 919 Edd.
324 888 451 927 primis,
477 889 558 919 item
575 889 673 920 Vasc.
698 889 815 929 Steph.

115 937 255 978 aliisque
283 948 399 969 omnem
428 939 512 969 illam
541 949 607 978 reg.
647 939 735 980 quod
773 949 815 970 ne

115 994 255 1026 spernas
272 993 414 1026 temere,
431 988 600 1030 adeasque
618 989 660 1019 ad
678 997 744 1020 vn.
761 992 814 1020 21.

158 1039 199 1067 16
224 1037 369 1077 Finibus]
393 1038 539 1070 Codices
558 1039 707 1070 nonnulli
721 1039 815 1079 fines.

113 1086 214 1119 Quod
231 1088 320 1118 idem
337 1093 400 1120 est.
426 1090 534 1120 Clark.
581 1089 684 1120 Fines.
722 1090 813 1127 Lege

101 1137 236 1178 finibus,
267 1139 471 1171 auctoritate
503 1139 667 1180 Bongars.
699 1139 812 1178 trium,

113 1188 238 1219 Lovan.
278 1189 364 1221 Pall.
403 1190 563 1230 Gottorp.
603 1189 812 1230 aliorumque

111 1237 277 1271 codicum.
321 1240 388 1270 Sed
406 1244 439 1270 et
468 1239 634 1270 Latinitas
653 1239 737 1269 hanc
754 1238 811 1269 fla-

109 1288 197 1327 gitat
211 1289 400 1320 lectionem.
424 1290 534 1320 Daris.
551 1298 618 1320 cur.
635 1298 703 1319 sec.

155 1341 196 1370 19
227 1340 342 1370 Omnes
370 1342 535 1369 com-entus
558 1337 812 1378 permicat-risset]

112 1389 286 1420 Conventus
308 1395 406 1420 vocat
428 1389 554 1430 oppida
570 1387 726 1428 quaedam
743 1398 810 1418 suae

109 1440 391 1480 provinciae,juri
408 1440 553 1471 dicendo
569 1439 708 1469 selecta.
755 1440 810 1469 De

107 1489 170 1520 hac
208 1490 302 1521 verbi
336 1491 474 1521 notione
510 1489 675 1520 videndus
711 1488 810 1520 Joan.

108 1539 201 1571 Frid.
219 1539 412 1572 Gronovius
437 1539 582 1571 Observ.
612 1547 667 1569 ιιι.
695 1541 747 1568 22.
776 1547 808 1578 p.

105 1592 182 1621 638.
227 1592 338 1622 Dacis.

149 1643 191 1671 22
216 1641 254 1671 Iu
277 1651 373 1680 remp.
390 1640 422 1678 f.
441 1641 536 1671 totius
560 1640 601 1670 G.
622 1638 699 1678 defi]
725 1637 806 1670 Mss-

106 1690 191 1731 Reg.
208 1691 333 1723 Eliens.
355 1695 391 1722 et
407 1691 531 1729 Vossfi,
555 1694 591 1721 et
607 1689 694 1720 Edd.
711 1689 805 1720 Vett.

103 1740 206 1771 animo
223 1739 351 1781 fuisset,
374 1740 409 1771 in
439 1741 536 1771 totins
565 1740 606 1770 G.
623 1738 805 1776 desectione.

106 1790 213 1822 Clark.
258 1790 410 1822 Aliorum
433 1799 566 1831 qnoque
594 1795 631 1820 et
658 1790 723 1820 mei
752 1799 807 1820 co-

104 1840 197 1871 dices
232 1841 400 1881 plerique,
436 1849 512 1871 cum
550 1839 639 1870 Edd.
677 1839 804 1879 primis,

96 1889 212 1936 fnisset
237 1891 340 1922 animo
363 1891 397 1921 in
417 1890 517 1921 ‘totius
545 1889 589 1920 G.
619 1889 682 1927 def.
728 1889 803 1920 Nec

102 1941 202 1973 male.
223 1941 349 1973 Verum
362 1945 477 1972 tamen
490 1949 565 1971 cum
584 1938 672 1970 And.
689 1939 802 1971 Oxon.

102 1990 202 2023 Leid.
216 2000 267 2032 pr.
284 1991 400 2031 Cujac.
413 1990 533 2021 Petav.
548 1989 675 2029 Scalig.
689 1989 801 2020 Palat.

101 2046 137 2072 et
153 2042 261 2082 Bong.
277 2046 358 2073 tert.
375 2041 559 2078 retineant,
573 2038 717 2079 praefero
735 2039 804 2069 vul-

102 2096 237 2132 gatum:
263 2092 327 2122 nisi
345 2090 434 2132 qnod
458 2090 571 2120 malim
588 2099 663 2121 cum
688 2089 801 2120 Oxon.

101 2145 140 2172 et
155 2141 252 2174 Leid.
270 2151 321 2181 pr.
350 2141 389 2171 In
406 2140 594 2181 Republica.-
616 2149 692 2181 quae
709 2149 802 2171 caus-

102 2199 140 2222 sa
162 2190 310 2230 videtur,
338 2200 400 2222 cur
426 2190 590 2231 ejecerint
617 2189 801 2229 Republica.

101 2240 190 2272 Vide
207 2241 250 2272 ad
278 2241 318 2271 B.
336 2241 380 2272 G.
408 2249 432 2271 1.
457 2243 489 2271 6.
512 2243 521 2257 ⁴
537 2238 637 2272 Quod
653 2239 801 2270 nondum

99 2291 188 2323 bono
205 2291 314 2322 animo
335 2291 368 2321 in
393 2290 518 2331 populo
542 2290 693 2320 Romano
709 2289 801 2320 vide-

99 2341 243 2373 rentur!
286 2340 470 2380 Defectione
487 2340 627 2381 ponitur
641 2340 734 2381 quasi
750 2349 800 2370 es-

100 2396 154 2423 set
173 2391 357 2423 Ablativus
375 2390 552 2431 temporis,
579 2394 617 2421 ut
632 2389 724 2429 ludis,
738 2390 800 2420 dis·

97 2442 247 2481 semime,
261 2442 315 2481 &a
359 2440 448 2472 Vide
461 2440 503 2471 ad
517 2449 557 2470 11.
576 2442 605 2471 1.
621 2439 631 2456 ‘
648 2439 797 2480 Imperio

97 2492 215 2532 populi
230 2491 397 2522 Romani!

139 2543 181 2573 23
206 2541 383 2573 Provinciae
403 2541 500 2581 illius]
522 2539 642 2571 Scribe
668 2539 798 2570 Protin-

100 2591 171 2631 cioe,
197 2597 233 2623 et
249 2592 383 2623 omnino
405 2592 480 2622 dele
496 2591 590 2622 illius.
636 2590 690 2621 lta
706 2590 797 2620 enim

99 2648 235 2682 smper
254 2642 404 2683 loquitur
431 2643 559 2680 Caesar,
582 2651 658 2672 cum
674 2641 796 2671 Roma-

97 2700 216 2724 norum
236 2694 430 2725 Provinciam
455 2694 522 2724 κατ’
546 2693 657 2733 ἐξοχὴν
673 2702 796 2723 memo-

99 2745 163 2773 rat.
208 2744 316 2775 Deest
332 2754 396 2775 vox
417 2745 501 2775 illius
524 2744 559 2774 in
584 2745 648 2775 Ms.
666 2743 793 2783 Regio3

97 2792 183 2825 etin
205 2792 280 2824 aliis
305 2794 388 2827 Mss.
412 2794 582 2836 editisque
597 2792 794 2835 Veteribus,

1464 185 1575 227 1319

874 293 1033 329 corrupte
1051 289 1189 320 emersit
1215 296 1257 320 ex
1274 292 1438 330 sequente
1455 290 1575 320 vocula

872 336 938 372 lus,-
963 348 1036 378 quae
1055 340 1170 380 utique
1193 339 1289 370 deest
1317 339 1350 369 in
1379 339 1416 369 iis
1440 337 1573 369 Codici—

874 386 946 424 bus,
962 387 993 417 in
1012 389 1132 428 quibus
1148 390 1271 429 legitur
1287 390 1377 429 prior
1395 389 1460 420 ista
1475 388 1572 421 (Iliun.

873 437 980 467 Clark.

914 488 1017 518 Illius.
1063 488 1127 519 His
1142 489 1232 520 rebus
1246 490 1409 531 consectis]
1432 490 1570 522 Initium

871 538 992 578 capitis
1007 538 1117 569 alieno
1141 539 1215 570 loco
1233 540 1380 580 ponitur,
1405 542 1573 572 sententia

870 589 959 619 enim
986 599 1061 630 qua²
1089 593 1277 630 praecessit,
1322 602 1438 623 manca
1469 591 1508 624 sit
1535 598 1572 624 et

870 639 992 671 hiulca.
1038 641 1269 672 Dis-tinctione
1297 647 1438 681 mutata,
1463 647 1571 673 totam

868 689 956 727 ῥῆσιν
986 690 1034 721 sic
1063 690 1204 721 ordina:
1241 692 1250 708 ‘
1271 691 1381 723 Quum
1412 691 1572 723 celeriter

868 749 984 771 omnes
1034 747 1223 772 conventus
1276 741 1570 782 percucurrisset;

868 789 1022 829 publicas
1047 791 1299 822 controversias
1328 792 1570 831 cognovisset;

868 839 954 870 bene
969 840 1095 871 moritis
1109 842 1249 881 praemia
1264 842 1458 879 tribuisset3
1475 844 1570 883 (cog-

867 891 1026 921 noscendi
1057 891 1145 922 enim
1169 892 1348 922 maximam
1367 891 1568 923 facultatem

866 939 1027 979 habebat,
1072 941 1161 981 quali
1201 942 1344 983 quisque
1387 942 1497 972 animo
1535 942 1568 972 in

866 989 990 1029 Remp.
1013 988 1145 1030 fuisset,
1172 992 1276 1022 totius
1305 992 1426 1023 Galliae
1453 990 1569 1022 defec-

865 1039 971 1076 tione,
998 1049 1095 1080 quam
1113 1041 1320 1072 sustinuerat
1347 1041 1514 1072 fidelitate
1532 1046 1568 1072 et

865 1090 997 1120 auxiliis
1033 1091 1216 1130 provinciae
1247 1092 1350 1131 illins)
1383 1092 1434 1122 his
1466 1092 1566 1122 rebus

865 1137 1042 1179 consectis,
1072 1140 1115 1170 ad
1143 1141 1314 1180 legiones‚'
1344 1144 1407 1172 &a
1459 1141 1568 1172 Simili

863 1188 963 1220 modo
990 1195 1171 1230 peccatum
1200 1190 1296 1222 initio
1323 1191 1455 1222 Tatiani
1481 1196 1566 1222 orat.

864 1238 906 1268 ad
931 1238 1083 1270 Graecos.
1129 1239 1275 1280 Μαρσύου
1301 1240 1345 1280 δὲ,
1370 1240 1568 1282 ὶῐιψιίι,«καὶ

862 1288 1022 1327 Ὀλύμπου
1051 1291 1110 1327 τὴν
1137 1292 1307 1329 αὐλητικὴν
1336 1290 1565 1331 ἆπηνέγκασθε.

863 1339 953 1370 Dein
992 1340 1124 1371 orditur
1161 1346 1266 1381 caput
1301 1342 1486 1373 secundum
1515 1343 1566 1373 his

862 1389 972 1420 verbis
989 1400 995 1419 ε
1021 1389 1139 1429 Φρύγες
1162 1390 1194 1420 δὲ
1210 1391 1238 1420 οἱ
1252 1390 1429 1431 ἀμφότεροι,
1447 1391 1506 1427 τὴν
1517 1392 1566 1423 διὰ

861 1449 1009 1479 συριγγος
1033 1438 1178 1479 ἁρμονίαν
1201 1440 1338 1480 ἄγροικοι
1358 1440 1567 1477 συνεστήσαν-

859 1499 907 1519 το.
931 1489 1072 1520 Vitiose.
1121 1490 1394 1530 Restituendum,
1418 1490 1565 1530 Μαρσύου

859 1538 909 1568 καὶ
919 1539 975 1568 Ὀλ
982 1537 1078 1577 ύμπου
1089 1540 1146 1576 τὴν
1155 1539 1324 1577 αὐλητικὴν
1335 1539 1562 1579 ἆπηνέἾκασθε.

859 1587 975 1627 Φρύγες
988 1588 1020 1619 δὲ
1034 1589 1063 1619 οἱ
1073 1589 1248 1630 ἀμφότεροι.
1272 1590 1334 1626 Τὴν
1343 1589 1392 1620 διὰ
1403 1589 1562 1630 σύριγγος,

859 1642 923 1670 &c.
972 1640 1126 1681 Phryges
1149 1641 1236 1671 enim
1262 1639 1365 1671 fuisse
1387 1641 1562 1680 Marsyam

859 1694 894 1720 et
909 1689 1095 1730 Olympum
1109 1690 1237 1722 diserte
1260 1694 1403 1721 testatus
1417 1694 1468 1721 est
1485 1690 1560 1721 Cle-

857 1748 950 1769 mens
963 1739 1213 1771 Alexandrinus
1226 1740 1350 1772 Strom.
1365 1740 1387 1771 l.
1400 1750 1423 1772 1.
1438 1751 1470 1781 p.
1483 1742 1559 1772 225.

856 1789 911 1820 ed.
929 1790 1036 1830 Lngd.
1074 1791 1186 1821 Prava
1214 1795 1326 1821 tamen
1354 1791 1426 1822 haec
1454 1791 1559 1821 inter-

856 1839 996 1878 punctio
1021 1840 1292 1879 Metaplirastem
1318 1845 1354 1871 et
1378 1850 1494 1872 omnes
1522 1840 1561 1871 il-

854 1890 919 1920 lius
936 1890 1096 1920 orationis
1111 1890 1260 1921 editores
1277 1889 1415 1920 fefellit.
1447 1890 1558 1921 Dacis.

853 1939 1074 1970 —Procinciae
1097 1939 1206 1975 illius,·
1228 1939 1278 1970 his
1292 1939 1382 1970 rebus
1403 1939 1560 1979 confectis,

852 1989 904 2027 ᾅτ.
951 1989 1008 2020 Ita
1043 1989 1172 2028 optime
1209 1989 1424 2029 interpunxit
1453 1989 1560 2020 Davi-

853 2040 934 2080 sius,
978 2040 1157 2081 (excepto,
1189 2040 1276 2080 quod
1302 2050 1432 2078 vocem,
1462 2039 1558 2079 illius,

853 2089 1033 2121 delendam
1049 2099 1115 2121 non
1131 2090 1263 2121 viderat
1277 2090 1302 2128 ;)
1315 2100 1391 2121 cum
1407 2089 1464 2121 alii
1481 2089 1555 2121 fere

854 2141 1024 2181 Editores,
1047 2140 1212 2172 distracta
1236 2141 1347 2172 media
1374 2141 1558 2181 sententia,

852 2201 973 2223 novam
987 2192 1183 2223 sectionem
1202 2191 1244 2223 ab
1259 2192 1335 2223 istis
1347 2192 1473 2232 verbis,
1489 2192 1556 2224 His

850 2242 937 2272 rebus
964 2241 1123 2280 confectis,
1152 2242 1364 2283 ineptissime
1393 2243 1555 2283 nulloque

851 2301 966 2323 sensus
1007 2293 1150 2334 vestigio
1189 2293 1422 2325 exordiantur.
1479 2295 1555 2325 Sus-

850 2351 957 2382 pensa
994 2343 1082 2373 enim
1113 2348 1165 2373 est
1196 2343 1261 2374 isto
1291 2343 1391 2375 modo
1422 2344 1554 2384 periodi

851 2392 1079 2432 praecedentis
1108 2393 1333 2433 constructio,
1357 2393 1552 2434 nullamque

848 2441 951 2472 habet
980 2441 1136 2472 ἀπόδοσιν.
1182 2442 1290 2472 Clark.
1337 2442 1477 2474 Rectius
1503 2447 1552 2473 ta-

847 2501 924 2522 men
937 2501 1013 2523 cum
1027 2492 1119 2523 Clar.
1130 2492 1267 2523 Clarkio
1282 2492 1436 2524 deleatur
1446 2492 1549 2530 illius;

849 2542 915 2580 vel,
941 2543 1097 2582 quoniam
1121 2543 1260 2574 Norvic.
1291 2543 1455 2582 Bongars.
1481 2550 1549 2573 sec.

848 2591 1009 2632 Gottorp.
1026 2593 1124 2623 Voss.
1143 2592 1311 2632 Egmond.
1329 2592 1410 2622 dant
1427 2591 1550 2631 prot-in-

846 2643 904 2673 σία.»
929 2643 1016 2673 illins
1031 2643 1121 2674 rebus
1141 2642 1299 2680 confecti&
1323 2642 1457 2681 legatur
1475 2651 1548 2680 pro·

846 2691 970 2732 vinciae)
991 2693 1057 2723 illis
1071 2692 1160 2723 rebus
1173 2690 1330 2729 confecti-3,
1343 2691 1394 2729 ὅγε.
1432 2690 1546 2723 Dacis.

846 2751 917 2772 cur.
952 2752 1021 2773 sec.
1082 2742 1193 2773 Recte
1231 2745 1432 2771 monuerunt
1469 2740 1544 2772 Viri

846 2792 962 2834 Docti,
985 2801 1089 2834 prave
1115 2790 1245 2833 Capitis
1268 2789 1402 2822 initium
1429 2796 1541 2833 postc-
