1818 3131
251 237 364 280 1226

251 352 287 373 se
318 341 461 373 vidimus
489 340 530 371 ml
564 350 601 372 11.
632 345 662 372 5.
702 343 734 373 in
772 342 946 375 altitudine.

251 393 376 423 Verum
400 392 518 431 Cujac.
537 392 648 422 Oxon.
674 392 760 424 Scal.
786 393 880 425 Leid.
895 404 947 434 pr.

253 441 395 473 Dorvill.
424 446 458 472 et
486 441 572 472 Edd.
602 443 700 475 vase.
727 444 796 475 Str.
826 444 945 485 Steph.

251 492 382 532 (tryph.
398 492 629 531 longitudinem.
675 493 774 526 Quod
799 495 946 534 praetuli,

249 543 298 573 uti
322 543 401 573 alibi
424 541 633 583 frequenter,
648 548 683 575 et
710 553 784 585 cap.
810 547 863 576 69.
891 545 947 575 ‘iu

248 592 493 633 longitudinem
507 593 673 633 patebat.'

291 645 309 672 7
339 643 582 683 Prctdusfrant]
608 644 664 675 Sic
694 645 833 685 primus,
860 644 948 686 quod

248 695 365 733 sciam,
382 695 489 726 edidit
511 696 674 737 Scaliger,
701 707 776 728 cum
805 702 882 728 aute
904 698 948 727 le·

248 748 623 787 gereturproduxeranl:
657 758 718 788 pro
744 759 809 789 quo
840 748 949 778 Hoto-

248 805 388 827 mauuus
415 797 563 837 conjecit
590 800 822 838 perduxerant.-
846 803 949 838 atque

247 847 296 877 ita
325 857 346 877 1.
372 851 402 877 Β.
428 849 584 878 ‘Murum
609 849 641 878 in
659 849 874 880 altitudinem
894 858 949 889 pe-

247 896 326 927 dum
366 906 436 928 xvr.
473 897 664 938 fossamque
696 898 883 938 perducit?
915 904 951 929 et

248 945 335 976 infra
351 956 380 978 c.
398 950 450 978 72.
475 949 483 964 ‘
499 949 594 979 Duas
620 948 727 979 fossas
756 949 917 989 perduxit
932 949 951 980 ι’

247 997 297 1028 uti
324 997 388 1028 illis
426 997 508 1028 locis
540 997 638 1030 bene.
685 999 752 1030 Sed
777 1000 831 1031 hic
856 1004 951 1031 recte

242 1048 341 1086 prad.
373 1055 408 1078 et
440 1048 472 1077 iu
500 1049 580 1079 Silio
610 1051 763 1081 restituit
786 1051 950 1089 Scaliger,

247 1098 336 1138 quod
355 1098 555 1130 confirmant
573 1101 653 1131 Mss.
678 1101 787 1141 Boug.
816 1101 950 1132 Vossia-

245 1146 292 1184 ni‚
321 1147 441 1179 Petav.
474 1149 601 1180 Lovan.
636 1150 805 1190 liginuud.
836 1151 948 1182 Oxou.

246 1196 336 1227 And.
369 1198 465 1229 Leid.
498 1208 550 1238 pr.
576 1203 656 1230 tert.
689 1205 724 1229 et
749 1200 846 1231 Gott.
871 1210 949 1231 cum

245 1246 309 1278 Ed.
328 1247 401 1277 Inc.
428 1248 557 1278 Passim
574 1248 637 1279 hoc
654 1249 733 1278 olim
750 1247 854 1280 fuisse
880 1259 949 1280 cor-

245 1302 383 1336 ruptum
403 1297 547 1328 vidimus
565 1303 598 1329 et
615 1299 656 1328 ad
678 1300 801 1330 Lucan.
831 1309 879 1331 η’.
896 1303 949 1331 43.

243 1347 252 1363 ‘
270 1346 508 1388 Munitumque
533 1348 622 1378 latus
647 1349 734 1379 losvo
752 1349 950 1388 praeducere

246 1396 359 1436 gyroz'
383 1397 432 1426 uti
459 1401 494 1427 et
521 1397 554 1426 iu
581 1398 728 1437 Vegetio
754 1407 810 1428 ιιι.
828 1402 859 1429 S.
883 1399 950 1429 ‘0-

245 1455 327 1486 pere
346 1446 568 1477 tumultuario
595 1445 685 1477 fossa
713 1447 949 1487 praeducitur)

244 1495 332 1526 Vide
348 1496 390 1526 ad
408 1497 527 1527 Front.
546 1506 570 1527 1.
589 1501 619 1527 5.
650 1500 682 1528 S.
727 1497 855 1528 Eadem
874 1508 951 1529 cou-

243 1543 330 1576 fusio
347 1551 506 1577 occurret
526 1546 615 1577 iufra
643 1557 673 1578 c.
699 1551 752 1578 69.
778 1548 786 1564 ‘
803 1549 950 1580 Maceri-

243 1604 297 1627 aiu
332 1605 369 1626 vr
401 1597 434 1626 in
465 1597 680 1628 altitudinem
706 1597 832 1637 pedum
864 1608 949 1638 prae-

243 1646 433 1686 duxeraut‚'
462 1652 499 1678 et
524 1648 564 1678 B.
592 1648 665 1679 Civ.
694 1657 717 1678 1.
746 1651 798 1679 27.
822 1648 949 1680 ‘fossas

245 1701 455 1728 transversas
486 1698 680 1738 praeducit.’
725 1698 824 1730 Adde
857 1700 948 1740 Lips.

244 1747 287 1778 de
313 1747 388 1778 Mil.
413 1749 509 1779 Rom.
527 1750 548 1779 l.
567 1758 601 1780 v.
619 1750 665 1780 D.
683 1752 714 1780 5.
740 1749 888 1781 Gronov.
907 1751 948 1781 ad

243 1798 335 1830 Plin.
352 1808 488 1830 xxxui.
505 1802 537 1831 4.
562 1800 693 1831 ‘lineas
723 1801 836 1832 itineri
863 1811 948 1841 prae-

242 1849 398 1881 ducunt!

287 1902 307 1929 8
342 1899 544 1931 Densissimz‘s
579 1899 705 1939 castris]
743 1899 815 1931 Aut
853 1900 947 1931 vehe-

244 1954 376 1980 menter
393 1949 503 1988 fallor,
519 1954 578 1980 aut
594 1954 675 1980 uota
690 1951 870 1981 numeralis
892 1950 946 1982 hie

244 2000 394 2037 excidit;
421 2010 617 2040 persuasum
635 2001 724 2032 euim
747 2002 870 2040 habeo,
896 2012 946 2033 re-

242 2051 345 2082 scribi
363 2051 488 2081 debere
503 2052 512 2068 ‘
529 2052 636 2082 tribus
653 2051 863 2082 densissimis
875 2062 946 2083 eas-

244 2101 339 2139 tris3'
362 2111 436 2132 nam
455 2102 570 2132 Caesar
593 2106 712 2142 postea
736 2107 853 2132 narrat
870 2111 946 2132 suos

243 2151 364 2182 ‘trinis
391 2153 510 2182 castris
538 2152 666 2192 potitos
689 2162 762 2183 esse
777 2152 796 2190 3¹
819 2157 855 2183 et
877 2152 946 2184 Jul.

244 2201 361 2233 Celsus
379 2211 411 2241 p.
432 2205 500 2231 141.
528 2203 615 2232 ‘tria
638 2202 683 2233 ibi
706 2203 852 2233 hostium
876 2213 946 2233 cas-

244 2255 298 2282 tra
328 2252 532 2282 munitiones
563 2251 736 2282 insedisse'
769 2256 945 2290 memorat,

244 2311 318 2341 quae
349 2302 580 2341 ‘corripuisse
609 2302 829 2333 (faesarianos'
860 2302 945 2333 infra

243 2355 408 2382 testatur:
436 2357 538 2392 atque
569 2351 633 2382 hoc
662 2353 734 2382 vult
762 2352 945 2393 Poly-‹rnus

242 2400 391 2441 Strateg.
410 2410 490 2431 rin.
504 2404 557 2431 23.
575 2402 590 2441 ξ
608 2405 658 2432 10.
681 2412 757 2432 eum
775 2402 875 2433 docet
889 2413 944 2434 eos

241 2451 391 2490 κρατῆσαι
415 2451 470 2481 τοῦ
486 2450 598 2490 λόφου,
624 2452 733 2491 posita
750 2453 837 2483 euim
856 2453 887 2483 iu
905 2463 944 2484 eo

241 2504 358 2531 castra
382 2506 647 2540 occupaverant.
672 2502 783 2534 Daris.
830 2504 944 2544 Couji-

241 2549 288 2581 cit
304 2550 462 2580 Davisius
479 2551 696 2582 scribendum
717 2552 817 2582 tribus
831 2554 942 2584 densis-

240 2600 328 2631 simis
342 2600 474 2636 castris,·
499 2607 640 2642 propter
657 2601 704 2640 id,
732 2603 821 2644 quod
837 2604 945 2645 scqui-

242 2655 311 2690 tur,
326 2651 420 2682 trinis
433 2653 554 2683 castris.
592 2653 732 2685 Graecus
745 2654 859 2695 habet,
868 2661 944 2687 πολ-

241 2703 309 2733 λοῖς
323 2701 553 2742 στρατοπέδοις.
600 2705 645 2735 Et
663 2703 755 2736 forte
772 2706 860 2737 trina
875 2717 942 2739 cas-

243 2756 309 2791 tra,
348 2756 419 2783 tam
456 2753 579 2795 exiguo
612 2754 647 2785 in
682 2755 795 2795 spatio
820 2757 944 2797 posita,

242 2806 416 2844 poterant,
443 2803 517 2836 sine
540 2808 623 2849 npta
644 2807 821 2848 numerali,
849 2813 944 2841 recte

706 249 734 278 N
744 248 848 278 oTAE
888 247 1109 280 VARIORU
1119 250 1151 279 M
1193 250 1244 280 IN

1000 345 1178 376 densissima
1196 348 1297 376 castra
1314 345 1488 386 appellari.
1528 345 1636 378 Clark.

1046 399 1084 426 10
1110 397 1246 437 Eamque
1268 396 1455 435 transgressi
1477 396 1570 427 trinis
1590 397 1701 430 castris

998 447 1173 487 potiuntur]
1197 447 1280 478 Qua>
1301 452 1377 476 suut
1396 446 1467 477 lurc-
1485 448 1551 478 tria
1565 449 1699 479 castra?

1001 495 1082 525 nihil
1122 506 1224 536 supra
1258 496 1300 526 (le
1333 496 1371 526 iis
1401 497 1525 527 (lwsar.
1569 497 1636 527 Sed
1666 498 1699 528 in

1002 544 1179 584 Auouyuio
1198 546 1287 575 Celsi
1315 547 1525 585 exscriptore
1553 546 1700 586 invenio,

1002 594 1059 624 ubi
1076 595 1163 624 huuc
1180 595 1301 626 collem
1327 596 1503 632 describit,
1529 597 1609 627 talia
1624 606 1698 628 ver·

1003 645 1067 674 ba:
1093 645 1197 674 ‘Erat
1227 649 1339 674 autom
1378 651 1498 676 natura
1536 652 1571 677 et
1602 656 1700 676 manu

1002 693 1172 723 hominum
1209 693 1358 733 aggestis
1396 695 1594 734 perplexum
1637 696 1703 726 iter

1003 743 1105 781 saxis,
1133 748 1168 773 et
1196 752 1296 782 super
1327 742 1498 782 duplicem
1525 743 1702 775 difficulta-

1004 796 1087 831 tem,
1105 793 1170 824 tria
1189 792 1233 822 ibi
1247 792 1391 822 hostium
1418 797 1530 823 castra
1550 794 1706 825 munitio-

1003 852 1062 873 nes
1089 843 1306 874 iusederant.’
1358 843 1491 873 Vossius.

1046 897 1085 924 12
1128 893 1339 933 Teutomatus]
1373 894 1409 924 Si
1446 894 1534 925 idem
1564 894 1619 925 hic
1652 899 1706 926 est

1002 955 1074 984 rex,
1099 945 1142 976 (le
1160 955 1224 986 quo
1253 946 1429 976 habuimus
1456 955 1487 977 c.
1512 949 1564 978 51.
1592 951 1630 978 ut
1653 950 1706 978 est

1004 996 1210 1035 verosimile,
1237 997 1320 1027 mire
1345 996 1409 1027 hoc
1443 997 1518 1027 loco
1549 996 1705 1037 corrupti

1000 1051 1079 1077 sunt
1096 1046 1203 1077 (Todd.
1224 1046 1482 1086 Metaphrastes
1496 1046 1631 1087 quidem
1649 1056 1704 1078 eo-

1000 1097 1076 1127 dem
1094 1096 1192 1127 modo
1207 1094 1401 1135 Τουτόμανον
1416 1102 1528 1136 vocat,
1551 1096 1612 1128 scd
1629 1097 1706 1128 Cel-

999 1156 1054 1177 sus
1077 1147 1276 1178 Votimarum.
1300 1148 1383 1178 Mss.
1415 1156 1494 1178 vero
1517 1147 1624 1187 Bong.
1651 1156 1704 1187 pr.

1006 1198 1198 1236 l'otomatux,
1233 1198 1345 1228 Vitem.
1373 1198 1491 1237 Cujac.
1527 1197 1707 1237 Vicomapa-

1001 1250 1050 1277 tas
1078 1246 1288 1277 Petav.·alii
1314 1247 1501 1277 Notomatus·
1526 1247 1581 1277 vel
1615 1246 1706 1277 Voto-

1000 1301 1152 1336 mapatus,
1202 1298 1432 1338 Pboomapatus,
1476 1297 1707 1337 lr'atomapatus,

1003 1348 1232 1387 Notomapatus
1255 1357 1331 1378 cum
1350 1347 1414 1378 Ed.
1442 1347 1515 1378 Inc.
1533 1346 1619 1378 Edd.
1644 1357 1704 1387 pp.

1002 1398 1215 1428 Funtomatus.
1257 1397 1326 1428 Sed
1351 1398 1450 1428 Leid.
1481 1407 1533 1437 pr.
1557 1401 1593 1428 et
1617 1397 1705 1428 Scal.

1002 1452 1138 1478 servant
1176 1447 1362 1487 vulgatum,
1397 1446 1453 1488 qui
1491 1446 1595 1487 priori
1630 1447 1706 1478 loco

1001 1507 1075 1528 cum
1094 1497 1194 1528 Celso
1211 1501 1246 1527 et
1274 1496 1348 1527 aliis
1376 1496 1566 1527 veterrimis
1598 1496 1706 1527 Teuto-

1001 1551 1101 1579 matus
1122 1548 1295 1579 exhibent.

1045 1601 1084 1629 13
1108 1598 1275 1638 Super-iore
1300 1598 1437 1638 corporis
1456 1600 1548 1638 parte
1570 1597 1704 1637 nudata]

1000 1649 1155 1679 Thora'ce
1181 1648 1354 1688 deposito,
1367 1649 1455 1689 quod
1472 1648 1619 1689 pectoris
1636 1659 1706 1679 mu-

1000 1700 1186 1730 nimentum
1204 1703 1287 1737 erat,
1312 1704 1348 1729 ut
1364 1699 1612 1739 interpretatur
1635 1699 1705 1730 Ho-

1001 1754 1190 1781 tomannus.
1236 1749 1409 1780 Nonnulla
1433 1749 1568 1790 scripsit
1580 1750 1644 1781 hoc
1661 1749 1704 1782 de

1000 1801 1075 1831 loco
1091 1802 1167 1832 Pet.
1177 1800 1353 1832 Victorius
1367 1801 1447 1832 Var.
1460 1802 1555 1832 Lect.
1571 1809 1703 1832 xxxvr.

998 1854 1030 1881 4.
1049 1850 1108 1880 scd
1126 1861 1200 1891 quae
1218 1849 1353 1882 omnino
1380 1854 1458 1881 sunt
1475 1855 1603 1891 praeter
1618 1860 1701 1882 rem.

999 1900 1110 1930 Daris.

1042 1959 1154 1980 xum.
1179 1952 1199 1980 2
1230 1950 1437 1990 Legionisque
1470 1951 1608 1991 decimoe,
1631 1961 1703 1991 qua-

999 2011 1069 2031 cum
1097 2003 1164 2030 crat
1186 2000 1398 2040 concionatus]
1423 2000 1477 2031 Ita
1506 2005 1702 2032 constanter

998 2059 1113 2081 omnes
1141 2049 1240 2081 codd.
1285 2051 1399 2082 Etiam
1426 2052 1569 2082 Graecus
1596 2052 1702 2083 habet

998 2098 1250 2140 ἐδημηγόρευκεν.
1297 2101 1471 2141 Gryphius
1489 2102 1615 2141 primus
1631 2102 1702 2133 edi-

997 2151 1049 2182 dit
1077 2161 1138 2190 qua
1174 2154 1240 2182 tum
1275 2155 1342 2182 erat
1371 2153 1545 2184 comitatus.
1601 2153 1702 2185 Hanc

998 2211 1130 2242 quoque
1149 2201 1332 2232 lectionem
1349 2202 1472 2242 probat
1485 2203 1607 2235 Justus
1623 2203 1701 2245 Lip-

997 2253 1074 2284 sius.
1121 2252 1211 2283 Illud
1235 2257 1366 2284 certum
1394 2258 1461 2293 est,
1487 2263 1700 2296 nequaquam

995 2303 1112 2334 solitos
1142 2302 1261 2334 dicere
1294 2303 1417 2343 probos
1448 2309 1606 2336 auctores
1633 2315 1701 2336 cum

996 2353 1099 2393 aliquo
1124 2353 1325 2384 concionari.-
1359 2354 1416 2384 sed
1447 2355 1538 2394 apud.
1557 2355 1699 2395 aliquem.

997 2402 1139 2434 Addunt
1157 2412 1224 2434 non
1251 2404 1486 2443 concionandi,
1503 2404 1562 2435 sed
1576 2413 1699 2445 pugnae

995 2453 1050 2484 hic
1080 2463 1150 2484 rem
1179 2452 1293 2486 faisse.
1337 2454 1404 2486 Sed
1441 2455 1554 2494 potuit
1579 2455 1697 2495 paucis

997 2505 1110 2536 Caesar
1138 2509 1217 2536 ante
1245 2505 1398 2546 proelium
1415 2513 1439 2538 x
1456 2505 1624 2546 legionem
1639 2506 1697 2537 ad-

996 2555 1150 2587 hortatus
1177 2554 1293 2586 fuisse.
1338 2555 1378 2586 In
1393 2555 1555 2595 Stephani
1577 2555 1697 2588 codice

996 2610 1071 2637 erat
1098 2609 1323 2644 conceromtus,
1342 2607 1430 2637 unde
1457 2605 1695 2640 Hotomannus

996 2655 1131 2696 reponit
1144 2658 1356 2687 commoratus.
1382 2654 1509 2687 Noster
1520 2656 1628 2687 codex
1640 2657 1697 2688 ha,-

996 2706 1056 2738 bet
1069 2705 1281 2747 ‘legionique
1294 2705 1448 2746 decimae,
1458 2715 1523 2747 qua
1533 2716 1610 2738 cum
1623 2709 1696 2739 erat

994 2756 1227 2797 concionatus,
1255 2756 1350 2797 signa
1372 2756 1576 2788 constituit.’
1619 2757 1694 2799 Ego

993 2806 1077 2840 illud
1116 2805 1199 2848 ‘qua
1237 2810 1307 2837 tum
1361 2809 1436 2838 erat
1487 2805 1693 2848 comitanus

1785 3081 1792 3131 ι-κ-
1786 3053 1787 3056 Α
