1818 3131
320 212 413 242 mu.
451 212 533 241 vu.
562 211 672 241 οΑΡ.
703 202 774 241 00.
810 213 871 241 or:
907 214 1060 243 neimo
1097 215 1324 245 (muruco.

104 303 240 336 Tamus.
284 305 371 336 Vide
390 305 486 336 3.(1.
505 306 650 335 vtn.48.
685 303 796 334 Dacis.

100 355 142 386 B.
158 355 324 386 Alexand.
341 365 370 386 c.
384 359 438 386 (56.
455 353 678 385 ‘Ariarathen
696 352 798 383 Areo-

100 404 236 435 barzani
261 404 440 441 adtribuit,
467 403 522 444 qui
548 402 610 433 sub
641 402 714 442 ejus
738 402 796 433 im-

99 454 195 495 perio
211 459 245 485 et
261 455 387 485 ditione
404 453 518 483 esset)

144 508 181 535 14
208 506 270 535 uis
296 505 383 535 rebus
401 504 535 535 Coesurt's
554 504 672 534 litteris
692 504 796 544 cogui-

95 556 153 596 tis]
197 555 303 593 Bong.
333 563 382 594 pr.
410 564 476 584 sec.
501 554 616 594 (cujus
632 560 797 595 excerpta

93 605 150 636 hic
167 614 280 635 rursus
295 604 478 644 incipiunt)
495 605 616 635 Petav.
631 605 725 636 Voss.
743 615 794 645 pr.

96 654 194 695 Egm.
214 654 341 684 Lovan.
360 654 483 693 Scalig.
500 658 536 684 et.
557 657 577 683 6
600 654 675 691 alii;
697 659 738 685 ,ut
760 660 797 686 et

95 705 215 736 Braut.
233 714 271 735 ac
287 705 396 735 Samb.
413 709 448 734 et
464 704 601 735 Hotom.
617 704 666 734 his
679 704 796 735 litteris

93 755 243 795 cog-uicis:
278 760 379 797 atque
411 755 458 786 ita
489 754 552 786 Ed.
583 755 658 785 luc.
687 759 722 786 et
754 756 795 786 R.

92 806 214 846 Stepb.
240 806 332 836 Duk.
362 805 426 835 112³
442 805 522 836 Cres.
540 805 562 836 l.
585 815 673 844 cogn.
695 806 794 837 Voss.

95 866 164 889 sec.
189 856 254 887 His
271 856 360 886 rebus
381 855 524 894 cognitis.
570 853 695 886 Andin.
714 865 794 886 vero

93 911 131 939 et
159 907 272 938 Oxou.
304 916 378 937 cum
411 905 504 937 Leid.
538 905 658 945 primo,
689 906 794 944 Hujus

91 957 165 988 anni
181 957 271 988 rebus
284 957 436 995 cognitis.-
453 955 501 986 uti
517 955 698 986 ediderunt
714 966 792 997 quo-

87 998 159 1049 *que
187 1009 273 1039 Ven.
307 1010 395 1039 1517.
424 1007 527 1038 Basil.
552 1005 630 1043 ΑΜ.
659 1007 791 1038 Manut.

91 1058 224 1098 Grypli.
243 1063 277 1088 et
296 1058 408 1088 I'lant..
433 1057 558 1087 Harum
580 1067 682 1087 rerum
708 1058 791 1088 litte-

88 1106 134 1138 ris
149 1117 236 1146 cogn.
261 1107 324 1138 Ed.
342 1107 481 1137 Vasco&
497 1111 532 1137 ct
549 1107 694 1137 Sti-adae.
732 1107 792 1137 Uti

84 1156 154 1198 jam
172 1157 296 1196 editur,
313 1157 464 1187 restitnit
480 1166 498 1187 e
516 1166 574 1187 suo
590 1157 676 1187 Cod.
691 1157 792 1187 Faer-

90 1216 166 1247 nus,
179 1213 214 1239 et
230 1207 358 1238 editum
371 1207 442 1248 jam
456 1206 570 1238 fuerat
585 1217 605 1237 a
623 1207 793 1247 Romanis,

89 1257 418 1298 Mediolanensibus,
447 1257 590 1289 Venetis
620 1256 663 1288 A.
697 1260 791 1289 1494.

91 1318 129 1340 ac
149 1309 365 1341 Florentinis.

134 1362 172 1391 15
199 1360 336 1390 Dierum
352 1368 402 1389 xx
423 1359 606 1398 supplicatio
626 1359 790 1398 indicitur]

90 1408 134 1439 V.
145 1418 174 1440 c.
186 1409 367 1450 supplicatio
380 1408 478 1439 reddit
484 1418 533 1438 ur.-
550 1408 644 1448 quasi
654 1408 746 1439 dicas
757 1409 789 1439 in

89 1459 178 1500 grati
204 1458 306 1489 animi
333 1457 561 1489 testimonium
586 1458 792 1499 snpplicatio

88 1508 154 1540 diis
171 1509 327 1540 redditur
349 1517 409 1548 pro
426 1507 589 1546 victoriis,
616 1518 697 1548 quas
713 1519 792 1540 con-

89 1563 274 1590 cesserant.
321 1558 532 1598 Quamquam
549 1558 658 1588 nullus
674 1558 722 1589 ita
738 1569 792 1590 ve-

89 1612 213 1648 terum,
229 1607 318 1649 quod
335 1607 449 1646 sciam,
466 1607 635 1647 loquatur.
682 1608 791 1639 Porro

88 1659 269 1700 ‘implicatio
280 1658 335 1689 bie
348 1657 438 1688 idem
451 1661 518 1698 est,
532 1657 620 1698 qnod
635 1658 790 1690 Valerius

88 1705 185 1741 Max.
206 1708 449 1749 gratulationem
465 1712 576 1739 vocat.
611 1708 698 1739 Nam
717 1718 740 1739 1.
759 1713 789 1740 1.

87 1760 210 1801 inquit,
232 1762 239 1776 ‘
253 1758 373 1790 Prisco
390 1758 491 1788 etiam
509 1758 664 1789 instituto
688 1758 789 1790 rebus

88 1810 211 1842 divinis
224 1819 329 1850 opera
345 1809 457 1848 datur,
469 1818 546 1839 cum
559 1808 687 1849 aliquid
702 1819 791 1840 com-

87 1859 312 1893 mendandum
330 1864 393 1898 est,
410 1858 624 1899 precatione:
643 1868 720 1889 cnm
733 1869 790 1890 ex-

86 1909 305 1950 poscendum,
335 1912 431 1939 voto:
471 1917 546 1939 cum
577 1908 786 1949 solvendum,

85 1959 330 2002 gratulatione:
357 1968 433 1990 cum
456 1957 706 1999 inquirendum,
732 1959 788 1990 vel

86 2009 174 2046 extis
209 2011 263 2041 vel
293 2008 441 2040 sortibus
471 2008 673 2049 impetrato:
710 2018 787 2039 cum

86 2060 215 2094 solenni
240 2060 307 2090 ritu
334 2058 578 2100 peragendum,
595 2057 787 2090 sacrificio?

85 2111 155 2144 Ubi
176 2110 359 2150 supplicatio
385 2108 594 2154 praeteritur,
617 2114 652 2140 et
668 2118 730 2149 pro
747 2119 787 2140 ea

87 2164 143 2192 est
153 2160 339 2199 gratulatio.
374 2160 430 2190 Sic
448 2168 524 2190 usus
542 2159 661 2190 Cicero
676 2159 786 2200 Epist.

88 2217 140 2242 11.
155 2213 207 2241 18.
232 2209 274 2240 ad
290 2210 452 2240 Brutum:
473 2208 558 2240 ‘Sed
576 2213 701 2248 tamen,
719 2214 788 2241 tam

87 2260 220 2292 receuti
250 2259 488 2300 gratulatione,
515 2269 615 2299 quam
646 2264 704 2291 tuo
732 2270 788 2292 no-

87 2310 178 2342 mine
196 2309 238 2341 ad
261 2310 373 2341 onmia
389 2309 530 2340 deorum
554 2311 684 2350 templa
709 2310 790 2342 feci-

79 2361 190 2394 -musz’
224 2366 260 2392 et
291 2360 333 2392 de
364 2360 526 2391 l’rovinc.
555 2360 654 2391 Cous.
692 2361 701 2378 ‘
715 2360 790 2392 Diis

87 2409 334 2442 immortalibus
352 2419 417 2440 non
440 2413 515 2440 erat
530 2409 653 2449 exigua
670 2410 789 2441 eadem

86 2461 285 2502 gratulatio,
299 2470 366 2502 qua
382 2470 425 2491 ex
446 2460 599 2491 maximis
615 2460 786 2493 victoriis!

79 2511 198 2545 -Quam
214 2520 294 2543 vern
313 2510 521 2551 precationem
544 2510 600 2541 liic
618 2511 788 2542 Maximus

80 2561 253 2604 appellat,
281 2570 320 2594 ea
350 2561 447 2594 Livio
477 2566 528 2593 est
553 2561 734 2604 obsecutae,
763 2563 786 2598 l,

1437 208 1549 251 1267

853 313 955 336 xxxi.
975 309 1460 352 ‘Supplicationil›us‚'inquit,
1476 314 1551 344 ‘ha-

852 354 1024 396 biusjam,
1038 364 1072 388 et
1086 359 1321 391 obsecratione
1336 360 1427 392 circa
1439 364 1551 396 omnia

851 404 1040 442 pulvinaria
1066 407 1178 438 facta!
1226 409 1313 439 Nam
1335 410 1377 441 de
1401 421 1486 443 novo
1503 413 1549 444 ibi

853 452 938 484 bello
955 455 1106 496 loquitur
1134 458 1259 498 Livius,
1287 464 1321 490 et
1346 461 1460 493 dicere
1475 465 1550 496 vult

851 506 1120 538 commendatam
1138 508 1175 538 iis
1193 519 1262 540 rem
1278 511 1474 553 Romanam,
1486 515 1553 560 pri-

852 563 990 595 usquam
1022 557 1055 587 in
1090 559 1280 598 provincias
1311 562 1443 594 abirent
1473 574 1551 596 con-

849 604 949 634 sules.
979 605 1111 637 Vossius.
1169 608 1323 640 ludicitur
1353 611 1464 644 inveni
1488 623 1550 654 pro

851 654 943 685 varia
955 655 1104 687 lectione
1122 657 1154 687 in
1172 659 1243 688 solo
1258 660 1414 693 Leidensl
1431 672 1550 695 secun—

850 703 906 743 do,
922 710 959 735 ut
985 710 1131 737 testatur
1156 707 1188 738 in
1211 718 1268 739 suo
1285 719 1357 741 esse
1382 712 1549 745 Faernus:

851 758 951 795 atque,
978 756 1080 787 etiam
1103 757 1240 792 Vascos.
1270 759 1369 791 Basil.
1399 766 1433 792 et
1460 762 1552 794 dein-

849 813 930 844 ceps
957 806 1077 847 reliqui
1103 807 1296 840 ediderunt.
1357 810 1397 841 In
1426 814 1551 846 ceteris

849 856 1001 887 omnibus
1018 866 1057 887 ac
1073 858 1159 889 Edd.
1183 859 1298 899 primis
1321 866 1433 892 exstat
1449 864 1551 894 reddi-

849 908 909 937 tur.
954 907 1020 937 Sed
1045 907 1202 939 debuisse
1227 910 1346 941 saltem
1365 911 1442 942 addi
1461 913 1551 945 vide-

848 959 905 986 tur
929 957 1004 987 Diis
1029 958 1099 988 sive
1123 958 1197 990 Dis.
1243 959 1370 991 Forsan
1387 962 1465 992 olim
1484 961 1550 994 fuit

846 1007 1034 1038 deum-nitur.
1079 1008 1168 1039 Vide
1191 1008 1232 1039 ad
1258 1010 1396 1042 Sallust.
1419 1012 1499 1053 Jug.
1518 1023 1548 1044 c.

847 1059 899 1086 55.
924 1059 932 1072 ‘
947 1057 1003 1087 Ob
1020 1067 1059 1087 ea
1077 1057 1225 1088 feliciter
1245 1065 1321 1090 acta
1345 1060 1409 1091 Dis
1426 1061 1550 1093 inmor-

847 1108 969 1139 talibus
997 1110 1163 1150 supplicia
1187 1111 1394 1144 decernere.’
1438 1115 1549 1155 Supra

845 1159 867 1188 1.
894 1168 932 1189 11.
961 1163 995 1190 et
1023 1160 1044 1190 l.
1069 1169 1116 1191 ιν.
1145 1160 1179 1190 in
1197 1159 1221 1190 f.
1244 1161 1321 1192 ‘Ob
1348 1172 1402 1193 eas
1427 1173 1480 1195 res
1505 1174 1548 1196 ex

845 1208 968 1240 litteris
999 1209 1142 1241 Caesaris
1171 1211 1242 1241 dies
1267 1220 1315 1242 xv
1342 1213 1547 1256 subplicatio

845 1258 986 1290 decreta
1011 1260 1091 1292 est2’
1120 1266 1155 1292 et
1180 1261 1227 1292 sic
1251 1262 1340 1302 apud
1365 1263 1465 1295 alios:
1491 1266 1546 1303 vel

844 1309 995 1340 edicitur.-
1018 1315 1056 1340 ut
1081 1311 1171 1350 apud
1195 1311 1299 1352 Prop.
1317 1321 1356 1344 11.
1373 1316 1426 1344 62.
1451 1315 1547 1356 ‘lege

845 1359 980 1391 edicta)
1027 1359 1129 1400 Apul.
1148 1361 1234 1392 Met.
1252 1370 1301 1392 lv.
1323 1362 1357 1392 in
1373 1362 1396 1392 f.
1422 1364 1547 1397 ‘edici-

845 1408 1104 1448 turjustitiuin,’
1118 1413 1153 1439 et
1170 1409 1260 1441 alibi.
1279 1409 1325 1441 At
1341 1415 1454 1442 tamen
1468 1423 1546 1446 cum

845 1457 878 1487 in
895 1458 977 1489 Mss.
990 1458 1194 1497 etiam‚licet
1209 1459 1338 1499 paucis,
1349 1467 1549 1502 compareat

844 1509 1006 1549 indicitur,
1038 1510 1099 1540 boc
1131 1510 1352 1541 retineamus:
1377 1522 1451 1543 cum
1483 1513 1547 1546 hoc

845 1558 983 1589 verbum
1001 1559 1218 1590 sollemnibus
1243 1560 1287 1591 sit
1310 1562 1484 1602 proprium
1511 1569 1548 1596 et

845 1608 954 1639 ubivis
977 1609 1124 1640 obvium.
1169 1610 1227 1640 Sic
1251 1610 1425 1642 ‘indicere
1444 1614 1548 1649 comi-

845 1659 917 1699 tia‚'
945 1660 1160 1700 ‘justitium‘
1218 1660 1282 1691 Adi
1300 1662 1350 1693 Cl.
1370 1662 1478 1695 Drak.
1504 1664 1547 1697 ad

843 1709 914 1741 Liv.
933 1718 983 1740 tv.
999 1713 1052 1742 26.
1078 1710 1180 1741 Ovid.
1198 1712 1290 1741 Fast.
1308 1721 1347 1742 11.
1363 1715 1433 1744 527.
1460 1714 1468 1730 ‘
1484 1716 1549 1746 Cu-

843 1758 892 1789 rio
916 1759 1074 1799 legitimis
1100 1770 1188 1791 nunc
1216 1761 1417 1793 Fornacalia
1432 1763 1546 1797 verbis

844 1807 1015 1839 Maximus
1047 1809 1197 1849 indicit3
1236 1819 1300 1841 nec
1332 1816 1420 1842 stata
1451 1822 1547 1847 sacra

842 1856 948 1889 facit.'

885 1906 904 1924 *
926 1907 982 1939 Aa
999 1910 1129 1941 calcem
1152 1910 1293 1951 hujusce
1315 1911 1395 1942 libri
1420 1913 1546 1954 legitur

841 1959 875 1990 in
892 1959 1129 2001 Bletaphraste
1144 1962 1160 1992 ὃ
1178 1962 1224 1992 ἐπ’
1240 1961 1329 2002 ἄλλῳ
1345 1963 1444 1994 οὐδενὶ
1462 1965 1546 1997 οὐδέ-

841 2021 917 2039 ποτε
934 2009 1172 2047 ἐπεποιήκεσανι
1198 2022 1273 2052 quae
1293 2013 1398 2044 verba
1413 2014 1455 2044 de
1469 2024 1542 2055 pro-

842 2060 916 2099 prio
948 2060 1118 2092 addidisse
1149 2061 1285 2092 videtur
1313 2062 1356 2093 ad
1384 2063 1544 2096 imitatio-

842 2119 918 2140 nem
944 2111 1098 2151 Caesaris,
1127 2112 1184 2152 qui
1214 2112 1255 2142 B.
1284 2112 1328 2143 G.
1360 2122 1400 2144 11.
1417 2116 1470 2145 35.
1495 2116 1543 2147 ait

842 2160 851 2177 ‘
874 2160 959 2191 Dies
992 2170 1039 2192 xv
1069 2162 1273 2202 supplicatio
1305 2162 1443 2194 decreta
1471 2171 1543 2205 est3

842 2211 932 2250 quod
949 2217 1027 2242 ante
1043 2212 1075 2242 id
1094 2218 1226 2252 tempus
1243 2213 1417 2246 acciderat
1438 2216 1545 2248 nulli:

843 2261 946 2293 Certe
971 2262 1159 2297 fCaesarem
1185 2264 1439 2304 Metapluastes
1463 2276 1544 2297 non-

842 2320 1014 2352 nunquam
1044 2312 1165 2343 duceni
1194 2313 1334 2352 deserit,
1362 2320 1396 2345 et
1422 2316 1542 2347 breves

844 2365 955 2392 tentat
984 2362 1170 2401 excursus,'
1203 2369 1240 2394 ut
1267 2364 1460 2396 observavit
1493 2366 1543 2397 vir

844 2411 1072 2444 Doctissimus
1095 2414 1136 2445 P.
1154 2415 1198 2445 D.
1215 2414 1360 2446 Huetius
1383 2415 1425 2446 de
1451 2417 1542 2448 Clar.

842 2461 926 2493 Iutt.
945 2472 977 2502 p.
995 2466 1069 2494 219.
1093 2464 1205 2494 Duris.
1250 2465 1306 2496 De
1328 2465 1459 2497 dierum
1483 2476 1544 2496 nu.-

842 2521 935 2544 mero
951 2512 1007 2543 adi
1023 2513 1074 2544 Cl.
1091 2513 1132 2544 P.
1149 2513 1348 2556 Wesseling,
1375 2515 1399 2546 l.
1422 2524 1447 2549 1.
1472 2514 1544 2549 Oba

838 2571 928 2598 serv.
946 2572 975 2596 c.
990 2566 1018 2597 6.
