1818 3131
231 313 364 345 hostium
383 322 527 344 numerus
541 310 707 342 cadebat!
739 310 853 341 Dacis.
877 309 931 341 Sic

231 362 316 394 Mss.
355 363 436 402 Reg.
472 361 596 392 Eliens.
634 360 690 391 ΑΙ.
723 363 930 400 procur-rorat.

234 413 343 444 Clark.
368 412 594 443 Consentiunt
610 411 698 442 Scal.
713 412 824 442 Oxon.
837 410 929 442 Leid.

230 472 283 504 pr.
301 471 368 494 sec.
382 462 582 503 procur-rebat
600 461 732 492 Duker.
748 461 843 492 Leid.
860 469 928 492 sec.

227 516 462 552 ynociwurremt
475 512 562 545 Edd.
576 512 674 544 Rom.
689 512 782 544 Med.
800 513 885 544 Ven.

275 571 391 595 xxxv.
433 566 451 594 3
489 563 621 594 Interim
652 573 687 594 ea
715 561 819 603 parte]
862 562 927 594 Ms.

230 614 373 646 Norvic.
389 624 429 645 ac
453 614 552 646 editt.
570 614 811 655 antiquissimae
830 613 927 644 Rom.

231 665 318 696 Ven.
337 664 496 696 Beroald.
514 669 550 695 et
560 663 675 704 Stepli.
690 663 851 695 exhibent
863 673 929 694 eam

228 718 362 755 partem,
384 715 446 746 hoc
473 719 538 755 cst,
565 714 644 745 κατὰ
669 724 741 745 eam
772 718 926 754 partem:

230 775 307 807 quae
333 766 469 807 quidem
499 766 602 797 lectio
633 770 685 795 est
713 763 927 804 recipienda:

229 816 279 847 sic
303 816 392 847 enim
422 815 513 856 loqui
541 819 631 845 amat
655 814 781 844 Caesar.
819 814 929 844 Dacis.

228 866 319 898 Vide
334 871 443 898 notat.
474 866 515 896 ad
544 866 584 896 B.
599 866 644 895 G.
661 873 710 896 iv.
729 867 757 895 l.
790 864 874 894 Mss.
894 868 929 894 et

229 918 445 949 Editt.Vett.
458 917 468 935 ‘
480 925 552 947 eam
565 921 695 956 partem
709 914 853 952 nudari3’
866 914 929 945 hoc

229 972 295 1007 est,
313 967 425 999 nudari
447 977 557 1007 agmmz
579 976 644 997 eum
658 968 790 1006 partem,
810 965 878 995 scil.
894 974 929 995 eu

227 1019 276 1049 sui
299 1022 400 1059 parte.
443 1019 554 1051 Quam
579 1016 761 1048 lectionem
797 1014 928 1046 erudite

227 1073 424 1109 propugnat
447 1068 618 1099 Davisius.
652 1067 757 1097 Clark.
818 1066 927 1097 Etiam

231 1119 320 1150 Mss.
348 1120 444 1151 Carr.
468 1127 648 1160 omnesque
674 1118 750 1157 mei,
772 1117 927 1158 Edd.que

226 1168 322 1209 Aldi,
347 1169 493 1209 Stradae,
520 1169 652 1209 Gryph.
678 1178 745 1199 sec.
774 1168 926 1209 aliaeque.

228 1220 343 1252 Quare
360 1228 437 1250 eum
453 1229 565 1250 casnm
589 1219 768 1255 revocavi3
794 1217 836 1248 de
861 1227 926 1258 quo

226 1269 383 1311 quaedam
395 1269 496 1300 etiam
508 1268 576 1299 dixi
590 1268 630 1299 ad
645 1277 668 1300 1.
686 1271 735 1299 12.
749 1270 757 1284 ‘
768 1268 926 1307 Magnam

226 1319 376 1361 partem’
392 1329 458 1351 vn.
474 1323 527 1351 68.
546 1324 581 1351 et
597 1319 676 1349 alibi
690 1329 696 1348 :
725 1327 925 1358 quamquam

227 1376 264 1402 et
285 1371 347 1402 hoc
370 1371 444 1403 loco
469 1370 511 1401 ad
537 1370 670 1409 ellipsin
688 1367 844 1409 refugere
862 1375 925 1397 non

227 1429 369 1452 necesse
390 1424 485 1459 erat;
513 1424 547 1451 et
572 1419 695 1460 exponi
720 1421 835 1458 potest
861 1426 927 1447 eam

223 1470 360 1509 agminis
394 1470 448 1501 vel
485 1470 619 1500 militum
645 1471 766 1509 partem
794 1467 905 1498 nudari
918 1477 929 1503 ;

225 1520 316 1562 quod
333 1520 466 1553 malim:
489 1529 552 1552 nec
567 1524 679 1551 tamen
692 1529 776 1560 opus
786 1524 839 1550 est
852 1527 928 1549 cum

225 1571 346 1612 Cujac.
363 1571 489 1612 Sealig.
505 1571 599 1603 Leid.
616 1580 666 1611 pr.
681 1570 792 1602 Oxon.
805 1568 880 1601 Aic.
893 1573 927 1599 et

224 1621 291 1653 Ed.
319 1621 364 1653 R.
390 1622 508 1662 Steph.
535 1623 733 1662 reponere‘
751 1618 928 1661 recipeie)

225 1671 444 1703 Constructio
470 1681 505 1702 cs
493 1675 544 1702 t:
588 1672 719 1702 Necesse
749 1673 827 1710 erat,
860 1680 925 1701 eam

223 1721 360 1761 agminis
379 1724 502 1762 partem
516 1721 640 1760 nuzlari,
655 1724 684 1752 et
700 1721 762 1751 tela
776 1720 873 1760 recipi
887 1720 925 1751 ab

222 1775 330 1812 aperto
345 1772 450 1804 latere.
489 1771 640 1805 Quodvis
660 1771 777 1813 eligas,
792 1781 853 1812 per
871 1782 924 1804 me

222 1823 318 1855 licet.

271 1878 289 1904 5
320 1873 460 1914 Egressi]
472 1872 594 1904 Placet
606 1871 686 1902 mihi
701 1873 806 1913 magis
822 1871 923 1904 lectio

223 1923 310 1954 Mss.
334 1922 459 1953 Audin.
485 1922 644 1953 Leidens.
668 1932 717 1963 pr.
742 1927 777 1953 et
797 1922 861 1954 Ed.
882 1923 922 1953 R.

222 1972 387 2014 Stephani
410 1972 579 2013 progressi.
606 1972 669 2003 Gr.
698 1973 864 2011 προῆλθον,
889 1972 923 2002 id

223 2026 289 2061 est,
303 2026 530 2063 procurrerant.
544 2032 574 2053 c.
587 2025 639 2053 43.
666 2023 674 2039 ‘
691 2022 839 2054 Quorum
850 2031 924 2063 pro-

222 2073 318 2113 gredi
339 2083 439 2104 ausus
465 2078 517 2104 est
538 2072 661 2104 nemo.'
703 2073 861 2112 Progredi
889 2072 923 2103 in

221 2123 328 2162 egredi
353 2123 437 2154 abiit
461 2132 593 2165 quoque
622 2131 686 2154 v11.
706 2124 758 2154 35.
783 2122 817 2153 in
840 2123 922 2154 Mss.

220 2173 404 2214 plerisque.

265 2228 286 2256 9
309 2226 364 2256 Tot
380 2225 592 2265 incommodis]
617 2224 671 2256 Sic
688 2225 829 2265 legimus
846 2235 922 2256 cum

221 2276 290 2308 Ms.
313 2277 453 2308 Norvic.
477 2280 513 2307 et
536 2275 710 2307 veteribus
733 2276 831 2316 cusis,
855 2286 921 2308 non

220 2330 286 2358 tam
309 2327 415 2358 multis
437 2326 642 2365 incommodis,
665 2330 701 2356 ut
723 2326 849 2357 habent
873 2336 922 2357 re-

221 2377 411 2409 centiores:
446 2376 574 2407 Eadem
604 2376 692 2406 enim
717 2385 782 2408 vox
807 2377 921 2417 paullo

221 2432 300 2468 post
317 2427 465 2467 repetita
482 2426 705 2457 insuaviorem
725 2425 836 2457 reddit
851 2436 922 2457 ora-

222 2477 361 2509 tionem.
416 2477 526 2508 Duris.
565 2477 619 2508 Tot
637 2476 843 2507 incommodis.
868 2477 922 2508 Ita

221 2527 306 2559 Mss.
330 2528 415 2568 Reg.
433 2527 558 2558 Eliens.
575 2532 609 2557 et
626 2527 747 2566 x'ossii,
764 2532 799 2558 et
813 2527 919 2560 Edizt.

220 2579 319 2610 Vett.
336 2577 563 2610 Recentiores
579 2578 715 2617 liabent,
731 2582 794 2609 tam
807 2579 920 2611 multis.

222 2630 332 2661 Clark.
375 2629 432 2660 Sic
459 2628 559 2660 etiam
584 2628 745 2660 exhibent
777 2629 924 2661 Codices.

218 2679 339 2711 nostri.
375 2679 446 2712 Soli
461 2679 586 2710 Audin.
605 2684 639 2710 et
655 2678 719 2709 Ox.
741 2688 814 2710 cum
831 2680 919 2711 Edd.

221 2730 315 2769 Aldi,
352 2730 460 2771 prima
493 2729 650 2770 Grypffli,
680 2729 792 2760 Plant.
829 2730 918 2761 Scal.

220 2781 343 2813 cellar.
360 2784 424 2812 διο.
445 2784 508 2812 tum
531 2780 646 2811 multis.
683 2780 724 2812 lu
750 2780 844 2812 Leid.
867 2791 919 2822 pr.

694 211 837 245 NOTAE
869 212 1131 245 VARIORUM
1166 213 1217 244 IN

982 310 1114 340 inverso
1130 308 1246 340 ordine
1268 309 1360 350 legas
1375 313 1421 341 tot
1443 313 1564 344 tamen:
1590 312 1679 354 quod

980 361 1114 390 suavius
1136 369 1232 391 aures
1248 361 1396 391 mulcere
1419 361 1499 392 licet
1516 361 1682 403 videatur,

981 409 1194 440 nihilominus
1210 415 1337 440 temere
1352 420 1416 441 non
1437 415 1488 442 est
1503 412 1683 444 admitten-

981 458 1072 490 dum.
1116 460 1211 490 Solet
1228 460 1340 491 Caesar
1356 461 1416 491 liae
1434 470 1515 492 voce
1532 462 1682 503 incipere

981 510 1174 550 periodum:
1203 512 1250 542 sic
1275 513 1356 542 Mss.
1372 512 1526 553 plerique
1550 516 1680 546 vu.'16.

980 561 988 575 ‘
1004 560 1132 591 Tamen
1149 561 1273 592 tanta?
1292 562 1347 592 ubi
1363 563 1459 602 vulgo
1467 566 1679 595 tamneamen.

981 609 1074 641 Hirt.
1115 620 1195 642 vni.
1232 614 1284 643 21.
1321 613 1330 629 ‘
1352 617 1464 644 tamen
1499 613 1680 654 magnum!

980 670 1093 691 rursus
1112 660 1204 691 Leid.
1222 670 1271 700 pr.
1286 666 1552 700 magnumtamen.
1583 664 1623 695 B.
1635 664 1678 695 G.

979 719 1003 740 1.
1034 713 1064 742 7.
1104 711 1266 750 ‘Tame-1,
1297 715 1334 741 ut
1369 712 1513 751 spatium
1536 713 1678 745 interce-

980 760 1101 792 deret)
1128 762 1168 792 B.
1185 762 1223 793 C.
1239 773 1268 793 c.
1284 765 1336 793 45.
1370 762 1518 793 ‘Tamen
1534 764 1682 805 virtutes

978 816 1039 844 διο.

1022 866 1060 894 13
1091 864 1233 894 Primum
1257 863 1355 903 pilum
1384 864 1531 903 duxerat]
1572 864 1679 896 Primi

977 913 1036 953 pili
1052 918 1125 944 erat
1140 914 1306 944 centurio.
1357 914 1412 944 De
1428 914 1491 945 hac
1513 914 1681 954 dignitate

977 963 1144 994 videndus
1172 963 1291 995 Justns
1316 964 1450 1004 Lipsius
1479 964 1553 996 Mil.
1578 964 1678 997 Rom.

977 1014 1000 1046 1.
1018 1023 1058 1045 ιι.
1076 1013 1169 1045 Dial.
1185 1019 1215 1044 8.
1247 1015 1360 1045 Daris.

1022 1070 1060 1098 18
1097 1067 1137 1098 In
1165 1067 1325 1097 adversum
1351 1066 1398 1106 os]
1440 1066 1583 1097 Dictum
1613 1067 1675 1099 hoc

977 1116 1063 1156 fere,
1087 1121 1123 1148 ut
1145 1116 1235 1156 apud
1251 1117 1446 1148 Terentium
1470 1117 1478 1133 ‘
1495 1116 1525 1147 in
1552 1127 1588 1147 os
1612 1117 1680 1148 lau-

977 1166 1057 1197 dare
1074 1166 1094 1198 :'
1112 1167 1164 1197 vel
1180 1166 1288 1206 potius
1302 1177 1341 1197 eo
1355 1176 1463 1206 sensu,
1477 1177 1543 1208 quo
1554 1168 1593 1199 B.
1607 1168 1680 1199 Civ.

976 1227 1032 1249 ιιι.
1057 1220 1109 1248 99.
1134 1219 1142 1234 ‘
1157 1217 1269 1257 gladio
1287 1218 1319 1248 in
1343 1227 1379 1248 os
1402 1218 1581 1248 adversum
1599 1227 1679 1249 con·

971 1268 1090 1309 ject0.'
1121 1269 1198 1299 Non
1212 1273 1323 1299 tamen
1341 1272 1432 1308 puto,
1447 1267 1494 1299 ita
1512 1278 1531 1298 a
1545 1268 1679 1299 Caesare

977 1320 1141 1361 scriptum
1167 1318 1282 1358 fuisse,
1307 1319 1364 1350 sed
1394 1320 1465 1350 sine
1488 1321 1531 1358 τῷ
1552 1320 1595 1359 in,
1618 1328 1679 1359 per

976 1369 1220 1410 synecdochen
1238 1369 1396 1400 Graecam
1414 1369 1678 1401 usitatissimam.

978 1422 1053 1454 Qua
1068 1420 1100 1451 in
1125 1420 1283 1461 opinione
1299 1429 1351 1450 me
1369 1420 1585 1450 vehementer
1600 1429 1678 1450 con-

977 1470 1112 1502 firmant
1129 1471 1333 1502 membranas
1356 1471 1471 1512 Cujac.
1500 1471 1620 1511 Scalig.
1644 1474 1680 1502 et

977 1521 1075 1553 Leid.
1113 1521 1234 1562 primi:
1276 1523 1423 1552 ‹ult-ersus
1458 1531 1491 1552 os
1526 1522 1578 1552 vel
1614 1522 1679 1554 hoe.

980 1571 1092 1603 Oxou.
1117 1572 1263 1603 adt-ersus
1283 1581 1394 1602 omnes.
1437 1571 1544 1603 Immo
1568 1571 1599 1601 in
1623 1581 1679 1602 ex-

976 1621 1104 1662 cerptis
1139 1621 1223 1653 Cod.
1257 1621 1383 1653 Audiui
1417 1622 1507 1653 clare
1545 1627 1677 1653 tantum

976 1672 1075 1704 video
1097 1673 1257 1703 adversum
1280 1683 1323 1703 os.
1363 1673 1490 1704 Lucan.
1514 1682 1580 1703 wi.
1604 1676 1678 1706 6⁶21.

975 1723 984 1740 ‘
1001 1723 1072 1755 Ore
1087 1723 1160 1765 quis
1173 1724 1316 1755 adverso
1329 1723 1510 1755 demissum
1523 1723 1678 1755 faucibus

974 1783 1088 1805 ensem
1120 1774 1301 1815 Expulerit
1329 1775 1474 1806 moriens
1504 1775 1677 1806 animal—-

974 1824 1031 1864 [111
1048 1824 1240 1855 AnnENnis
1264 1825 1441 1866 subjicitz]
1483 1825 1540 1856 Nil
1570 1830 1676 1857 mula.

975 1874 1272 1906 Confirmaturhoc
1283 1875 1554 1906 veliementerab
1574 1875 1677 1907 Ovid.

974 1924 1060 1955 Met.
1077 1934 1109 1955 v.
1123 1927 1196 1956 384.
1233 1927 1241 1941 ‘
1254 1925 1363 1966 Inque
1379 1935 1437 1957 cor
1453 1925 1585 1956 hamata
1599 1935 1674 1966 per-

974 1974 1564 2016 cussitarundiueDitem:’quamvis
1574 1976 1676 2006 etiam

972 2025 1064 2056 locus
1087 2025 1144 2056 ille
1176 2030 1354 2066 suspectus
1385 2026 1440 2064 sit,
1466 2026 1581 2056 harum
1610 2026 1677 2056 ele-

974 2075 1164 2114 gantiarum
1199 2075 1403 2116 peritissimo
1441 2076 1568 2116 Judici,
1603 2075 1676 2108 Cei.

973 2125 1177 2156 Burmanno.

1017 2183 1144 2206 xxxw.
1189 2178 1209 2207 2
1247 2176 1453 2217 Interprelem
1488 2186 1576 2208 suum
1615 2176 1675 2207 Cn.

972 2225 1169 2267 Pompeium]
1195 2227 1304 2267 Supra
1328 2227 1414 2258 dixit
1434 2227 1472 2258 C.
1496 2227 1675 2268 Arpinium

972 2276 1013 2306 ad
1026 2275 1257 2318 Ambiorigem
1271 2277 1419 2317 missum,
1430 2277 1489 2309 sed
1502 2287 1566 2309 non
1577 2281 1675 2309 vocat

972 2326 1207 2368 interpretem.
1245 2328 1294 2359 Ut
1314 2337 1379 2358 non
1396 2327 1502 2359 ausim
1523 2327 1612 2358 hunc
1628 2327 1675 2358 lo—

972 2386 1048 2408 cum
1066 2382 1259 2417 suspectum
1277 2376 1414 2416 habere,
1431 2377 1520 2418 quod
1537 2377 1674 2407 Ciacco-

972 2428 1063 2459 nium
1078 2427 1199 2460 fecisse
1223 2427 1333 2460 video.
1378 2427 1535 2459 Meminit
1552 2426 1673 2458 Cicero

972 2477 1005 2509 in
1021 2478 1177 2519 epistolis
1201 2478 1243 2509 ad
1262 2478 1412 2510 Atticum
1438 2478 1499 2509 Cn.
1517 2475 1673 2516 Pompeii

971 2530 1185 2571 interpretis,
1213 2530 1272 2561 sed
1306 2531 1473 2566 incertum
1511 2539 1553 2560 an
1584 2529 1672 2561 hunc

972 2581 1139 2621 designet.
1185 2581 1317 2612 Vos-siue.
1353 2580 1494 2611 Ursinus
1522 2579 1609 2611 dicit
1639 2580 1672 2611 in

971 2631 1038 2662 suis
1053 2641 1127 2662 esse
1148 2631 1184 2662 C.
1201 2630 1371 2671 Arpinium
1387 2631 1439 2661 vel
1459 2630 1672 2671 Cur-pinejum.

971 2682 1101 2722 Gryph.
1129 2680 1192 2712 Ed.
1219 2681 1322 2711 habet
1350 2681 1386 2711 C.
1405 2681 1598 2720 Pompejum.
1635 2681 1670 2712 Si

970 2731 1167 2762 addicerent
1177 2730 1333 2770 Codices,
1345 2740 1410 2762 non
1422 2731 1552 2763 alienus
1565 2740 1671 2763 essem

970 2791 990 2813 a
1005 2780 1152 2813 lectione
1169 2781 1204 2812 C.
1217 2779 1412 2822 Arpinay'um.
