1818 3131
342 234 436 264 mn.
469 232 530 261 iv.
564 231 670 262 car.
700 219 772 261 21.
806 231 870 262 DE
902 231 1058 262 nmmo
1091 231 1320 263 GALLico.

114 328 334 360 Edllncerta.
355 327 495 359 Scilicet
502 326 805 366 scripseratCaesar

110 380 254 419 evocatis,
277 378 366 420 quod
385 381 562 409 servarunt
582 378 718 409 codices
741 379 805 409 Ur-

111 430 187 469 sini,
204 429 328 460 Andin.
342 427 515 460 Leidensis
529 428 627 469 prim.
643 433 678 459 et
692 428 805 460 Oxon.

111 490 127 511 e
154 480 255 520 periit
271 487 332 519 per
347 478 572 519 pra-cedentis
594 479 685 510 vocis
702 479 806 519 itaque

111 531 259 562 litteram
276 529 422 560 finalem.
454 539 484 560 v.
506 533 539 560 4.
563 530 571 546 ‘
592 530 684 562 Quos
702 530 806 561 nomi-

112 581 215 612 natim
236 583 438 610 evocaverat
448 578 467 616 ;'
491 579 548 610 ubi
563 579 681 610 itidem
696 579 807 620 sequi-

111 639 167 665 tur
180 632 351 664 convocatis
365 632 418 662 vel
436 631 561 663 coeatis.
585 633 675 663 c.53.
688 632 697 648 ‘
709 631 808 662 Prin-

111 683 242 725 cipibus
251 682 290 714 ad
300 693 336 714 se
347 682 520 714 evocatis!
537 692 565 713 c.
576 685 628 713 57.
645 685 654 700 ‘
667 682 809 724 Equites

111 735 259 777 undique
275 734 418 767 evocat!
442 735 497 766 Sic
511 735 596 765 Mss.
608 734 787 776 utrobique
800 746 808 774 ;

110 787 212 827 vulgo
229 786 343 816 vocatis
365 790 399 816 et
414 787 568 816 convocat.
599 785 641 816 Β.
658 784 732 816 civ.
751 793 807 816 ιιι.

113 838 184 867 105.
224 838 233 853 ‘
250 836 431 867 Senatores
445 844 560 866 omnes
577 844 618 866 ex
636 835 809 876 provincia

113 886 295 917 evocasse!
328 895 378 917 vr.
407 888 460 917 34.
517 886 526 903 ⁴
554 885 681 918 Omnes
707 885 749 917 ad
774 895 809 918 se

112 935 251 966 evocat!
299 936 354 967 Sic
383 937 470 967 enim
499 936 582 968 Mss.
613 937 669 968 ubi
700 938 809 978 plura.

111 986 154 1016 B.
177 986 251 1016 Civ.
278 995 302 1017 1.
329 989 360 1017 3.
409 987 418 1003 ⁴
435 986 543 1018 Misso
565 987 606 1018 ad
632 997 811 1028 vesperum

110 1040 242 1074 senatu,
256 1045 383 1076 omnes,
408 1037 556 1078 quisunt
571 1038 646 1078 ejus
670 1037 810 1076 ordinis

112 1094 133 1116 a
149 1084 312 1126 Pompeio
332 1087 540 1118 evocantur!
584 1087 709 1118 Eadem
725 1088 811 1118 vari·

112 1135 182 1167 atio
195 1136 283 1176 apud
301 1136 405 1168 Ovid.
423 1138 512 1168 Fast.
530 1147 579 1169 vr.
597 1140 671 1169 222.

156 1190 195 1218 15
231 1187 385 1226 Majorum
407 1188 532 1218 navium
563 1185 811 1226 multitudinem]

113 1236 180 1268 Ms.
196 1237 318 1277 Vossii,
339 1238 493 1276 mojorem.
513 1238 630 1269 Graec.
654 1237 812 1276 ναυλοχώ-

115 1298 202 1317 τατοι
236 1285 368 1325 λιμένες.
408 1288 542 1319 Neutra
578 1289 681 1320 lectio
712 1288 811 1318 mala.

117 1337 232 1369 Priori
248 1337 353 1377 favet,
371 1338 462 1379 quod
477 1338 565 1370 infra
587 1339 636 1369 ait
647 1339 761 1370 Caesar
771 1338 814 1368 de

115 1387 328 1426 magnitudine
354 1388 502 1427 navium,
526 1397 555 1419 c.
571 1391 625 1419 24.
663 1388 815 1419 Posteri·

116 1437 178 1476 ori,
205 1437 295 1478 quod
325 1437 367 1468 de
395 1448 531 1477 numero,
558 1441 657 1470 c.22.
705 1439 815 1469 Clark.

115 1488 267 1527 Mqiorcm
283 1488 386 1519 etiam
403 1488 519 1520 Ursini
542 1488 651 1521 Codd.
668 1492 705 1519 et
719 1488 816 1519 Voss.

115 1547 183 1569 sec.
200 1547 238 1568 ac
254 1542 334 1569 tert.
379 1537 447 1569 Sed
464 1538 591 1578 primus
605 1548 681 1568 cum
692 1537 816 1569 ceteris

115 1588 241 1619 rectius
256 1589 423 1628 majorum
446 1588 510 1619 nisi
528 1587 615 1629 quod
635 1588 762 1629 Scalig.
779 1592 815 1618 et

118 1638 212 1670 Leid.
229 1639 356 1679 primus
374 1638 559 1669 exhibeant
579 1638 706 1677 mnjorz‘s
728 1639 815 1669 nari-

113 1689 200 1727 gium
215 1689 440 1719 mtdtitudinis:
463 1688 558 1729 quasi
570 1689 728 1727 navigium
743 1697 816 1728 pos-

115 1743 166 1769 set
179 1737 370 1779 significare
384 1738 548 1769 stationem
560 1738 701 1769 navium.-
724 1737 815 1778 quod

116 1788 312 1819 notandum.

159 1847 238 1870 xxi.
274 1841 291 1869 1
315 1839 367 1870 Ad
389 1839 453 1870 haec
478 1839 695 1878 cognoscenda,
714 1838 816 1878 prius-

114 1900 204 1935 quam
226 1888 622 1931 periculiirn—praernittit]
649 1888 817 1920 Emendat

116 1940 365 1978 Hotomannus,
378 1939 466 1980 prius
481 1939 544 1980 qui.
575 1939 676 1973 Quod
692 1939 817 1970 rectius

116 1999 189 2020 esse
219 1990 324 2031 quivis
353 1988 454 2021 facile
481 1989 595 2020 videt:
633 1999 699 2020 nou
729 1989 817 2021 enim

117 2039 325 2071 Volusenum
336 2039 430 2071 misit
446 2040 571 2080 Caesar,
587 2043 625 2071 ut
640 2040 714 2080 ipse
731 2045 820 2080 post-

119 2099 161 2121 ea
183 2089 371 2130 periculum
395 2089 539 2121 faceret.
599 2090 700 2123 Quod
723 2090 751 2120 si
773 2090 820 2121 ita

119 2147 187 2180 est,
201 2149 243 2170 an
257 2149 324 2171 non
336 2140 497 2171 memoria
511 2140 626 2180 lapsus
639 2139 822 2171 Suetonius

121 2190 155 2221 in
170 2190 262 2222 Julio
282 2193 376 2222 c.58.
404 2201 480 2222 cum
507 2191 574 2222 ait:
610 2191 755 2232 ‘Neque
786 2191 821 2222 in

122 2240 332 2272 Britanniam
357 2241 556 2280 transvexit,
571 2241 635 2271 nisi
659 2245 737 2272 ante
762 2251 823 2282 per

121 2300 155 2322 se
172 2296 288 2332 portus
311 2295 346 2322 et
368 2291 634 2331 navigationem,
650 2297 687 2323 et
710 2301 823 2323 acces-

119 2352 191 2373 sum
219 2342 261 2372 ad
280 2342 422 2373 insulam
455 2342 689 2383 explorasset!
734 2343 823 2375 Quo-

121 2392 220 2423 modo
234 2392 323 2423 enim
335 2402 393 2432 per
401 2401 529 2432 se,cum
541 2392 656 2424 Caesar
677 2393 751 2432 ipse
766 2392 822 2423 hic

120 2442 319 2483 praemisisse
353 2442 402 2473 ait
438 2442 476 2474 C.
502 2442 712 2473 Volusenum
743 2451 820 2473 cum

118 2487 220 2533 l'on'ga
241 2492 338 2523 navi?
367 2489 441 2523 Nisi
462 2491 564 2532 quod,
590 2496 627 2522 ut
646 2491 822 2523 Juriscon-

119 2542 198 2572 sulti
227 2542 333 2573 nostri
357 2540 537 2580 affirmant,
566 2551 628 2582 per
653 2551 688 2572 se
715 2541 823 2582 egisse

119 2590 384 2633 v'ideaturffluod
393 2593 551 2623 mandato
563 2591 667 2632 ipsius
679 2592 821 2633 legatus.

120 2641 287 2673 Brantius.
316 2642 435 2673 Malim
450 2641 606 2682 equidem
621 2642 822 2673 Suetonium

123 2699 198 2722 cum
213 2701 340 2723 summo
362 2692 434 2723 viro
457 2692 504 2724 ls.
528 2692 726 2723 Casaubono
748 2704 821 2730 μνη-

119 2741 242 2778 μονικοῦ
269 2740 483 2782 ἁμαρτήματος
507 2743 701 2784 postulare3
740 2743 822 2774 lieet

122 2790 211 2822 enim
227 2790 418 2834 Imperator
434 2792 501 2824 dici
516 2793 621 2834 possit
634 2793 669 2824 id
686 2792 822 2832 fecisse,-

1439 222 1553 263 1061

854 329 942 370 quod
959 330 1031 370 ejus
1049 330 1146 371 jussu
1161 334 1196 362 et
1212 329 1372 371 auspiciis
1386 334 1557 371 peragunt

854 379 1013 420 Ministri‚
1042 386 1080 411 nt
1110 382 1301 412 notavimus
1326 381 1368 412 ad
1394 381 1432 412 B.
1456 380 1501 413 G.
1530 391 1556 414 ι.

855 432 906 460 12.
931 438 1029 460 nemo
1055 435 1167 462 tamen
1186 442 1243 472 per
1273 441 1304 463 se
1335 441 1389 462 res
1411 431 1555 471 gessisse

855 480 1063 521 perhibetur,
1079 482 1140 512 nisi
1157 492 1237 523 quas
1252 484 1317 523 ipse
1333 482 1558 524 perpetravit.

857 533 959 565 Certe
982 533 1030 564 ita
1054 535 1175 565 statuit
1197 534 1268 566 Jul.
1289 535 1418 573 Celsus,
1437 538 1474 564 ut
1498 542 1557 573 ap-

858 588 957 624 paret
973 592 1014 614 ex
1041 584 1094 623 iis,
1110 593 1184 624 quae
1209 584 1313 615 habet
1333 585 1375 615 de
1391 584 1452 615 vit.
1468 583 1557 614 Caes.

858 644 892 674 p.
908 636 961 665 72.
1008 634 1083 665 Nec
1111 635 1300 666 audiendus
1326 639 1378 665 est
1407 634 1558 672 Vossius,

858 685 916 726 qui
933 695 994 726 pro
1015 685 1124 715 altera
1147 689 1215 715 stat
1231 684 1408 715 sententia.
1445 685 1560 715 Ducis.

858 735 1044 775 Priusquam
1061 734 1233 775 periculum
1245 733 1560 773 jaceret,—proemit-

857 785 911 816 tit.
923 785 987 816 Ms.
1002 783 1209 825 Reg.fnciat.
1233 784 1301 815 Sed
1317 785 1445 815 utrovis
1462 783 1560 814 modo

858 840 991 866 constat
1027 841 1217 875 temporum
1255 835 1356 873 ratio,
1386 844 1461 865 cum
1491 838 1564 864 tan-

860 895 959 927 quam
972 895 1122 926 praesens
1131 889 1288 916 narretur
1303 894 1357 915 res
1371 883 1562 924 praeterita.

861 939 1096 970 Hotomannus
1119 936 1290 973 emendat,
1309 935 1397 975 prius
1413 934 1478 974 qui,
1495 936 1562 965 ‹St-c.

861 987 962 1021 Quod
989 987 1116 1018 rectius
1146 995 1229 1022 esse,
1257 985 1369 1025 inquit
1388 984 1562 1023 Branssus,

862 1038 970 1079 quivis
987 1036 1085 1068 facile
1100 1036 1216 1067 videt:
1241 1043 1307 1065 non
1320 1035 1408 1065 enim
1424 1034 1564 1065 Voluse-

860 1097 939 1118 num
963 1086 1127 1127 praemisit
1149 1085 1277 1124 Caesar,
1298 1088 1336 1115 nt
1357 1085 1421 1124 ipse
1444 1087 1566 1123 postea

856 1137 1166 1178 perictdumfaceret.
1195 1136 1324 1166 Verum
1337 1135 1436 1175 longe
1449 1136 1567 1164 errant

862 1188 917 1219 isti
935 1188 1007 1218 Viri
1029 1186 1177 1218 eruditi:
1209 1186 1362 1227 quamvis
1384 1185 1474 1215 enim
1498 1193 1566 1215 non

861 1239 1069 1270 Volusenum
1083 1236 1288 1278 praemiserit
1301 1236 1430 1274 Caesar,
1443 1239 1482 1266 ut
1500 1234 1567 1275 ipse

858 1299 917 1330 per
939 1299 970 1319 se
990 1292 1107 1328 postea
1133 1297 1237 1318 rerum
1259 1287 1421 1317 earundem
1442 1295 1568 1324 cognos-

862 1340 1027 1370 cendarum
1044 1337 1236 1379 periculum
1255 1336 1404 1374 faceret3
1433 1340 1469 1367 at
1492 1344 1569 1366 eum

864 1389 944 1420 ideo
960 1388 1137 1429 praemisit,
1154 1392 1192 1418 ut
1207 1387 1274 1427 ipse
1294 1390 1418 1426 postea
1433 1395 1501 1416 cum
1516 1394 1569 1415 ecc-

864 1439 964 1469 ercitu
980 1437 1170 1478 periculum
1196 1436 1330 1468 faceret
1351 1436 1484 1466 insulam
1499 1436 1569 1466 ade-

866 1489 952 1519 undi.
997 1488 1082 1520 Qum
1104 1492 1157 1518 est
1174 1486 1333 1517 Authoris
1354 1494 1463 1525 mens,
1487 1485 1570 1516 satis

866 1537 1058 1569 manifesta.
1099 1538 1206 1568 Clark.
1236 1536 1306 1576 πρὶν
1331 1537 1389 1567 τοῦ
1409 1536 1570 1575 πειρᾶσθαι

868 1587 1132 1628 Metaphrastes.
1153 1587 1247 1618 Male
1257 1587 1359 1618 etiam
1369 1586 1570 1618 Ciacconius

867 1639 993 1670 mavult
1005 1638 1105 1678 prius,
1120 1638 1184 1678 qui.

910 1692 930 1719 2
961 1689 997 1720 C.
1019 1689 1198 1719 Volusenum
1212 1697 1279 1718 cum
1300 1688 1372 1717 παι-ἱ
1386 1688 1479 1725 longa
1493 1696 1572 1726 prae-

868 1738 984 1778 mittit]
1023 1738 1220 1779 Anonymus
1254 1737 1344 1769 Celsi
1383 1736 1574 1777 exscriptor

867 1798 943 1820 cum
967 1792 1138 1818 narrasset
1158 1787 1370 1827 praemissum
1393 1796 1411 1816 a
1436 1787 1572 1817 Caesare

866 1837 1088 1876 Volusenum,
1128 1835 1247 1877 quinto
1286 1835 1341 1866 die
1376 1835 1572 1875 revertisse,

866 1886 1006 1928 subjicit
1020 1896 1028 1915 :
1051 1888 1062 1904 ⁴
1079 1886 1167 1917 Haec
1179 1885 1228 1917 ita
1240 1886 1424 1917 communis
1437 1885 1574 1926 quidem

868 1938 973 1969 habet
995 1937 1156 1969 historia:
1179 1936 1287 1968 habeo
1310 1941 1423 1967 tamen
1444 1945 1510 1965 non
1527 1935 1575 1975 ig-

869 1989 1001 2020 nobiles
1031 1991 1201 2027 auctores,
1231 1987 1288 2028 qui
1321 1987 1489 2018 Caesarem
1515 1995 1576 2026 per

870 2040 1018 2079 seipsum
1046 2042 1164 2079 portus
1194 2042 1229 2069 et
1253 2037 1516 2077 navigationem,
1542 2040 1576 2066 et

871 2099 1047 2121 accessum
1064 2089 1106 2120 ad
1123 2088 1266 2119 insulam
1286 2088 1480 2128 explorasse
1498 2096 1575 2118 con-

871 2138 1018 2170 firment.
1064 2137 1165 2171 Quod
1186 2141 1225 2168 ut
1247 2137 1341 2168 credi
1358 2141 1485 2177 posset,
1501 2135 1573 2177 ipse

872 2189 968 2220 ducis
984 2188 1113 2219 animus
1133 2187 1229 2227 facit,
1250 2192 1284 2218 et
1308 2186 1424 2217 similis
1444 2186 1517 2217 aliis
1542 2186 1575 2216 in

872 2239 972 2270 rebus
997 2237 1164 2269 audacia.’
1205 2236 1308 2268 Haud
1333 2236 1435 2267 dubie
1452 2236 1578 2277 petivit

872 2301 916 2323 ex
928 2290 1136 2331 Tranquillo,
1152 2289 1210 2330 qui
1227 2288 1301 2320 fere
1322 2287 1442 2319 iisdem
1463 2287 1576 2318 verbis

873 2342 940 2373 ait:
971 2342 980 2358 ‘
998 2341 1198 2372 Exercitum
1221 2348 1332 2380 neque
1356 2339 1391 2369 in
1409 2337 1579 2370 Britanni-

873 2401 926 2423 am
943 2391 1145 2431 transvexit,
1158 2390 1222 2421 nisi
1238 2394 1315 2421 ante
1332 2399 1394 2430 per
1407 2398 1443 2420 se
1459 2392 1577 2430 portus

872 2445 908 2473 et
923 2441 1173 2482 navigationem
1196 2444 1231 2470 et
1259 2449 1435 2471 accessum
1460 2437 1503 2469 ad
1529 2438 1577 2468 in-

873 2492 979 2522 sulam
996 2489 1232 2531 explorasset!
1247 2490 1316 2521 Sed
1332 2489 1471 2529 decepit
1489 2487 1578 2518 Ano-

872 2550 1020 2581 nymum,
1033 2540 1123 2582 quod
1139 2545 1234 2572 recte
1251 2540 1456 2581 Imperatori
1471 2538 1578 2569 tribu-

871 2596 985 2631 untur,
1000 2602 1075 2633 quae
1103 2601 1165 2632 per
1187 2591 1360 2622 ministros
1383 2599 1459 2620 suos
1476 2587 1580 2635 gerit,

872 2646 910 2673 ut
931 2652 1032 2684 supra
1048 2642 1255 2673 ostendimus
1272 2641 1293 2672 1.
1313 2651 1337 2673 ι.
1353 2638 1579 2670 Animadver-

873 2702 999 2723 sorum.
1040 2692 1173 2723 Vossius.

914 2748 935 2775 7
973 2742 1167 2781 Veneticum]
1207 2742 1271 2771 Ms.
1299 2740 1384 2780 Reg.
1415 2737 1576 2769 Venetam.

878 2793 980 2826 Quod
1009 2797 1045 2824 et
1068 2791 1207 2823 rectius.
1244 2790 1352 2821 Clark.
1379 2788 1578 2830 Eademque
