1818 3131
307 211 400 240 mn.
433 211 540 241 viu.
570 210 676 239 CAP.
708 201 776 241 16.
812 212 873 241 nn
908 212 1060 242 nanno
1092 212 1319 243 camum.

106 302 177 333 lime
194 303 308 341 verba,
331 306 340 322 ⁴
355 314 428 335 nam
452 305 483 335 in
499 305 572 335 acie
587 303 705 335 sedere
721 304 800 335 Gal-

105 355 153 385 los
170 365 350 386 consuesse
366 355 596 396 superioribus
625 355 800 386 Commen-

105 403 198 434 tariis
223 405 430 436 declaratum
457 404 541 442 est;’
565 414 672 445 eaque
702 409 800 444 putat

103 465 122 485 a
144 455 273 485 calamo
306 456 478 487 nueatoris
505 455 639 494 adjecta
669 453 799 492 fuisse;

105 504 192 544 quod
211 514 309 535 voces
323 505 375 534 uhi
389 505 587 535 consederant
603 504 644 534 dc
661 504 800 535 sedendi

102 561 181 586 actu
211 556 355 596 ceperit,
381 565 458 586 cum
485 565 606 586 revera
637 556 801 586 denotent

101 604 155 635 nbi
180 609 283 636 casem
306 609 482 646 posuerant.
530 606 705 640 inaeniose
729 606 800 646 qui-

103 655 200 693 ‹lcm;
223 656 284 687 lioc
297 657 394 687 niodo
412 662 522 687 tamen
536 657 618 697 ipsae
628 656 800 693 voces,ubi

101 707 310 745 consederant,
348 717 608 746 supervacaneae
640 707 800 737 videntur

102 765 142 786 ac
157 756 314 795 inutiles;
347 757 500 798 sequi-‘ur
516 757 601 788 enim
632 759 641 774 ‘
658 767 798 798 quorum

101 816 230 836 summa
240 812 315 837 crat
333 807 365 837 in
382 808 502 838 castris
515 806 636 848 copia.¹
654 807 799 838 Codices

104 855 186 885 dant
211 855 315 894 susi-es
351 860 383 888 ut
421 861 648 888 consuet-erant.
710 859 800 897 Lego

102 906 110 921 ‘
130 906 266 944 Fasces,
284 912 320 937 ut
348 913 608 946 consueverant,
638 913 800 939 stramen-

103 960 212 987 torum
237 962 272 987 ct
300 958 532 997 virgultorum,
550 967 690 999 quorum
715 968 801 989 sum-

101 1016 155 1036 iua
169 1013 243 1038 crat
264 1009 295 1037 in
313 1009 432 1039 castris
456 1009 568 1048 copia,
593 1018 652 1048 per
682 1018 798 1038 manus

103 1055 192 1086 inter
218 1066 253 1086 se
279 1057 484 1094 transditos‚’
509 1060 570 1088 Rc.
623 1057 676 1087 Ita
705 1063 798 1087 recte

103 1105 257 1145 procedit
285 1106 405 1145 oratio,
433 1115 475 1136 ne
499 1106 587 1136 inani
616 1106 800 1145 tautologia

101 1155 247 1186 laborat.
274 1156 440 1187 Nimirum
456 1165 532 1186 cnm
545 1156 695 1186 nesciret
709 1155 800 1195 inep-

101 1206 192 1236 tulus
210 1206 343 1246 aliquiS,
370 1215 469 1246 quem
499 1215 594 1235 usum
618 1205 651 1234 in
676 1205 797 1235 castris

102 1256 256 1295 prwliere
285 1260 423 1296 possent
461 1260 723 1285 stramentorum
765 1259 800 1284 et

102 1305 322 1348 virgultorum
340 1304 463 1342 sam-es,
487 1305 549 1335 nisi
577 1304 690 1335 forsan
713 1305 800 1335 iniis

101 1355 299 1392 sedentium
337 1355 489 1385 inaudita
516 1355 659 1395 quadam
687 1355 800 1385 Gallo-

104 1414 174 1437 rum
201 1405 444 1435 cousuetudine
474 1404 623 1435 Hirtium
650 1410 800 1435 nostrum

105 1456 236 1486 censuit
284 1455 525 1486 adornandum.
571 1455 682 1485 Dacis.
728 1464 799 1485 cur.

102 1514 171 1536 sec.
197 1506 273 1536 Nou
303 1506 402 1546 capio
430 1515 561 1535 sensum
587 1506 649 1535 τῶν
672 1505 718 1535 uti
734 1515 801 1535 con-

102 1559 274 1594 suc-terant,
303 1555 391 1596 quod
421 1564 438 1585 e
471 1556 554 1586 Mss.
586 1555 703 1595 reponi
731 1557 801 1586 vult

102 1605 281 1643 Davisius;
307 1615 347 1636 an
364 1615 446 1646 ergo
478 1605 584 1636 fasces
601 1607 689 1637 soliti
704 1612 801 1637 erant

105 1664 293 1695 perilianus
316 1655 405 1685 inter
422 1665 457 1685 se
471 1655 620 1694 tradere,
646 1657 698 1687 vel
723 1663 801 1688 ante

105 1706 209 1736 aciem
237 1706 428 1736 collocare?
460 1705 548 1737 uude
579 1706 641 1737 hoc
683 1707 803 1738 didicit

108 1755 289 1786 Davisius?
315 1755 435 1796 Neque
453 1756 553 1786 etiam
579 1757 662 1787 Mss.
687 1766 801 1787 omues

105 1806 229 1838 liabent
255 1810 287 1837 ut
314 1809 549 1837 consuercrm.e.·
581 1815 656 1837 nani
685 1807 801 1847 Cujac.

105 1858 226 1888 Faern.
238 1858 350 1897 Urs-in.
362 1858 484 1898 scalig.
499 1857 594 1889 Leid.
610 1868 661 1898 pr.
676 1857 801 1889 Andiu.

105 1913 139 1939 et
159 1908 270 1939 Oxon.
298 1907 380 1939 ‹lant
409 1909 459 1938 ubi
483 1910 694 1939 conscder·a›:t.
722 1911 802 1939 eon-

101 1962 224 1990 suerunt
241 1960 348 1990 Dorv.
371 1959 593 1990 causamn-aut
618 1959 714 1990 Leid.
733 1968 799 1989 sec.

104 2010 156 2041 ubi
171 2013 205 2041 ut
220 2020 356 2042 consuet.
372 2011 469 2042 Vos-u
486 2015 566 2041 tert.
614 2012 664 2041 Ex
682 2020 747 2041 una
765 2017 799 2041 et

105 2069 185 2092 vera
202 2061 305 2092 Hirtii
328 2061 511 2101 scriptura,
528 2061 602 2091 duae
620 2071 680 2101 per
705 2061 802 2092 Glos-

105 2121 157 2142 sas
181 2111 345 2142 confectae
366 2117 455 2142 sunt.
501 2111 696 2152 Legendum
713 2112 800 2142 enim

104 2162 151 2192 uti
177 2163 383 2199 consfdcrmit,
407 2163 426 2193 i.
460 2161 507 2192 sic
535 2162 584 2192 uti
611 2161 645 2192 in
680 2163 801 2193 castris

107 2212 209 2243 locati
228 2217 336 2249 eraut,
352 2213 403 2242 vel
421 2212 568 2243 sessione
595 2214 734 2252 proprie
750 2223 802 2243 su-

105 2262 240 2299 menda,
259 2263 347 2304 quod
364 2263 488 2301 malim,
506 2263 559 2294 vel
575 2264 622 2294 uti
646 2263 802 2303 dispositi

106 2317 201 2341 erant
217 2312 248 2340 iu
270 2321 406 2352 genere.
423 2312 529 2352 quieti
545 2321 678 2352 nempe,
693 2322 735 2344 ne
750 2318 802 2344 tu-

105 2361 303 2392 multuando
320 2367 355 2392 ct
371 2361 590 2392 discursando
615 2373 668 2393 res
693 2363 801 2402 aperi-

105 2417 200 2443 retur
214 2412 382 2450 Romanis,
403 2421 464 2453 per
480 2422 596 2443 manus
613 2412 720 2443 fasces
738 2417 803 2444 tra-

105 2462 192 2493 ditos
205 2469 283 2492 anie
300 2463 406 2493 aciem
420 2463 684 2494 conlocaverunt
700 2474 707 2500 ς
731 2472 804 2494 sen-

106 2522 146 2543 su
161 2513 254 2544 claro
271 2519 305 2543 et
322 2513 481 2553 eleganti.
511 2514 596 2544 Usus
619 2513 675 2544 ille
699 2514 800 2554 parti-

108 2563 194 2594 cnlae
215 2563 265 2594 nti
286 2564 338 2594 vel
356 2567 402 2602 ut,
425 2573 445 2593 a
470 2563 628 2594 Librariis
645 2572 711 2594 non
727 2573 802 2603 per-

107 2617 241 2652 ceptus,
253 2614 478 2654 corruptionis
495 2623 614 2645 caussa
629 2613 708 2645 fuit.
746 2614 802 2645 Sic

107 2670 198 2701 saepe
230 2663 263 2694 iu
293 2664 345 2695 his
372 2665 644 2703 commentariis3
676 2664 742 2695 ‘sic
766 2668 804 2694 ut

108 2711 246 2743 meridie
268 2715 521 2756 conquieverat,
537 2714 587 2746 uti
605 2724 665 2755 pro
682 2714 802 2746 castris

107 2760 357 2795 collocaverat.’
381 2765 427 2795 Et
443 2763 508 2795 alia
520 2773 613 2805 saepe
628 2768 801 2805 corrupta.

1437 202 1547 244 1287

851 306 937 336 Vide
961 308 1094 338 omnino
1122 307 1163 338 ad
1194 317 1227 338 v.
1243 309 1296 338 ⁴3.
1339 305 1410 337 ‘Ut
1435 316 1470 337 se
1486 306 1546 338 sub

850 354 922 393 ipso
938 357 1025 386 vallo
1051 356 1349 397 constipaverant!
1394 355 1434 387 In
1450 365 1545 397 seqq.

849 405 974 435 accedo
1003 406 1136 436 omnino
1162 407 1375 438 Cl.Wasseo.
1394 406 1475 436 Mss.
1499 411 1549 436 ta-

849 462 924 483 men
942 464 1057 485 omues
1074 461 1262 495 agnoscunt
1277 466 1285 492 ;
1303 465 1343 485 ex
1357 455 1477 496 quibus
1493 456 1542 486 uti

849 507 885 533 et
900 503 984 533 Edd.
1001 513 1058 543 pp.
1076 505 1210 544 reposui
1225 506 1326 535 etiam
1341 515 1469 545 namque
1485 515 1547 546 pro

849 562 929 583 nam.
977 553 1028 583 lle
1047 554 1228 584 traditione
1245 555 1545 585 instrumentorum

847 611 903 641 per
919 612 1024 632 manus
1048 602 1137 633 aliud
1165 603 1326 634 habemus
1357 605 1548 644 exemplum

852 662 916 684 vu.
934 655 985 684 25.
1010 653 1052 683 de
1067 653 1106 684 B.
1122 654 1194 685 Civ.
1215 663 1237 684 ι.
1256 657 1308 685 68.

896 705 931 732 14
956 702 1054 742 Signo
1089 704 1306 744 pronunciata]
1360 704 1469 735 Rarus
1505 706 1550 738 lo-

851 753 976 794 quendi
990 763 1071 785 mos.
1094 755 1229 795 Signum
1247 756 1302 787 liic
1320 761 1371 787 est
1397 755 1546 795 σύνθημα,

851 814 909 834 seu
924 808 1062 842 tessera,
1076 815 1150 845 quae
1166 806 1275 836 Gallis
1285 806 1437 837 omnibus
1455 806 1548 845 data,

852 858 887 884 ut
904 854 1065 894 siquando
1093 856 1313 894 pronunciari
1337 865 1410 886 eam
1437 856 1549 887 audis-

852 909 938 941 sent,
956 904 1179 936 incenderent
1193 911 1363 937 sarmenta
1379 916 1416 937 ac
1434 906 1547 947 sugam

851 952 1016 985 facerent.
1063 954 1199 996 Alioqui
1231 956 1354 995 signum
1377 957 1452 987 dure
1478 957 1550 997 ple-

852 1013 990 1044 rumque
1008 1005 1195 1045 scriptores
1213 1006 1340 1037 dicunt.
1392 1007 1527 1037 Vossius.

897 1056 934 1083 ἰο
961 1054 986 1083 Α
1005 1057 1163 1094 conspectu
1176 1055 1273 1094 texit]
1308 1056 1422 1086 Ursini
1440 1055 1549 1087 codex

851 1104 974 1141 extulit,
990 1104 1077 1143 qnod
1095 1105 1223 1144 placuit
1237 1104 1380 1136 Faerno.
1425 1104 1551 1136 Suffra-

853 1158 952 1193 gatur
969 1154 998 1183 ei
1015 1154 1125 1184 Oxon.
1149 1154 1189 1184 In
1206 1155 1303 1186 Leid.
1327 1159 1407 1186 tert.
1438 1161 1473 1186 et
1486 1155 1550 1187 Ed.

851 1203 924 1234 Ine.
942 1209 995 1234 est
1020 1205 1172 1235 exercitus
1189 1205 1280 1235 Rom.
1304 1205 1375 1236 sine
1399 1205 1481 1236 texit
1497 1207 1551 1237 vel

850 1252 983 1283 extulit:
1005 1253 1094 1294 quod
1113 1260 1260 1285 sumtum
1288 1262 1377 1286 esset
1402 1265 1462 1296 pro
1486 1266 1552 1287 sus-

851 1304 938 1342 tulit,
951 1302 1090 1333 abstulit.
1116 1305 1174 1334 Nl
1191 1309 1305 1335 muto:
1330 1308 1433 1344 tegere
1449 1316 1468 1336 a
1483 1316 1551 1337 con-

850 1355 976 1392 spectu;
1007 1358 1045 1382 ut
1069 1354 1156 1393 apud
1185 1355 1300 1386 Valer.
1330 1356 1472 1387 Maxim.
1499 1366 1551 1388 iv.

852 1406 882 1434 7.
910 1404 927 1443 ς
952 1406 984 1433 2.
1024 1404 1032 1420 ‘
1048 1404 1241 1435 Gracchum
1267 1406 1311 1436 ab
1342 1407 1550 1439 irruentibus

854 1454 930 1484 telis
943 1453 1102 1493 obpositn
1120 1464 1298 1495 corporum
1311 1457 1497 1487 texerunt?

896 1513 969 1535 ΧΠ.
994 1507 1011 1534 3
1038 1506 1081 1535 Et
1118 1510 1236 1536 turmas
1271 1507 1385 1547 mittit]
1475 1508 1552 1539 best

853 1555 975 1594 copula
1003 1555 1178 1594 eleganter
1203 1566 1222 1586 a
1251 1556 1346 1588 Leid.
1369 1567 1418 1596 pr.
1437 1558 1550 1589 Oxou.

854 1605 961 1644 Bong.
978 1614 1029 1644 pr.
1047 1609 1125 1635 tert.
1146 1606 1236 1636 Male
1251 1616 1330 1637 vero
1346 1610 1465 1638 turmas
1480 1608 1553 1638 nii!-

852 1655 894 1684 tz't
915 1655 1009 1685 abest
1023 1666 1042 1685 a
1067 1655 1149 1686 Mss.
1165 1656 1331 1695 omnibus,
1352 1657 1378 1688 si
1396 1658 1550 1699 excipias

854 1705 968 1744 eujac.
991 1705 1077 1735 scal.
1097 1705 1190 1735 Leid.
1210 1715 1260 1746 pr.
1278 1706 1365 1737 And.
1383 1711 1418 1737 et
1436 1706 1548 1738 Oxon.

853 1753 1015 1785 Admovit
1032 1756 1169 1795 propius
1188 1756 1320 1796 pedites
1348 1757 1474 1794 Caesar,
1491 1757 1549 1788 scd

853 1804 1004 1843 equitum
1022 1810 1147 1835 turmas
1163 1806 1290 1837 inmisit
1317 1807 1358 1837 ad
1375 1807 1552 1848 insequen-

852 1854 943 1893 dum,
959 1854 1037 1884 dum
1055 1855 1187 1885 interim
1206 1865 1281 1886 cum
1299 1857 1468 1895 peditibus
1485 1863 1552 1888 tar-

852 1903 927 1935 dius
941 1904 1109 1944 procedit,
1126 1905 1261 1936 insidias
1276 1906 1415 1938 veritus.

894 1958 913 1984 5
938 1954 1129 1986 subsisteret
1163 1955 1274 1998 hostis]
1325 1958 1382 1988 Sic
1413 1959 1550 1991 restitui

852 2015 894 2036 ex
910 2007 976 2036 Ms.
992 2007 1132 2038 Norvic.
1149 2012 1184 2038 et
1199 2008 1282 2039 edit.
1297 2009 1457 2041 Beroald.
1475 2021 1551 2042 sen-

852 2066 890 2086 su
905 2056 979 2096 ipso
1006 2056 1193 2095 suadante;
1218 2064 1253 2089 ct
1280 2059 1366 2090 lianc
1383 2070 1463 2091 saue
1486 2062 1554 2092 lec—

853 2106 991 2143 tionem,
1008 2107 1035 2138 si
1064 2108 1172 2139 Codd.
1201 2110 1281 2140 nihil
1299 2110 1478 2151 juvissent,
1502 2122 1553 2143 se-

852 2163 950 2189 cutus
967 2167 1084 2190 essem.
1107 2159 1230 2200 Vulgg.
1254 2161 1418 2191 subsistere
1433 2171 1554 2193 conare-

851 2211 915 2246 tur,
940 2209 1036 2249 quasi
1065 2213 1173 2240 conatu
1205 2211 1273 2241 ullo
1292 2221 1376 2251 opus
1406 2218 1482 2243 erat
1511 2213 1553 2242 ad

851 2259 963 2290 locum
993 2260 1191 2300 tenendum,
1221 2271 1321 2302 quem
1348 2262 1422 2302 jam
1447 2264 1555 2303 possi-

852 2308 978 2340 debant
992 2321 999 2340 :
1025 2319 1100 2340 eum
1115 2311 1204 2341 enim
1217 2320 1282 2342 non
1295 2316 1470 2343 tentarunt
1484 2314 1549 2344 Ro-

853 2361 954 2392 mani.
1012 2363 1124 2393 Daris.
1183 2362 1383 2404 Acquieseit
1419 2363 1454 2395 in
1489 2365 1552 2396 hac

853 2412 1089 2444 emendatione
1114 2413 1284 2451 Clarkius.
1309 2418 1411 2454 atque
1434 2415 1483 2445 ita
1503 2425 1553 2445 re-

853 2463 977 2502 posuit,
993 2461 1201 2503 suffragante
1217 2462 1327 2493 forsan
1352 2464 1551 2495 Oxoniensi.

854 2512 991 2554 Reliqui
1017 2514 1100 2544 Mss.
1124 2513 1167 2544 ad
1183 2522 1286 2543 unum
1313 2523 1427 2544 ornnes
1441 2513 1552 2544 subsis-

853 2567 929 2596 tere.
974 2563 1074 2596 Quod
1108 2563 1275 2595 revocavi.
1332 2563 1420 2595 Quia
1449 2562 1549 2594 facile

853 2614 1063 2654 subintelligi
1088 2618 1204 2655 potest
1238 2613 1375 2654 aliquod
1401 2613 1553 2651 verbnm,

854 2670 893 2696 ut
908 2666 1008 2704 vellet,
1020 2668 1122 2706 posset
1148 2665 1201 2694 vel
1228 2664 1359 2694 simile:
1383 2663 1465 2695 licet
1489 2674 1550 2704 per

854 2724 956 2746 unum
983 2715 1123 2746 verbum
1153 2716 1314 2744 conaretur
1340 2723 1376 2744 se
1398 2714 1550 2754 explicet

854 2770 982 2797 auctor.
1029 2766 1082 2796 Dc
1096 2764 1146 2795 his
1160 2763 1238 2794 vide
1253 2763 1294 2795 ad
1316 2772 1380 2796 ru.
1395 2767 1447 2796 77.
1471 2774 1551 2797 uu.
