1818 3131
265 193 380 235 1312

234 293 243 299 ’“
264 308 319 340 pr.
335 297 455 337 anac.
473 295 596 336 Scaiig.
613 300 648 327 et
664 295 786 327 Petav.
804 295 866 327 nisi
881 297 969 338 quod

267 349 382 380 eminus
413 345 515 376 etiam
551 351 735 385 agnoscant
779 347 896 388 Cujac.
935 352 971 379 et

266 398 391 437 Scalig.
411 405 515 436 qnare
538 405 611 427 eam
631 406 746 428 vocem
763 397 875 428 a'ddidi
892 407 970 429 con-

266 447 433 477 firmatam
461 455 480 476 a
510 446 594 476 Mss.
625 451 659 477 et
692 446 778 478 Edd.
809 448 969 488 reliquis:

267 498 478 528 Decor-rentur
493 500 545 526 est
560 505 695 538 quoque
723 497 755 527 in
781 496 875 527 Leid.
902 507 970 528 sec.

267 546 316 578 At
331 546 488 586 exceptis
503 550 583 577 ante
606 546 787 577 nominatis
805 547 887 577 Mss.
905 555 972 577 om-

267 606 327 629 nes
343 606 478 638 quoque
494 596 623 629 habent
640 598 717 637 mei,
740 597 829 639 quod
847 597 888 628 de
904 597 972 627 suis

268 653 408 679 monent
424 648 492 679 alii.
536 648 603 679 Sed
620 649 719 680 maie.
742 647 975 687 Subintelligi-

267 702 324 729 tur
340 698 396 737 sic,
410 699 468 737 ita,
485 701 602 738 tamen,
623 702 659 729 ut
670 698 769 729 nostri
784 707 843 728 ποη
859 698 972 727 deterr.

268 748 357 779 Vide
375 748 511 779 omnino
529 748 570 779 ad
588 758 643 780 ιιι.
658 751 710 779 14.

278 818 281 819 ⁷
312 801 352 829 10
378 799 422 828 Et
443 798 560 837 labore]
593 799 727 829 Desunt
744 797 795 828 hae
812 805 912 828 voces
941 796 974 827 in

268 848 390 879 Petav.
422 848 548 887 Scalig.
585 848 680 877 Leid.
713 856 763 887 pr.
806 846 896 877 And.
939 851 975 877 et

270 898 384 929 Oxon.
411 898 529 928 Bene:
555 906 656 937 supra
678 897 766 927 enim
786 897 858 937 jam
882 897 977 927 dixe-

268 951 322 978 rat
344 957 457 985 nmgno
481 958 549 978 cum
575 947 694 978 labore.-
719 947 809 978 unde
832 947 936 978 etiam
957 957 976 978 e

270 997 355 1029 Mss.
373 997 438 1028 illis
455 998 642 1029 exciderat.
689 998 757 1029 Hic
770 1002 862 1028 certe
876 998 976 1037 plane

269 1047 386 1078 otiosae
416 1052 494 1078 sunt
512 1060 520 1087 3
560 1057 664 1089 quare
707 1048 802 1078 uncis
843 1048 976 1079 inclusi.

276 1097 305 1127 V
305 1098 382 1128 ineis
397 1101 487 1138 atque
502 1098 643 1138 operibus
664 1109 693 1129 v.
717 1099 771 1128 loc.
795 1099 828 1128 d.
845 1102 976 1129 tantum

270 1147 364 1187 legas
380 1149 412 1178 in
430 1149 543 1179 Oxon.
561 1154 597 1180 et
613 1148 700 1178 And.

319 1198 436 1229 Eodem
480 1202 616 1238 tempore
668 1199 763 1229 tectos
813 1198 977 1235 cuniculos,

272 1251 373 1278 crates
395 1251 426 1278 et
448 1247 554 1278 vineas
580 1251 676 1286 agunt
693 1249 732 1277 ad
747 1251 837 1287 caput
860 1246 979 1286 sontis]

275 1297 329 1327 Ita
358 1301 393 1328 et
422 1297 575 1336 Scaliger
603 1297 724 1334 edidit,
754 1302 790 1327 et
815 1297 848 1327 in
877 1296 977 1327 tertio

276 1347 510 1386 Bongarsiano
521 1347 667 1386 reperio.
714 1346 754 1376 In
765 1346 912 1376 secundo
927 1350 979 1376 est

274 1397 428 1427 cuniculos
440 1399 536 1427 tectos
546 1397 585 1426 ad
601 1397 706 1426 vineas
720 1398 818 1435 agunt
832 1396 871 1426 ad
886 1399 979 1436 caput

267 1446 381 1484 sontis.
426 1446 572 1485 Primus,
587 1446 687 1477 cunic.
704 1448 778 1476 tect.
795 1447 835 1476 ad
850 1455 980 1485 aggeres

275 1507 310 1528 nc
326 1497 430 1527 tineas
448 1499 547 1535 agunt
564 1497 604 1526 acl
625 1499 716 1536 caput
724 1495 838 1533 fontis.
883 1497 980 1527 Pala-

277 1548 378 1586 tinus,
401 1546 541 1578 cuniculo
566 1549 660 1577 tectos
683 1547 723 1576 ad
749 1546 854 1577 vineas
869 1549 979 1586 agunt,

276 1601 304 1627 et
321 1598 361 1627 «ed
375 1600 466 1637 caput
475 1596 590 1634 fontis.
636 1596 765 1628 Nescio
790 1602 915 1636 tamen,
938 1605 980 1627 an

278 1647 420 1687 probare
437 1647 540 1677 ausim
558 1647 776 1687 scripturam,
789 1656 888 1688 quam
902 1646 981 1678 Sca-

279 1698 363 1737 liger
397 1697 550 1728 retinuit.
606 1698 722 1727 Primo
759 1696 838 1738 quia
865 1696 981 1728 subdit

279 1755 409 1787 auctor,
437 1747 519 1778 illud
537 1756 641 1787 genus
666 1756 805 1787 opernm
823 1747 896 1778 sine
912 1756 983 1777 sus-

280 1799 410 1838 picione
426 1798 572 1829 hostium
588 1797 703 1829 facere
720 1798 856 1829 licuisse
870 1809 877 1829 :
903 1807 981 1828 nam

280 1853 392 1878 crates
411 1852 445 1879 et
462 1848 574 1878 vineas
599 1848 799 1887 conspicere
822 1850 982 1887 poterant

277 1896 450 1938 oppidani.
498 1896 635 1927 Deinde
651 1898 730 1937 quia
746 1897 855 1927 nulius
881 1897 984 1937 scrip-

280 1952 393 1977 torum
431 1946 518 1977 dixit
556 1949 656 1976 crates
693 1956 795 1985 agere.
847 1946 983 1977 Vossius.

281 1995 467 2027 Manifeste
503 1996 624 2026 vitiosa
661 2001 713 2027 est
751 1997 824 2026 haec
855 1996 981 2034 lecti03

281 2055 390 2087 neque
408 2046 497 2077 enim
524 2046 589 2076 sine
612 2047 674 2077 ullo
697 2046 833 2086 periculo
863 2049 893 2077 et
919 2047 983 2077 sine

279 2098 449 2137 suspicione
475 2097 608 2127 hostium
642 2102 756 2128 crates
786 2096 920 2138 projici,
949 2100 984 2127 et

283 2148 387 2178 vineae
419 2147 472 2187 agi
503 2152 657 2187 possunt,
688 2157 763 2178 cum
794 2145 985 2187 hujusmodi

282 2207 385 2238 opera
404 2198 436 2227 in
453 2198 600 2227 omnium
624 2201 809 2237 conspectu
828 2196 984 2227 adminis-

284 2253 428 2278 trentur.
475 2247 562 2277 Solis
588 2246 753 2277 cuniculis
776 2246 839 2277 hoc
862 2255 985 2277 conve-

286 2297 348 2337 nit,
361 2297 418 2337 qui
437 2296 496 2327 sub
514 2301 640 2327 terram
653 2300 811 2336 aguntur.
849 2296 983 2327 Primus

284 2348 448 2387 Bongars.
475 2347 639 2377 Cuniculos
665 2350 759 2377 tectos
787 2349 826 2377 ud
856 2358 985 2387 aggeres

283 2401 313 2428 ct
341 2398 447 2429 vineas
477 2401 576 2437 agunt
603 2398 642 2428 ad
665 2401 757 2438 caput
781 2398 903 2436 suntin
935 2399 984 2430 sic

284 2447 387 2479 etiam
403 2448 502 2478 editt.
521 2448 617 2478 Rom.
634 2448 720 2478 Ven.
738 2448 898 2479 Beroaid.
917 2449 984 2479 Ms.

284 2502 398 2528 ¹autem
416 2497 527 2527 l’alat.
554 2497 701 2527 Cuniculo
717 2500 811 2527 tectos
826 2499 866 2528 nd
882 2498 986 2528 cineas

283 2550 381 2587 argunt
397 2550 427 2578 et
443 2548 481 2577 ad
495 2551 583 2587 capul
593 2547 696 2585 sontis
707 2558 716 2576 .-
740 2548 789 2578 ita
800 2552 832 2578 et
848 2549 984 2579 Carrar.

281 2597 344 2628 uisi
381 2597 470 2638 quod
506 2597 563 2627 ilie
599 2598 762 2627 cum‘culos.
818 2599 984 2637 Bongars.

283 2646 461 2678 Secundus
487 2647 652 2677 Cuniculvs
683 2651 777 2678 tectos
811 2650 853 2678 ud
882 2649 986 2679 tineas

285 2699 381 2736 agunt
398 2698 436 2727 ud
450 2695 660 2737 caputsontis,
683 2707 744 2738 pro
762 2708 827 2739 quo
842 2698 983 2730 Norvic.

286 2747 388 2779 habet
404 2750 434 2780 et
448 2751 538 2789 caput
546 2747 658 2786 sonti&
705 2748 901 2790 Legendum
913 2757 986 2780 cre-

723 198 865 232 No'rAE
899 200 1160 233 VARIORUM
1197 204 1247 233 IN

1021 297 1176 337 didon-im,
1202 297 1367 328 Cemiculos
1388 299 1485 328 tectos
1499 295 1538 329 ab
1551 307 1666 338 aggere
1689 303 1719 330 et

1019 349 1118 380 vineis
1139 353 1236 388 agunt
1253 350 1293 379 ad
1307 348 1518 389 capulsontis,
1541 349 1594 380 vel
1610 356 1719 390 prope

1022 399 1064 428 ad
1083 400 1224 439 vestigia
1241 400 1380 429 aliorum
1405 398 1579 437 Codicum,
1602 398 1723 430 cunicu-

1022 450 1066 478 los
1080 451 1174 479 tectos
1187 459 1205 479 α
1222 449 1318 479 vineis
1332 451 1428 487 agunt
1440 449 1480 479 ad
1502 451 1593 488 caput
1607 447 1722 485 fontis,

1024 503 1062 528 ut
1085 498 1177 528 dicat
1201 499 1346 537 Hirtius,
1371 498 1544 528 cuniculos
1573 507 1591 528 a
1615 497 1722 529 vineis

1024 549 1157 580 initium
1173 549 1313 588 cepisse,
1330 549 1371 579 ad
1393 553 1497 588 caput
1515 552 1628 579 autem
1652 546 1723 578 fon-

1025 598 1069 628 tis
1087 598 1306 638 pertinuisse;
1330 603 1366 629 et
1381 608 1460 629 sane
1477 608 1507 629 c.
1532 601 1584 630 213.
1609 602 1724 629 narrat

1025 649 1034 664 ‘
1053 646 1220 677 cuniculis
1256 656 1359 678 venas
1397 647 1500 679 fontis
1549 648 1724 680 intercisas

1026 705 1100 728 esse
1115 701 1218 737 atque
1235 697 1394 728 aversas?
1439 697 1626 729 Confirmat
1638 698 1725 729 hanc

1026 747 1257 787 conjecturam
1270 747 1341 778 Jul.
1358 746 1476 778 Celsus
1493 757 1525 787 p.
1543 750 1615 778 168.
1637 747 1648 764 ‘
1661 748 1727 779 Cu-

1026 796 1169 833 niculis‚'
1192 797 1302 837 inquit
1318 796 1387 835 ine,
1409 796 1418 813 ‘
1437 796 1500 827 sub
1525 802 1650 828 terram
1673 806 1728 828 ac-

1028 845 1071 876 tis
1087 846 1129 876 ad
1146 846 1250 886 ipsius
1275 845 1379 877 fontis
1395 855 1498 877 venas
1516 846 1728 887 penetrando

1027 896 1207 936 pervenit!
1233 897 1349 927 Daris.
1397 898 1576 936 Cuniculos,
1604 897 1647 928 ab
1671 907 1729 938 ag-

1027 955 1108 985 gere
1121 951 1154 977 et
1170 946 1278 977 vineis
1294 950 1391 985 agunt
1407 948 1445 977 ad
1469 950 1559 987 capta
1570 946 1730 986 fontis,—

1026 996 1093 1026 sine
1114 995 1282 1036 suspicione
1305 996 1449 1026 hostium.
1496 996 1731 1028 Pulcherrima

1027 1046 1101 1077 haec
1132 1051 1186 1077 est
1216 1046 1350 1077 Davisii
1378 1046 1583 1078 emendatio.
1629 1047 1732 1079 Scali-

1029 1105 1088 1135 ger
1105 1096 1230 1136 aliique
1247 1095 1445 1133 ediderant3
1468 1096 1631 1137 moniculos,
1659 1105 1734 1128 cra-

1029 1150 1081 1175 tes
1097 1150 1133 1176 et
1150 1146 1263 1176 vineas
1278 1149 1388 1184 agunt,
1411 1147 1464 1184 &a
1509 1145 1576 1176 Sed
1594 1151 1732 1186 praeter-

1029 1204 1126 1234 quam
1143 1195 1231 1236 quod
1251 1195 1322 1235 jam
1340 1205 1443 1235 supra
1467 1195 1599 1226 dixerat
1624 1194 1731 1227 Hirti-

1030 1253 1078 1281 υς,
1092 1245 1197 1274 vineas
1210 1255 1303 1283 agere
1319 1246 1422 1285 coepit,
1439 1250 1487 1285 et,
1514 1256 1572 1276 non
1599 1246 1732 1276 deterre-

1029 1296 1140 1323 rentur
1166 1294 1271 1324 vineas
1291 1293 1445 1334 proferri;
1471 1295 1560 1336 quod
1591 1295 1732 1335 proinde

1030 1342 1086 1373 hic
1115 1348 1273 1382 repetere
1297 1354 1539 1384 supervacuum
1557 1345 1621 1375 sit:
1648 1345 1732 1376 illud

1032 1401 1165 1433 quoque
1189 1392 1323 1432 falsum,
1353 1397 1454 1425 crates
1485 1398 1516 1425 et
1545 1396 1652 1426 vineas
1679 1397 1734 1435 agi

1032 1452 1142 1483 posse,
1164 1444 1229 1474 sine
1255 1445 1424 1484 suspicione
1461 1444 1607 1476 hostium.
1645 1445 1734 1477 Mss.

1031 1492 1184 1524 variant:
1200 1492 1254 1524 Al.
1268 1494 1308 1524 ad
1319 1503 1449 1533 aggeres
1459 1498 1490 1525 et
1503 1495 1609 1526 vineas
1622 1498 1734 1534 agunt.

1032 1543 1086 1574 Al.
1102 1545 1143 1574 ad
1158 1545 1262 1575 cineas
1275 1548 1375 1584 agunt
1391 1547 1430 1575 nd
1439 1549 1531 1585 caput
1543 1545 1658 1584 sontis.
1677 1545 1734 1577 Al.

1031 1594 1071 1623 ad
1101 1594 1206 1624 cineas
1231 1598 1330 1633 agunt
1366 1598 1396 1625 et
1432 1596 1472 1625 ml
1509 1598 1600 1635 caput
1618 1593 1734 1632 sontis.

1032 1644 1278 1676 Emendatione
1307 1645 1494 1676 Davisiana
1520 1644 1609 1676 haud
1633 1643 1734 1676 fat-ile

1033 1695 1213 1735 quicquam
1229 1695 1428 1726 concinnius
1454 1695 1614 1735 reperias.
1661 1694 1736 1726 Nisi

1031 1743 1121 1775 forte
1139 1754 1212 1779 cum
1225 1744 1384 1782 Cellario,
1399 1754 1441 1775 ex
1458 1744 1642 1775 Veteribus
1667 1744 1736 1785 qui-

1034 1793 1176 1824 busdam
1207 1793 1332 1831 Editis,
1368 1794 1438 1825 sola
1475 1793 1554 1832 ista,
1585 1793 1737 1827 cuniculos

1033 1845 1131 1880 agunt
1143 1844 1183 1872 ad
1198 1846 1288 1881 caput
1303 1842 1417 1880 fontis,
1434 1843 1485 1872 vel
1504 1843 1574 1873 sine
1590 1843 1711 1874 lacuna
1728 1855 1736 1881 ;

1034 1892 1088 1922 vel
1106 1901 1180 1922 cum
1198 1892 1330 1931 lacuna,
1352 1892 1504 1922 cuniculos
1531 1891 1611 1909 '‘⁵'‘
1637 1896 1734 1931 agunt

1033 1941 1073 1971 ad
1102 1945 1193 1981 caput
1213 1941 1327 1980 fontis,
1350 1941 1489 1973 scribas.
1529 1942 1636 1973 Clark.
1683 1943 1736 1973 Ad

1034 1999 1165 2029 aggeres
1179 2000 1215 2021 ac
1229 1990 1333 2021 vineas
1343 2001 1396 2030 ag.
1415 1996 1465 2021 est
1483 1991 1514 2021 in
1532 1991 1608 2021 solis
1622 1992 1735 2023 Ortel.

1035 2045 1070 2070 et
1087 2041 1195 2080 Bong.
1219 2051 1271 2081 pr.
1297 2041 1392 2081 cujus
1408 2051 1525 2072 manus
1539 2042 1591 2073 hic
1616 2048 1667 2073 est
1687 2052 1736 2073 re-

1035 2090 1243 2129 centissima,
1274 2096 1377 2131 atque
1407 2091 1495 2122 Edd.
1528 2093 1624 2123 Rom.
1647 2092 1736 2124 Ven-

1034 2140 1128 2171 Med.
1157 2141 1246 2172 Flor.
1273 2141 1358 2172 Cell.
1381 2141 1455 2172 lnc.
1487 2142 1571 2174 Mss.
1599 2143 1736 2183 Ρεέηιί,

1035 2190 1112 2221 Urs.
1129 2196 1165 2222 et
1181 2191 1289 2232 Bong.
1303 2196 1382 2223 tert.
1399 2201 1468 2223 cun.
1493 2196 1593 2224 crates
1616 2195 1647 2224 et
1673 2193 1736 2224 vin.

1033 2252 1085 2281 ag.
1131 2242 1360 2282 ineptissime:
1407 2252 1508 2284 qnam
1553 2242 1735 2275 lectionem

1034 2293 1137 2324 miror
1151 2298 1306 2324 secutum
1323 2303 1397 2325 esse
1414 2294 1634 2335 Scaligernm.
1650 2294 1734 2325 Mss.

1035 2343 1214 2374 duodecim
1233 2344 1288 2374 vel
1311 2344 1438 2384 plures,
1465 2345 1515 2375 uti
1538 2348 1573 2375 et
1595 2343 1734 2375 aiiorum

1035 2403 1111 2425 cnm
1130 2395 1190 2425 Ed.
1219 2395 1293 2425 Ine.
1311 2395 1393 2426 daut
1409 2396 1448 2425 ad
1465 2395 1569 2425 vineas
1589 2397 1685 2433 agunt
1705 2397 1734 2424 ct

1035 2445 1172 2485 caputs.
1199 2445 1261 2476 nisi
1288 2445 1378 2486 quod
1401 2445 1476 2476 Pal.
1502 2444 1611 2474 Ortel.
1639 2444 1734 2475 Carr.

1037 2500 1073 2526 et
1087 2495 1229 2527 Dor-vill.
1253 2499 1284 2526 et
1305 2497 1345 2526 ad
1368 2505 1393 2525 c.
1411 2494 1442 2532 f.
1466 2492 1555 2535 quod
1578 2493 1734 2523 ultimum

1037 2545 1145 2576 edidit
1177 2545 1351 2577 Cellarius.
1412 2543 1458 2574 At
1491 2552 1571 2573 vero
1609 2542 1734 2575 Audin.

1037 2595 1149 2627 oxon.
1164 2601 1199 2627 et
1222 2597 1341 2627 Petav.
1359 2605 1378 2626 a
1405 2603 1502 2625 manu
1531 2593 1639 2634 prima
1667 2602 1732 2624 non

1037 2650 1224 2687 agnoscunt
1236 2645 1343 2676 omnia
1366 2644 1421 2674 ina
1436 2647 1535 2674 crates
1559 2646 1587 2674 et
1611 2643 1735 2674 tineas.-

1037 2696 1087 2727 uti
1099 2705 1161 2726 nec
1178 2694 1264 2726 Edd.
1289 2693 1368 2724 Bas.
1384 2694 1468 2723 Ven.
1493 2696 1586 2723 1517.
1635 2692 1733 2724 Vasc.

1036 2744 1168 2786 strada,
1183 2743 1262 2776 Ald.
1275 2743 1407 2784 Gryph.
1425 2743 1558 2775 Manut.
1572 2743 1732 2784 Stephan.
