1818 3131
189 238 300 281 1360

190 343 336 384 Lipsiae.
377 344 501 374 Lucan.
528 341 569 372 de
596 341 659 372 hac
687 351 722 372 re
749 350 789 372 ir.
817 344 891 373 600.

188 394 198 410 ‘
214 392 279 423 Sed
297 392 437 422 molibus
457 391 562 422 undas
579 390 760 429 Ol)struit‚’
777 400 892 432 quain-

189 443 240 473 vis
258 447 419 483 sequatur
435 442 443 458 ‘
461 446 540 472 tunc
557 450 681 482 aggere
701 441 808 472 multo
821 451 892 471 sur—

190 492 239 531 git
253 490 356 531 opus!
404 491 511 522 Immo
527 496 644 522 noster
659 491 732 531 ipse
746 491 787 521 B.
801 490 891 522 Gall.

194 550 250 571 ιιι.
264 543 312 571 12.
336 543 344 557 ‘
363 541 510 571 Extruso
527 540 610 571 inari
628 550 753 581 aggere
772 550 810 571 ac
827 550 893 570 mo-

193 590 281 621 libus
297 590 317 620 z’
340 595 375 621 et
398 589 440 621 de
466 591 529 622 liae
557 592 630 631 ipsa
650 601 685 622 re
708 591 750 621 ad
773 592 814 623 Q.
829 590 894 620 Pe-

193 639 283 670 dium
301 640 418 671 Caesar
433 640 523 680 apud
545 641 655 672 Cicer.
674 642 738 681 Ep.
760 640 800 670 ad
819 640 892 671 Att.

193 699 244 720 ix.
261 692 310 720 14.
327 690 336 706 ‘
355 689 396 720 ab
413 695 558 732 utroque
575 696 694 731 portus
708 700 811 721 cornu
827 699 894 719 ino-

192 741 241 771 les
251 741 397 781 jacimus
412 741 431 771 ε’
455 741 558 772 ethic
577 751 606 772 c.
625 744 678 772 28.
703 743 712 758 ‘
730 740 771 771 ad
790 741 894 771 moles

194 791 334 822 Caesaris
362 791 554 822 haeserant!
600 792 726 822 Amant
741 795 895 821 auctores

193 841 255 872 hac
270 851 352 872 voce
370 841 402 871 iu
419 842 538 881 plurali
555 842 616 872 uti.

238 894 278 922 19
301 890 504 930 Destinoebat]
529 891 651 920 Placet
668 890 819 921 Grutero
835 890 896 920 dis-

193 939 323 978 tinebat,
338 939 426 980 qnod
444 949 463 970 a
479 949 522 970 m.
536 949 603 970 sec.
617 945 721 970 restat
741 939 772 970 in
788 940 896 979 Bong.

196 995 231 1020 et
255 989 341 1021 Edd.
367 989 497 1029 primis,
523 989 606 1020 item
623 989 761 1020 Vascos.
781 990 895 1030 steph.

196 1038 337 1079 aliisque
368 1038 521 1069 omnibus
552 1039 594 1069 ad
626 1039 819 1079 Lipsianam
847 1049 897 1070 us-

196 1100 273 1130 que.
320 1090 504 1121 Distinabat
521 1095 571 1121 est
588 1090 620 1120 in
639 1090 760 1121 I'etav.
780 1092 898 1131 Cujac.

197 1140 284 1171 Scal.
301 1140 447 1171 Dorvill.
466 1150 505 1170 ac
532 1140 627 1171 Leid.
652 1150 704 1180 pr.
743 1141 831 1171 Vide
857 1141 897 1171 ad

198 1190 240 1220 R.
262 1190 303 1221 G.
327 1199 381 1220 iii.
401 1193 452 1220 14.
476 1191 484 1207 ‘
504 1190 571 1221 Qui
591 1195 756 1221 antennas
773 1190 813 1221 ad
831 1200 899 1220 ma-

197 1240 247 1271 los
265 1240 502 1271 destinabant.’

240 1293 279 1321 21
332 1291 433 1329 Atque
469 1300 585 1329 aggere
615 1289 811 1329 contegebat]
858 1290 897 1320 In

201 1340 321 1371 Petav.
359 1339 603 1378 significantius
637 1346 690 1370 est
729 1340 899 1378 integebat.

204 1390 337 1420 Vossius.
387 1389 559 1427 Integebat.
604 1390 660 1421 Sic
675 1390 758 1422 Mss.
773 1391 899 1420 Eliens.

200 1444 236 1470 et
267 1439 389 1470 Yossii.
431 1439 486 1470 Al.
521 1440 722 1480 Contegebat.
792 1441 900 1470 Clark.

202 1490 297 1520 Bene
334 1489 489 1528 reposuit
528 1489 685 1521 Clarkius
724 1490 903 1529 iungebat.-

201 1539 290 1580 quod
317 1539 517 1570 confirmant
541 1539 636 1570 Leid.
656 1549 705 1580 pr.
723 1546 757 1570 et
775 1540 901 1571 Lovan.

200 1589 288 1621 Vide
315 1589 356 1620 ad
383 1599 447 1621 vn.
466 1593 518 1621 73.
543 1592 552 1607 ‘
568 1591 759 1622 viminibus·
784 1602 822 1623 ac
841 1593 905 1622 vir-

203 1641 306 1681 gultis
336 1641 554 1681 intcgebatur
572 1641 590 1672 :'
628 1643 668 1673 B.
700 1643 772 1673 Civ.
806 1652 846 1673 ιι.
875 1646 905 1674 2.

201 1692 209 1707 ‘
227 1691 328 1731 lignis
344 1691 494 1731 porticus
508 1691 768 1731 integebantur.'
800 1693 906 1724 Plura

204 1740 280 1771 vide
294 1741 335 1771 ad
353 1742 392 1771 13..
408 1741 481 1772 Civ.
500 1751 555 1772 111.
576 1744 626 1772 19.

246 1798 344 1821 xxvi.
362 1794 398 1822 ll
419 1791 555 1831 Impetus
571 1792 647 1832 ejus]
664 1791 746 1822 Mss.
761 1798 794 1823 et
812 1791 905 1823 Edit.

203 1841 329 1872 habeut
357 1842 415 1872 etsi
444 1843 576 1882 impetus
604 1843 690 1881 ejus:
735 1852 810 1883 quae
843 1852 907 1872 vox

205 1892 262 1922 etsi
289 1901 424 1931 prorsus
453 1901 709 1932 supervacanea
732 1898 797 1931 cst,
823 1897 858 1923 et
890 1902 907 1922 e

207 1941 356 1981 margine
391 1942 526 1972 videtur
565 1942 753 1982 irrepsisse.
800 1942 906 1972 star—lc.

205 1991 333 2022 Vocem
350 1991 407 2021 etsi
432 1996 558 2022 temere
582 1992 719 2022 sustulit
743 1993 909 2030 clai-kius,

207 2046 244 2071 ut
273 2041 456 2071 tollendam
483 2050 555 2071 eain
585 2041 818 2072 arbitrabatur
843 2042 910 2072 Ho-

207 2096 385 2122 tomannus
413 2097 531 2122 contra
559 2102 674 2124 omnes
703 2093 785 2123 Mss.
840 2093 910 2123 Cur

205 2150 273 2171 non
312 2143 424 2181 potius
455 2151 645 2180 censemus,
685 2141 909 2182 repetendum

208 2192 352 2222 voluisse
368 2196 487 2223 auctor
502 2193 626 2223 tametsi
638 2204 647 2222 .·
672 2197 709 2223 ut
725 2192 862 2232 Syllaba
878 2196 910 2223 ta

208 2242 320 2281 elapsa
334 2241 375 2271 sit
394 2251 455 2281 per
472 2242 671 2281 praeccdcns
689 2242 837 2273 tentata!

254 2295 293 2323 12
316 2292 434 2332 Rebus]
480 2293 565 2324 Haec
589 2304 653 2324 vox
682 2293 769 2323 idem
787 2293 911 2329 signifi-

204 2348 276 2380 cat,
292 2343 379 2383 quod
398 2343 586 2379 rationibus;
602 2353 680 2382 nou,
691 2349 725 2373 ut
741 2344 912 2374 existima-

210 2393 258 2423 vit
275 2393 429 2431 Ursinus,
446 2402 489 2423 ex
505 2403 544 2423 ea
560 2398 723 2433 corrupte
746 2398 824 2424 nata
847 2399 911 2425 cst.

213 2443 320 2474 Clark.
367 2443 454 2474 Vide
471 2443 512 2473 ad
537 2444 578 2474 B.
596 2444 637 2475 G.
656 2452 704 2473 ir.
724 2446 773 2474 17.
821 2444 914 2474 (liac-

210 2492 327 2523 conius
358 2502 492 2532 quoque
519 2493 691 2524 rationibus
719 2493 912 2533 subponere

211 2540 337 2573 frustra
354 2542 510 2573 tentarit.

255 2594 294 2622 18
310 2591 360 2622 ΑΙ)
371 2593 466 2622 armis
478 2592 666 2633 discedatur]
683 2594 772 2625 Mire
789 2594 841 2625 liic
855 2604 914 2624 nu-

214 2646 312 2681 gatur
330 2642 577 2681 l·lotoinainnis,
591 2645 645 2682 qui
664 2654 764 2674 voces
782 2645 860 2675 istas
875 2644 914 2674 ‹il›

211 2694 307 2725 armis
334 2694 497 2726 delendas
514 2695 706 2732 existiman
731 2697 809 2736 qnia
831 2698 915 2737 jain,

214 2743 336 2784 inquit,
366 2753 434 2775 non
456 2744 500 2774 de
517 2744 724 2776 discessione
748 2746 785 2775 ab
810 2748 916 2786 armi-⁹,

216 2793 275 2823 sed
299 2804 319 2824 a
344 2794 489 2834 colloquio
516 2794 641 2835 agitur.
697 2796 802 2829 Quasi
835 2806 915 2828 vero

652 247 794 277 NOTAE
830 247 1093 278 VARIORUM
1137 248 1187 277 IN

942 351 1008 373 non
1026 341 1057 372 id
1075 342 1185 382 ipsum
1203 340 1334 372 scilicet
1349 341 1379 372 in
1391 340 1537 381 colloquio
1553 343 1644 372 esset

941 392 1120 432 agendum,
1137 391 1258 432 quibus
1278 389 1528 421 conditionibus
1553 388 1645 421 foret

942 441 980 472 ab
993 442 1090 472 armis
1105 439 1357 471 discedendum.
1406 439 1515 470 Clark.

985 494 1027 522 20
1052 491 1110 521 1110
1134 494 1241 522 autore
1256 493 1345 530 atque
1368 489 1496 530 agente]
1529 487 1646 520 Minus

943 541 1089 571 usitatus
1104 541 1264 581 loquendi
1283 550 1373 571 mos:
1392 541 1477 571 alius
1493 538 1648 578 dixisset,

942 591 1026 620 iltius
1041 599 1130 620 suasu
1145 593 1238 630 atque
1253 600 1355 630 opera.
1386 590 1519 621 Vossius.
1564 590 1647 620 Auc-

944 644 1051 677 torem,
1075 642 1268 679 actoremque
1294 641 1341 670 rei
1360 641 1511 680 jungunt
1527 639 1648 671 Cicero

945 696 981 721 et
998 692 1134 731 Nepos:
1160 690 1249 731 quod
1267 691 1340 731 jam
1369 692 1401 722 in
1431 691 1566 723 Lexicis
1590 700 1649 722 no-

946 745 1066 772 tatum.

989 794 1030 822 22
1054 791 1130 821 Sine
1146 790 1208 820 illis
1233 790 1271 821 de
1285 788 1519 829 compositione]
1552 790 1649 821 Duas

947 840 1072 880 primas
1111 849 1209 870 voces
1247 838 1488 880 expungendas
1533 844 1652 870 censet

948 890 1025 921 Pet.
1069 889 1293 927 Ciacconius3
1339 889 1402 920 lioe
1441 893 1556 920 autem
1584 898 1650 919 non

949 941 1082 971 aliunde
1099 940 1240 979 facturn,
1271 949 1370 981 quam
1401 938 1491 980 quod
1507 937 1652 978 σύνταξιν

947 990 1035 1021 haud
1061 994 1155 1021 recte
1183 989 1401 1030 perciperet:
1427 987 1546 1019 eodem
1563 988 1651 1019 enim

950 1041 1051 1079 redit,
1076 1050 1114 1072 ac
1137 1041 1164 1071 si
1181 1040 1324 1070 dixisset
1340 1042 1457 1070 noster
1470 1039 1572 1078 paullo
1583 1040 1652 1078 post

949 1091 1120 1130 renunciat,
1149 1091 1283 1121 consules
1309 1089 1423 1128 obesse,
1450 1091 1480 1118 et
1503 1088 1570 1119 sine
1591 1087 1655 1118 iltis

949 1142 986 1171 de
1009 1141 1224 1181 compositione
1247 1140 1300 1179 agi
1325 1149 1383 1170 non
1409 1148 1497 1179 posse
1506 1149 1517 1173 ,·
1547 1146 1652 1179 quare

951 1192 1074 1229 malim,
1101 1195 1138 1221 ut
1165 1199 1238 1221 cum
1258 1189 1457 1230 quibusdam
1480 1188 1582 1219 codd.
1608 1189 1654 1219 le-

952 1246 1049 1281 gatur
1065 1250 1119 1271 nec
1134 1241 1200 1271 sine
1217 1240 1278 1270 illis
1304 1240 1340 1269 de
1367 1238 1585 1279 compositione
1601 1239 1657 1277 agi

949 1300 1046 1330 posse.
1108 1290 1199 1321 Huic
1231 1289 1476 1320 constructioni
1507 1297 1571 1318 non
1602 1293 1655 1319 cst

952 1340 1211 1380 impedimento,
1238 1338 1327 1379 quod
1345 1343 1379 1369 et
1404 1338 1654 1379 subjunctivum

953 1395 988 1421 ct
1006 1389 1208 1420 infinitivum
1227 1388 1331 1419 verbo
1359 1388 1552 1428 adjiciatur.
1598 1387 1655 1419 Sic

954 1441 1040 1471 enim
1059 1439 1173 1470 Livius
1189 1447 1279 1469 xm.
1293 1441 1346 1469 33.
1361 1440 1369 1455 ‘
1390 1438 1489 1468 Publ.
1510 1437 1655 1469 Licinius

957 1490 1121 1521 consuls.
1139 1489 1177 1520 C.
1201 1488 1336 1519 recitari
1359 1487 1486 1528 jussit;
1512 1487 1656 1528 primum

955 1540 1043 1581 quod
1073 1539 1196 1570 bellurn
1221 1538 1366 1569 Senatus
1392 1538 1518 1568 Perseo
1537 1537 1658 1578 jussis-

954 1596 1006 1621 set
1022 1601 1028 1628 ;
1046 1590 1170 1621 deinde
1188 1589 1277 1630 quod
1292 1594 1425 1619 veteres
1440 1589 1656 1619 centuriones

956 1641 1237 1682 quamplurimum
1269 1640 1311 1670 ad
1341 1639 1372 1670 id
1403 1639 1526 1670 bellum
1555 1638 1658 1670 scribi

956 1692 1154 1729 censuisset,
1185 1699 1249 1722 nec
1273 1690 1343 1729 ulli,
1371 1690 1426 1731 qui
1454 1699 1520 1720 non
1551 1689 1658 1730 major

956 1743 1051 1773 annis
1067 1751 1087 1772 1.
1103 1748 1207 1781 esset,
1232 1742 1356 1772 militioe
1370 1740 1559 1771 vacationem
1575 1739 1660 1771 esse!

956 1793 1034 1824 Scio
1052 1793 1188 1833 quidem
1219 1793 1275 1823 Fr.
1300 1792 1473 1822 Sanctium
1498 1792 1584 1822 Min.
1602 1798 1660 1822 nr.

958 1845 1008 1873 112.
1033 1843 1132 1872 hasce
1161 1842 1348 1873 locutiones
1378 1851 1493 1882 parum
1523 1841 1661 1872 Latinas

957 1892 1189 1922 existimasse:
1224 1893 1280 1921 sed
1311 1897 1383 1923 toto
1412 1892 1497 1922 coelo
1522 1892 1663 1930 erravit,

958 1948 995 1972 ut
1014 1948 1086 1981 post
1105 1942 1188 1972 alios
1205 1942 1355 1972 ostendit
1380 1942 1432 1972 vir
1447 1941 1660 1972 doctissimus

957 1992 1033 2024 Jac.
1048 1991 1246 2022 Perizonius
1258 1991 1289 2021 in
1304 1990 1420 2021 Addit.
1436 2001 1468 2031 p.
1479 1993 1554 2021 502.
1568 2000 1661 2031 seqq.

960 2042 1072 2072 Daris.
1119 2041 1263 2082 Nequeo
1280 2041 1335 2072 hic
1351 2041 1432 2071 satis
1452 2041 1566 2071 mirari
1583 2040 1661 2071 doc-

960 2093 1120 2123 tissimum
1153 2092 1340 2131 Davisium,
1381 2092 1437 2132 qui
1479 2091 1660 2132 legendnm

960 2144 1146 2181 existimat,
1181 2143 1355 2173 Renunciat
1397 2142 1484 2182 quod
1528 2139 1665 2173 consules

959 2193 1074 2230 absint,
1092 2202 1153 2223 nec
1170 2193 1235 2223 sine
1253 2193 1411 2231 ints—agi
1425 2201 1523 2232 posse.
1574 2192 1661 2223 Nam

961 2244 1068 2283 primo
1086 2243 1184 2274 valde
1206 2248 1373 2283 suspectae
1399 2242 1594 2274 Latinitatis
1610 2245 1664 2273 est

961 2293 1058 2331 illud,
1084 2293 1245 2324 renunciat
1259 2294 1347 2332 quod.
1394 2292 1480 2325 Quae
1509 2292 1596 2324 enim
1617 2289 1665 2323 af-

961 2342 1029 2372 fert
1045 2342 1245 2373 Perizonius
1272 2342 1459 2373 istiusmodi
1486 2341 1663 2374 locutionis

961 2394 1129 2433 exempla,
1157 2394 1320 2434 pleraque
1336 2394 1449 2424 omnia
1465 2396 1543 2423 sunt
1566 2392 1607 2423 ab
1623 2401 1663 2423 eo

961 2445 1048 2475 male
1075 2445 1265 2476 intellecta.
1312 2445 1369 2482 Et,
1386 2445 1413 2475 si
1441 2443 1571 2484 phrasis
1598 2441 1664 2473 ista

963 2500 1124 2536 suspecta
1154 2505 1220 2526 non
1253 2500 1352 2534 esset,
1397 2500 1430 2525 at
1467 2503 1485 2524 a
1521 2493 1665 2524 Can-saris

963 2553 1058 2578 certe
1097 2547 1259 2588 loquendi
1294 2546 1426 2576 ratione
1471 2543 1664 2583 longissime

963 2597 1083 2635 abest;
1108 2607 1182 2627 cum
1201 2597 1233 2627 iu
1250 2597 1300 2626 his
1317 2594 1471 2626 omnibus
1501 2593 1593 2624 libris
1622 2592 1674 2624 ne'

962 2648 1066 2678 semel
1100 2647 1235 2688 quidem
1265 2650 1436 2677 occurrat.
1497 2643 1669 2686 Secundo,

964 2701 1137 2736 utcunque
1161 2697 1225 2726 hoe
1240 2695 1296 2735 sit,
1321 2700 1355 2725 at
1380 2695 1437 2726 illa
1465 2692 1683 2732 inconcinna',

964 2747 1097 2777 demum
1111 2750 1146 2776 et
1162 2746 1270 2776 hiulca
1286 2745 1547 2776 constructionis
1564 2749 1668 2776 muta-

966 2798 1024 2836 tio,
1047 2798 1126 2838 quod
1147 2796 1261 2838 absint,
1287 2795 1438 2837 nec—ogi
1461 2805 1561 2837 posse,
1585 2794 1667 2828 ferri
