1818 3131
343 244 432 273 1113.
469 242 531 271 vi.
568 241 674 271 CAP.
705 231 776 271 4⁵2.
813 243 873 271 Dr:
909 244 1061 273 BELLO
1093 244 1318 274 GALLICU-

115 335 180 366 Ubi
210 335 318 366 Faber
342 335 483 366 ridebant
510 335 626 365 voluit.

159 389 195 416 13
221 387 316 416 Nullo
331 387 423 416 etium
438 395 515 416 nunc
529 395 585 415 usu
600 384 646 415 rei
657 385 805 416 militaris

110 435 266 474 perca-pto]
290 435 377 466 Illud
390 438 529 475 percepto
545 435 802 474 expungendum

113 490 147 514 et
178 485 325 520 Scaliger
355 490 389 515 et
416 485 614 516 Ciacconius
649 485 802 524 putabat.

115 534 185 571 Ego
201 535 312 564 neseio
337 544 378 564 an
406 535 568 565 accedere
597 535 662 565 illis
685 535 800 566 ausim.

111 583 166 614 Sic
192 583 212 613 Ι.
231 592 292 613 vu.
321 586 329 600 ‘
349 590 383 614 ut
412 585 591 625 aliquando
616 595 676 625 pro
701 587 802 616 tantis

110 632 277 662 laboribus
301 631 449 664 fructum
475 635 624 665 victoriae
651 636 803 675 percipe-

109 681 206 714 rent.'
249 683 325 714 Scio
354 685 405 714 liic
437 686 548 724 paullo
576 686 674 716 aliam
705 687 803 717 ratio-

108 740 182 762 nem
209 742 294 770 esse,
320 734 376 764 sed
403 735 482 764 mihi
507 745 569 765 nec
594 735 685 775 prius
711 736 802 765 dam-

107 782 252 812 nandum
271 783 413 814 videtur.
465 785 596 816 Vossius.
648 785 802 826 Respicit

106 831 147 862 ad
167 837 311 872 tempus,
336 835 422 873 quod
452 844 598 874 pra-sens
623 834 699 873 fuit,
725 846 801 866 cum

108 881 172 912 istu
188 889 400 922 gererentur.
448 885 613 915 Minucius
629 885 720 915 Felix
735 885 802 915 Oc-

107 935 173 961 tav.
202 942 235 971 p.
263 935 294 962 4.
329 934 337 948 ‘
356 933 526 964 (Ea-cilium
557 934 800 974 superstitiosis

107 981 311 1012 vanitatibus
321 983 496 1013 etiamnunc
508 984 726 1014 inhaerentem
738 984 801 1014 dis-

105 1031 281 1071 putatione
298 1033 494 1071 gravissima
520 1034 561 1063 ad
588 1043 700 1064 veram
727 1035 802 1064 reli-

106 1082 239 1120 gionem
265 1081 487 1113 reformavit.'
531 1083 620 1113 Vide
636 1088 671 1114 et
691 1084 802 1124 Sulpi-

105 1131 193 1162 cium
223 1131 383 1162 Severum
412 1133 502 1163 Hist.
529 1132 621 1164 Sacr.
645 1143 669 1164 1.
697 1136 748 1164 34.
771 1137 800 1166 2.

106 1184 218 1215 Daris.
262 1184 389 1215 Ultima
406 1194 470 1215 vox
499 1185 592 1215 Petr.
615 1186 800 1216 Ciacconio

104 1234 239 1265 videtur
255 1234 445 1273 abuudar03
462 1235 733 1275 cujusjudicium
750 1245 800 1265 se-

105 1287 203 1313 cutus
227 1284 301 1315 JOS.
318 1284 470 1323 Scaliger
485 1284 612 1315 uncinis
628 1294 714 1324 eam,
730 1289 801 1316 tan-

104 1343 201 1375 quam
214 1333 404 1373 delendam,
419 1334 537 1364 cinxit.
561 1334 662 1366 Quod
678 1335 800 1372 miror;

105 1393 181 1414 cum
197 1384 310 1415 Caesar
327 1385 398 1424 ipse
418 1385 457 1415 B.
480 1384 552 1415 Civ.
569 1393 624 1415 111.
640 1387 692 1415 84.
710 1385 802 1415 dixe-

106 1434 163 1472 rit,
191 1435 200 1451 ‘
227 1434 293 1466 Qui
324 1433 518 1474 quotidiana
557 1433 802 1474 consuetudine

103 1493 190 1514 usum
208 1493 338 1524 quoque
365 1483 438 1523 ejus
455 1483 584 1523 generis
608 1484 800 1523 praeliorum

102 1533 315 1573 perciperent!
361 1533 525 1573 Vegetius
543 1542 567 1563 1.
587 1536 618 1564 4.
643 1533 651 1549 ‘
669 1534 800 1564 Veloci-

105 1586 157 1613 tas
171 1583 258 1613 enim
277 1588 340 1619 est,
359 1592 433 1623 quae
456 1587 620 1622 percepto
637 1583 801 1614 exercitio

104 1637 276 1664 strenuum
293 1632 398 1664 efficit
425 1633 646 1664 bellatorem.’
694 1634 800 1664 Vetus

104 1683 208 1721 igitur
244 1683 358 1721 lectio,
395 1683 556 1714 Codicum
595 1684 800 1715 auctoritate

105 1730 253 1770 suffulta,
268 1742 406 1772 prorsus
421 1737 473 1764 est
490 1733 678 1764 retinenda.
703 1734 800 1773 Iaera,

104 1781 138 1811 iu
155 1781 243 1812 Add.
260 1787 295 1812 et
311 1792 382 1813 cur.
400 1792 467 1813 sec.
512 1782 605 1813 Nunc
621 1783 684 1813 hoc
700 1793 798 1813 sensu

104 1831 286 1870 saepissime
316 1832 482 1872 usurpari,
511 1831 668 1862 adnotavi
697 1832 798 1863 etiam

104 1885 182 1921 post
202 1881 284 1911 alios
309 1881 351 1911 ad
379 1882 505 1912 Lucan.
524 1890 602 1913 vm.
618 1884 672 1912 41.
695 1883 704 1899 ‘
723 1882 799 1914 Qua

103 1940 190 1962 nunc
221 1931 342 1963 tellure
367 1931 496 1963 latebas
521 1931 699 1963 Moestiorss
744 1931 799 1964 Sic

103 1981 191 2012 enim
219 1981 410 2022 legendum,
440 1982 543 2013 etiam
572 1981 799 2022 fragmentum

103 2030 230 2062 Mstum
245 2031 410 2062 Celeb.'l'.
428 2031 674 2062 Hemsterhusii
686 2031 800 2063 docet.

103 2080 179 2110 Tum
206 2084 242 2111 et
266 2090 346 2111 nunc
373 2081 407 2111 in
433 2081 516 2112 Mss.
548 2080 800 2112 confunduntur

104 2139 235 2171 qnoque
272 2131 361 2171 apud
398 2132 528 2162 Livium
566 2140 710 2163 xxxvu.
748 2134 798 2162 16.

103 2180 112 2196 ‘
133 2180 316 2211 (lonventis
333 2181 557 2221 Scipionibus,
576 2182 631 2221 qui
652 2186 721 2212 tum
738 2181 800 2212 cir·

104 2237 144 2258 ca
156 2228 362 2260 Thessaliam
377 2235 474 2261 erant
490 2229 509 2260 :'
534 2234 569 2261 et
586 2231 673 2270 Nep.
689 2230 799 2261 Hann.

104 2287 133 2307 r.
153 2280 183 2307 4.
210 2278 266 2308 ubi
293 2279 385 2309 etiam
401 2289 480 2309 nunc
506 2279 591 2310 benc
617 2279 734 2318 edunt,
761 2284 800 2312 ut

103 2331 201 2367 patet
219 2337 260 2358 ex
276 2337 307 2359 c.
324 2330 355 2358 7.
373 2329 389 2368 ξ
406 2331 438 2358 -1,

146 2385 221 2408 xm.
237 2380 256 2408 4
280 2379 328 2409 Ac
342 2378 540 2418 tantussuit]
574 2378 800 2410 Adversativa

103 2428 270 2469 particula
298 2429 374 2460 huic
414 2430 489 2460 loco
520 2429 636 2461 melius
662 2429 798 2460 videtur

104 2478 293 2508 convenire.
341 2479 626 2520 chonoitaque
650 2489 691 2509 ex
732 2480 798 2510 Ms.

107 2528 241 2561 Norvic.
259 2534 293 2559 et
311 2528 393 2559 edit.
412 2530 506 2560 Rom.
538 2532 580 2559 At
595 2532 702 2562 taulus
715 2528 798 2567 fuit,

104 2579 155 2615 ⁸5⁶·
200 2578 308 2609 Daris.
378 2579 525 2619 Reponit
563 2579 721 2610 Davisius
756 2588 799 2609 ex

105 2627 171 2658 Ms.
195 2628 318 2660 Eliens.
339 2632 378 2660 et
403 2629 493 2660 Edit.
511 2630 608 2660 Rom.
630 2629 689 2659 At.
732 2628 799 2659 Sed

107 2681 142 2707 et
158 2678 250 2715 illud,
263 2679 322 2718 Ac,
332 2681 506 2720 eleganter
522 2680 661 2711 retineri
676 2684 798 2719 potest.

109 2726 209 2765 Cujus
224 2727 290 2759 vim
305 2730 434 2769 optime
450 2729 620 2770 expressit
642 2730 798 2768 Graecus,

106 2776 254 2807 Τοσοῦτος
265 2776 298 2809 δὲ
312 2777 373 2812 καί.
419 2781 526 2811 Clark.
570 2781 617 2812 At
639 2784 798 2811 exaratur

1443 237 1553 278 1157

857 346 987 377 quoquc
1012 338 1044 368 in
1074 338 1194 369 Petnv.
1223 338 1366 369 Dorvill.
1395 343 1430 370 et
1455 340 1551 373 voss.

856 388 978 417 tertio:
1003 388 1060 418 sed
1077 394 1168 419 recte.
1187 389 1342 420 Clarkius
1368 389 1492 421 retinet
1507 401 1552 422 uc.

854 434 922 465 Adi
936 445 967 466 v.
984 440 1034 467 56.
1059 438 1105 468 Ac
1118 438 1214 477 prius.

896 488 916 514 ὓ
941 485 1271 526 1·'i‹1‹›m110ns1u·eree]
1296 488 1401 518 Codd.
1415 490 1552 520 nonnul-

854 533 890 569 li,
910 534 1010 575 fidem
1040 545 1097 565 non
1123 536 1257 567 haberet.
1313 538 1411 569 Quod
1440 539 1552 569 absur-

855 583 953 614 dum:
980 585 1042 615 nisi
1070 586 1215 625 legatur,
1241 588 1398 626 haberent,
1427 589 1446 618 ii
1465 589 1552 619 seili-

854 639 909 664 cet
927 635 982 674 qui
1005 634 1037 665 in
1065 636 1182 666 canati-is
1209 642 1329 674 essent,
1357 643 1389 667 et
1409 638 1450 667 ad
1468 648 1551 678 qnos

854 684 973 714 missus
992 684 1094 715 fuerit
1107 685 1305 716 Volusenus.
1331 688 1436 718 Clurlc.
1482 688 1552 719 11⁴1-

853 732 957 763 berent
974 734 1075 765 ssasii.
1093 735 1177 765 Veu.
1204 739 1296 766 1517.
1322 736 1400 766 ΑΜ.
1419 738 1551 776 (tryph.

854 779 887 812 et
905 784 979 814 aliae
996 795 1002 814 :
1027 784 1150 815 haberet
1179 785 1262 815 Mss.
1281 784 1368 815 Anu.
1387 791 1420 816 et
1438 787 1550 817 Oxon.

853 838 889 863 ut
907 834 997 864 nullo
1017 844 1115 865 sensu
1135 840 1245 866 tamen
1272 836 1339 875 legi
1358 836 1491 867 volebat
1507 837 1550 868 G.

853 883 1018 914 Cunterus
1047 885 1132 916 Nor.
1160 886 1253 915 Lect.
1279 895 1317 916 Π.
1335 888 1386 918 28.
1427 887 1552 918 Habere

841 932 941 973 fidem
966 939 1019 964 est
1046 935 1196 973 credere,
1218 936 1326 973 scu-ere
1343 937 1454 977 fidem,
1484 938 1504 967 i.
1521 948 1550 970 ‹²-

852 984 1068 1023 persuadere,
1098 985 1223 1025 facere,
1250 991 1286 1016 nt
1314 988 1386 1028 quis
1411 988 1547 1028 credam

850 1033 974 1070 πείθειν,
998 1039 1034 1064 ut
1053 1034 1135 1064 bene
1154 1036 1307 1067 Graecus.

894 1085 913 1112 8
960 1084 1104 1113 Alienati«
1135 1086 1249 1125 mente]
1293 1085 1334 1115 Id
1365 1090 1428 1124 cst,
1467 1086 1550 1117 adeo

852 1138 1032 1171 commota,
1050 1138 1086 1164 nt
1101 1135 1157 1164 vix
1172 1140 1345 1175 compotes
1361 1137 1409 1166 sui
1425 1142 1549 1167 essent.

851 1182 903 1213 Sic
921 1182 1038 1214 Celsus
1064 1183 1151 1214 dixit
1177 1193 1225 1215 iv.
1254 1188 1304 1215 11.
1336 1186 1344 1202 ‘
1363 1185 1550 1218 Oculorum

850 1233 972 1273 caligo,
987 1234 1143 1264 alienatio
1159 1235 1294 1273 mentis,
1307 1236 1472 1275 vomitns‚’
1484 1238 1548 1268 &c.

851 1283 900 1313 sic
917 1281 950 1313 ff.
965 1284 985 1315 1,
1003 1291 1114 1314 XLVII.
1131 1284 1197 1315 Tit.
1210 1293 1244 1316 x.
1260 1287 1312 1316 15.
1328 1287 1337 1302 ‘
1354 1286 1441 1317 Item
1460 1288 1550 1327 apud

852 1332 1043 1363 Labeonem
1069 1334 1242 1374 quaeritur,
1269 1335 1372 1376 siquis
1401 1342 1550 1368 mentem

850 1383 1110 1423 medicamento,
1126 1386 1233 1417 aliove
1251 1397 1316 1427 quo
1339 1388 1550 1428 alienaverit,

851 1441 892 1462 an
920 1433 1117 1472 injuriarum
1134 1435 1224 1466 actio
1249 1436 1357 1466 locum
1382 1437 1550 1468 haberet?

851 1481 921 1512 Alii
951 1486 1094 1521 emotum,
1124 1485 1178 1515 vel
1207 1489 1389 1516 commotam
1418 1491 1550 1518 mentem

851 1532 980 1569 dicunt,
1011 1534 1045 1563 ni
1075 1532 1184 1565 fallor.
1234 1535 1367 1567 Vossius.
1425 1537 1465 1568 V.
1496 1538 1548 1568 Cl.

852 1581 983 1613 Duker.
1000 1587 1034 1613 et
1062 1583 1241 1615 Drakenb.
1267 1585 1308 1615 ad
1332 1586 1405 1617 Liv.
1424 1595 1479 1618 111.
1496 1590 1548 1619 47.

849 1632 858 1647 ‘
876 1632 1052 1663 Alienatus
1070 1634 1111 1664 ad
1129 1634 1302 1665 libidinem
1318 1636 1451 1667 animo!

895 1685 916 1712 9
943 1682 1089 1723 Tantum]
1111 1684 1274 1716 Voculam
1291 1687 1378 1717 hanc
1395 1696 1413 1717 e
1432 1696 1490 1718 suo
1516 1694 1551 1718 et

850 1733 962 1763 Ursini
981 1733 1108 1764 Codice
1124 1734 1255 1766 addidit
1271 1736 1435 1776 Scaliger.
1461 1737 1550 1768 Con·

849 1782 1002 1813 sentiunt
1018 1783 1134 1823 Cujac.
1150 1788 1186 1815 et
1202 1784 1321 1816 Petav.
1339 1796 1359 1816 a
1385 1796 1484 1817 manu
1501 1797 1550 1817 se—

849 1830 971 1861 cunda.
1033 1832 1059 1862 A
1092 1833 1215 1863 ceteris
1237 1835 1372 1874 scriptis
1396 1841 1432 1866 et
1458 1836 1547 1869 Edu.

849 1879 957 1919 abest,
972 1889 1033 1911 nec
1051 1881 1150 1920 plane
1177 1884 1368 1914 necessaria
1384 1889 1455 1915 est:
1481 1895 1547 1917 non

848 1930 1002 1969 agnoscit
1016 1940 1149 1971 quoque
1166 1931 1429 1972 Metaphrastes.

892 1988 978 2010 XLu.
999 1983 1016 2010 1
1052 1981 1192 2012 Eventus
1214 1981 1284 2012 belli
1315 1993 1371 2013 non
1403 1985 1547 2025 ignarus]

848 2028 957 2069 Bong.
975 2039 1025 2069 pr.
1039 2030 1137 2061 Voss.
1161 2040 1214 2070 pr.
1241 2031 1360 2062 Petav.
1379 2034 1547 2074 Egmund.

848 2077 976 2108 Audin.
993 2079 1108 2118 Cujac.
1127 2080 1221 2110 Leid.
1234 2090 1285 2120 pr.
1300 2081 1412 2113 Oxou.
1429 2088 1464 2114 et
1479 2088 1547 2115 tres

848 2127 1072 2166 aliiigmrans.
1093 2128 1246 2169 Optime.
1269 2131 1389 2162 Eventu
1405 2136 1458 2163 est
1474 2133 1547 2172 plu·

848 2178 928 2209 ralis
949 2179 1092 2218 numeri,
1120 2188 1217 2220 quem
1242 2189 1262 2211 a
1285 2185 1401 2211 nostro
1430 2182 1548 2222 amari,

847 2227 967 2268 saepius
984 2228 1097 2259 monui
1112 2239 1119 2266 3
1138 2233 1365 2269 praeterquam
1380 2230 1469 2271 quod
1484 2231 1548 2262 hoo

848 2279 921 2310 loco
952 2280 1058 2311 multo
1092 2281 1204 2320 aptior
1232 2286 1284 2312 est
1322 2281 1349 2312 is
1379 2291 1549 2320 numerus,

848 2339 947 2370 quam
968 2331 1157 2371 singularis.
1190 2340 1270 2362 vm.
1287 2334 1339 2362 23.
1366 2332 1375 2348 ‘
1392 2332 1549 2362 Bellova-

847 2388 964 2410 corum
993 2380 1256 2420 speculabantur
1283 2383 1448 2412 eventus.'
1490 2381 1547 2413 Sic

848 2429 930 2461 Mss.
948 2431 1097 2471 quidam.
1121 2431 1163 2461 B.
1179 2432 1215 2462 C.
1233 2440 1256 2461 1.
1275 2434 1326 2462 21.
1341 2432 1350 2447 ⁴
1369 2431 1436 2463 Qui
1452 2441 1548 2471 quos-

847 2490 912 2520 que
928 2486 1066 2512 eventus
1082 2482 1281 2522 exciperent
1295 2482 1314 2521 ;'
1339 2483 1389 2514 uti
1415 2487 1451 2513 et
1478 2482 1547 2514 ilii-2

848 2531 1026 2570 legendum
1043 2542 1061 2562 e
1077 2531 1273 2563 Codicibus.

891 2583 910 2611 3
935 2581 984 2611 Ne
998 2581 1124 2612 minimo
1140 2581 1260 2621 quidem
1274 2580 1360 2620 casu]
1394 2581 1450 2611 Sic
1477 2589 1544 2610 om-

850 2639 908 2660 ues
938 2636 1064 2670 praeter
1093 2632 1205 2663 Ursin.
1236 2638 1270 2662 et
1301 2631 1410 2662 Vatic.
1438 2630 1473 2660 in
1502 2629 1543 2660 iis

849 2680 937 2710 enim
963 2681 1088 2722 legitur
1103 2682 1200 2722 casui,
1229 2681 1320 2722 quod
1347 2682 1457 2720 longe-
1473 2689 1545 2712 rec-

849 2729 914 2760 tius
926 2729 1062 2762 videtur
1080 2732 1135 2762 Fr.
1153 2732 1379 2762 Hotomanno.
1403 2730 1544 2761 Mallem

849 2780 1230 2822 tacuisset,cuu1noti11n
1241 2780 1285 2812 sit
1300 2784 1432 2811 veteres
1446 2779 1545 2811 Dati-
