1872 3115
303 204 397 232 mn.
431 202 482 231 ιι.
515 201 622 230 οΑΡ.
652 189 723 230 16.
757 201 819 231 nn
854 202 1009 232 Brinno
1040 202 1269 232 duduco,

60 296 180 327 Altera
196 297 294 335 ratio,
307 296 394 337 quod
410 299 483 326 erat
499 295 618 326 civitas
635 304 756 334 magna

61 348 277 386 auctoritate,
289 357 363 387 quae
376 346 446 386 ejus
459 346 673 375 clementiam
687 349 755 375 tam

60 397 128 428 late
146 398 360 438 praedicaret,
375 402 412 427 ut
426 395 525 427 facile
542 396 661 437 reliqui
680 396 756 426 Bel-

60 457 111 486 μιν,
127 457 200 478 sese
219 456 349 488 quoque
374 447 406 476 in
431 445 649 484 deditionem,
673 446 756 486 ejus-

60 506 124 537 que
139 496 237 527 fidem
256 495 506 536 permitterent.

102 550 141 578 10
163 547 215 578 Ad
228 547 384 578 luxurium
400 545 634 586 pertinentium]
670 546 755 577 Ηυξ-ε

59 598 160 628 verba
190 598 222 628 in
251 598 342 628 Maio
386 607 452 629 non
476 602 612 628 exstare
639 602 756 629 monet

56 648 194 678 Scottus
217 648 300 679 Obs.
318 657 376 679 ιιι.
397 651 450 679 21.
495 647 631 678 Absunt
653 648 754 678 etiam

58 706 77 726 a
102 697 263 737 Bongars.
291 697 398 737 primo
425 701 460 727 et
485 696 647 736 secundo,
674 698 755 728 item

58 745 176 777 Petav.
195 757 213 777 a
227 757 269 778 in.
287 757 337 786 pr.
352 747 517 788 Egmund.
529 747 655 778 Lovan.
670 748 755 779 Got-

56 801 146 836 torp.
164 797 293 829 Buslid.
310 798 404 829 Leid.
423 801 503 829 tert.
519 807 558 828 ac
574 798 671 829 Voss.
688 802 755 828 ter-

57 846 104 877 tio
121 852 156 877 et
174 847 237 878 Ed.
256 847 402 879 Incerta.
441 848 547 881 Quasi
564 848 668 879 veltet
684 848 756 879 Cae-

56 905 111 925 sar
127 896 285 934 innuere;
313 898 436 929 nuliam
453 898 587 929 omnino
604 908 674 929 rem
698 908 755 930 ex-

56 949 207 977 traneam
236 947 316 978 iiiuc
346 947 463 980 inferri
491 949 606 990 licere,
629 954 666 981 et
689 951 753 982 hoc

55 994 214 1026 videntur
230 996 364 1029 firmare
381 999 613 1039 praecedentia
625 1000 667 1031 de
685 1001 754 1032 nui-

55 1045 87 1075 io
103 1046 145 1076 ad
174 1055 231 1078 eos
251 1054 477 1080 mercatorum
504 1050 608 1082 aditu.
653 1052 752 1083 Unde

54 1095 135 1127 licet
158 1097 275 1129 Celsus
290 1103 325 1130 et
345 1100 460 1131 Graec.
486 1100 673 1142 interpres,
695 1102 752 1142 qui

53 1145 244 1179 inciderunt
275 1148 308 1179 in
344 1149 565 1191 interpolatos
595 1151 751 1190 Codices,

53 1203 258 1237 agnoscant3
288 1199 368 1230 mihi
398 1204 508 1232 tamen
534 1203 753 1233 vehementer

53 1254 209 1289 siispecta
225 1254 314 1290 suut,
331 1254 367 1281 et
382 1255 456 1282 orta
473 1262 514 1282 ex
532 1252 644 1283 verbis
656 1262 750 1294 seqq.

53 1306 92 1329 ac
116 1307 141 1329 ι.
162 1301 193 1331 2.
216 1300 225 1316 ‘
240 1300 448 1342 Minimeque
474 1301 516 1332 ad
541 1312 600 1333 eos
624 1312 752 1334 merca-

54 1352 144 1379 tores
162 1359 253 1389 saepe
271 1355 473 1390 commeant,
491 1355 593 1392 atque
609 1362 659 1390 ca,
675 1363 750 1394 quae

53 1397 94 1427 ad
108 1396 348 1430 effeminandos
363 1399 492 1430 animos
507 1402 691 1442 pertinent,
706 1403 752 1433 in-

51 1450 213 1490 portant.'
272 1451 376 1482 Juvat
408 1461 516 1482 meam
546 1454 750 1484 sententiam

50 1500 142 1531 locus
161 1509 209 1531 ιν.
227 1503 258 1531 2.
277 1502 285 1518 ‘
299 1501 550 1533 Mercatoribus
566 1508 619 1533 est
635 1503 675 1533 ad
694 1513 750 1534 eos

51 1549 176 1588 aditus,
196 1551 302 1591 magis
328 1560 380 1587 eo,
396 1557 433 1582 ut
449 1561 524 1592 quae
541 1551 631 1583 belio
653 1562 751 1592 cepe-

51 1599 128 1638 rint,
146 1599 266 1640 quibus
285 1601 444 1639 vendant,
468 1601 626 1640 habeant,
651 1612 750 1643 quam

51 1658 117 1688 quo
142 1649 241 1680 ullam
260 1660 329 1680 rein
353 1650 395 1680 ad
420 1660 455 1681 se
473 1650 638 1691 inportari
664 1651 750 1683 desi·

52 1696 196 1728 derent.'
241 1697 409 1730 Gruterus
425 1700 544 1730 saltem
569 1700 671 1741 abjici
695 1710 750 1732 vo-

49 1746 142 1778 lebat
158 1748 374 1788 participium
389 1750 620 1789 pertinentium.

95 1800 132 1828 11
157 1798 296 1838 Animos,
326 1809 487 1840 eorumque
516 1800 651 1840 remitti,
680 1800 749 1840 ξω]

52 1847 151 1878 Hanc
167 1848 269 1879 etiam
287 1848 331 1879 ob
348 1858 481 1880 causam
506 1850 618 1881 vinum
644 1850 687 1882 ad
713 1861 748 1882 se

49 1897 181 1929 omnino
208 1898 385 1938 importari
414 1909 479 1930 non
496 1900 649 1932 siverunt
669 1901 750 1932 Sue-

51 1948 95 1987 vi,
122 1955 160 1979 ut
187 1949 289 1980 docet
316 1954 432 1981 noster
463 1959 514 1981 lv.
548 1953 597 1982 ll.
658 1951 749 1982 Num

50 1998 135 2030 ratio
151 1999 195 2030 sit
210 1999 344 2038 idonea,
361 2009 428 2031 non
445 2010 633 2041 quaeremus
648 2011 656 2039 ;
680 2002 749 2032 lec-

49 2048 174 2080 tionem
206 2054 301 2082 certe
329 2060 371 2081 eo
399 2050 532 2082 nomine
559 2051 749 2091 dignamur,

50 2099 131 2130 licet
150 2105 317 2140 repugnet
333 2100 374 2130 P.
394 2100 606 2140 ciacconius,
627 2101 683 2142 qui
702 2111 749 2132 re-

51 2145 241 2189 ponendum
263 2150 395 2181 censuit
418 2150 490 2180 ‘his
514 2151 614 2181 rebus
639 2152 748 2181 relan-

51 2209 212 2239 guescere
229 2200 354 2231 animos
375 2211 503 2239 eorum,
528 2201 748 2242 remittique,’

50 2252 134 2281 &c.:
164 2250 224 2281 sed
241 2260 306 2281 non
323 2251 408 2282 vidit
430 2250 571 2282 effatum
596 2261 670 2283 csse
688 2263 747 2291 ge-

49 2299 164 2337 nerale,
189 2299 274 2330 adeo
301 2305 339 2331 ut
367 2310 552 2340 pronomen
577 2312 680 2332 eorum
706 2303 748 2333 ad

48 2349 166 2380 animos
182 2350 224 2380 sit
241 2348 470 2380 referendum.
509 2351 542 2380 si
560 2351 639 2391 quid
656 2357 749 2383 esset

49 2399 259 2437 mutandum,
276 2409 475 2439 reponerem
490 2410 530 2430 ex
547 2402 629 2432 Mss.
644 2403 748 2434 Norv.

49 2448 167 2480 Brant.
191 2454 226 2480 et
243 2449 342 2480 editis
367 2449 547 2488 nonnuliis,
573 2450 638 2481 His
661 2452 750 2482 rebus

47 2498 278 2537 relanguescere
293 2499 412 2529 animos
430 2509 544 2539 eorum,
567 2503 597 2530 et
618 2501 748 2533 remitti.

50 2547 117 2579 Qui
132 2558 249 2579 sensus
266 2549 356 2579 idem
373 2553 434 2589 est,
459 2559 497 2579 ac
514 2549 555 2588 is,
575 2559 674 2591 quem
691 2560 749 2581 ex-

48 2597 138 2628 tudit
163 2598 215 2629 vir
241 2599 406 2630 eruditus.
447 2598 563 2629 Dacis.
621 2600 750 2630 Animos

48 2654 151 2677 eorum
174 2650 204 2678 et
229 2657 304 2679 rem.
329 2648 402 2679 virt.
430 2649 484 2679 vel
509 2652 539 2679 ct
567 2649 642 2679 virt.
670 2659 747 2679 rem.

50 2694 134 2725 Mss.
150 2696 215 2727 mei
227 2697 327 2737 longe
344 2697 480 2737 plurimi
496 2697 694 2738 optimique,
711 2703 749 2729 ut

51 2745 162 2785 Bong.
186 2746 310 2779 Lovan.
325 2747 496 2789 Vossiani,
519 2748 688 2789 Egmund.
713 2754 748 2781 et

1422 191 1507 233 985

807 296 863 326 aiii
881 307 1001 337 magno
1018 307 1169 336 numero,
1184 297 1263 329 item
1281 297 1364 337 Reg.
1380 296 1507 329 Eiiens.

807 355 846 376 ac
874 356 988 377 omnes
1019 348 1105 378 Edd.
1134 353 1212 379 ante
1241 346 1377 387 Aidum,
1403 355 1507 388 quan-

806 400 878 426 tum
896 397 965 427 scio
983 408 989 427 :
1015 407 1118 438 quare
1135 407 1256 429 secure
1278 398 1327 429 ita
1348 398 1506 439 reposui:

806 445 868 475 nisi
885 446 960 486 quis
977 447 1069 477 malit
1093 448 1208 479 delere
1225 459 1348 479 eorum:
1372 458 1448 479 nam
1473 448 1507 480 in

807 495 881 525 aliis
898 496 983 526 Mss.
1002 496 1064 527 hoc
1088 498 1205 528 ordine
1229 499 1386 531 scribitur
1408 500 1507 530 virtu-

806 548 925 585 temque
939 547 1058 576 remitti
1073 557 1186 578 eorum.

850 600 888 627 14
915 597 1130 637 Dedidissent]
1155 599 1263 637 Bong.
1283 609 1333 638 pr.
1350 599 1506 630 Vossiani

808 657 857 686 pr.
895 657 962 678 sec.
1000 647 1167 688 Egmund.
1196 649 1328 680 Duker.
1359 649 1507 681 Dorvill.

805 696 898 728 Leid.
923 702 1002 728 tert.
1030 701 1064 728 et
1089 698 1154 729 Ed.
1179 698 1318 729 Incerta
1341 700 1506 733 dedissent.

806 747 906 779 Quod
931 746 998 778 fors
1022 757 1087 778 non
1111 754 1240 779 temere
1265 749 1506 789 spernendum.

805 796 915 827 Notat
942 798 1051 828 enim:
1082 807 1117 828 se
1147 799 1305 829 Romanis
1338 799 1508 839 permisis·

805 850 893 886 sent,
919 847 1038 888 suique
1067 848 1200 888 copiam
1228 848 1410 887 fecissent3
1439 859 1508 890 quo

805 905 918 936 sensu,
945 907 1054 938 neque
1079 903 1210 930 tantum
1241 899 1413 939 obscoeno,
1443 901 1507 930 Te-

806 951 892 977 rent.
919 956 951 977 se
965 948 1052 986 dare,
1074 957 1177 988 saepe,
1202 949 1327 990 aliique
1343 953 1506 981 utuntur:

804 1001 843 1027 ut
863 997 937 1037 jam
955 997 988 1028 iu
1012 999 1144 1029 Lexicis
1166 1000 1343 1031 monitum.
1388 1000 1507 1031 Malim

804 1049 918 1076 tamen
942 1047 1091 1078 retinere
1118 1049 1306 1089 vuigatum,
1332 1053 1403 1080 tum
1428 1050 1509 1090 quia

804 1096 930 1126 usitata
947 1101 1000 1127 est
1024 1096 1168 1128 formula
1183 1099 1293 1130 dedere
1308 1108 1353 1137 se,
1377 1104 1415 1130 ut
1430 1109 1508 1131 con-

804 1150 858 1176 tra
886 1148 960 1178 dare
989 1147 1119 1187 obsides,
1154 1150 1218 1180 Sec.
1276 1149 1365 1180 Vide
1401 1150 1507 1182 Erud.

804 1198 966 1229 Arntzen.
980 1198 1021 1229 ad
1034 1198 1152 1229 Aurei.
1164 1200 1296 1231 Victor.
1312 1200 1354 1231 de
1364 1200 1438 1231 Vir.
1451 1201 1506 1232 111.

802 1257 832 1278 c.
846 1250 898 1279 23.
917 1253 987 1279 tuni
1005 1249 1084 1290 «plia
1109 1250 1182 1281 haec
1199 1251 1346 1281 varietas
1364 1250 1397 1281 in
1423 1251 1505 1283 Mss.

803 1303 855 1329 est
886 1304 1076 1339 perpetua;
1108 1304 1146 1331 ut
1173 1299 1315 1330 vidimus
1342 1301 1374 1331 in
1403 1301 1506 1332 Fron-

803 1349 893 1387 tino;
921 1355 957 1381 et
976 1349 1066 1381 infra
1090 1355 1248 1381 occurret
1272 1351 1406 1391 saepius.
1451 1351 1507 1382 Sic

802 1407 856 1430 ιιι.
884 1402 936 1430 32.
964 1402 1018 1431 27.
1064 1399 1132 1431 Α(Ιί
1160 1401 1262 1432 etiam
1290 1400 1332 1431 ad
1361 1401 1402 1431 B.
1430 1400 1504 1432 Civ.

801 1458 856 1480 ιιι.
875 1453 926 1481 11.

845 1502 883 1529 15
910 1500 1119 1541 Confirmare]
1142 1498 1336 1530 Affirmare.
1376 1501 1505 1532 Eadem

801 1552 974 1588 potestate
1003 1550 1155 1580 occurrit
1187 1550 1275 1590 apud
1304 1551 1506 1582 Ciceronem

800 1607 877 1629 cum
893 1599 984 1637 alibi,
1001 1604 1072 1630 tum
1089 1599 1129 1630 de
1146 1598 1255 1631 Amic.
1273 1610 1302 1631 c.
1319 1603 1351 1631 3.
1390 1602 1504 1633 Datis.

801 1658 849 1679 νι.
878 1651 928 1679 33.
960 1650 1208 1680 ‘Reversurum
1233 1650 1434 1682 confirmat!
1464 1652 1504 1683 B.

802 1698 874 1730 Civ.
895 1707 917 1729 1.
942 1702 993 1730 74.
1018 1700 1027 1716 ‘
1043 1708 1078 1729 se
1100 1699 1216 1730 statim
1239 1699 1336 1740 signa
1359 1701 1506 1731 transla-

802 1752 893 1778 turos
909 1747 1134 1779 confirmant.'

843 1806 919 1828 xvr.
938 1801 954 1827 1
984 1798 1102 1829 Triduo
1117 1799 1180 1829 iter
1193 1799 1339 1840 fecisset]
1364 1801 1506 1833 Ursinus

801 1847 860 1886 ait,
900 1847 1067 1878 Faenium
1096 1849 1220 1889 legisse
1251 1850 1403 1889 triduum,
1438 1860 1505 1881 nou

800 1897 915 1928 triduo.
962 1898 1007 1928 Et
1023 1898 1144 1929 merito
1161 1898 1298 1939 quidem
1315 1910 1323 1937 ;
1352 1900 1399 1930 sic
1415 1900 1505 1931 enim

801 1952 1051 1987 repraesentant
1078 1948 1200 1980 Petav.
1229 1949 1388 1989 Gottorp.
1414 1950 1505 1980 Bon-

802 2007 888 2037 garS.
917 2007 969 2037 pr.
997 2007 1064 2028 sec.
1094 2002 1174 2029 tert.
1207 1998 1346 2030 Norvic.
1378 1999 1503 2039 aliique

802 2047 898 2085 nisti,
931 2056 1107 2088 aquorum
1133 2047 1200 2078 fide
1225 2053 1366 2080 stamus.
1410 2048 1505 2081 Alio-

801 2098 882 2137 quin
901 2102 1044 2138 utraque
1071 2097 1197 2128 locutio
1219 2107 1316 2138 aeque
1340 2103 1394 2130 est
1411 2100 1504 2130 Lati-

800 2157 854 2177 na.
880 2148 990 2178 Dat-is.
1017 2156 1174 2178 cur.sec.
1224 2148 1374 2179 Triduum
1399 2149 1503 2180 etiam

800 2198 929 2228 Clarkii
959 2199 1044 2229 Mss.
1077 2202 1114 2229 et
1144 2199 1289 2238 Brantii,
1319 2209 1502 2241 omnesque

799 2248 877 2287 mei,
906 2253 1035 2288 praeter
1063 2249 1160 2280 Leid.
1197 2249 1296 2290 prim.
1324 2254 1360 2280 et
1388 2250 1503 2282 Oxon.

801 2307 909 2338 neque
939 2298 1039 2329 aliter
1065 2298 1192 2330 habent
1222 2300 1367 2330 Veteres
1397 2301 1503 2332 Editi-

800 2356 891 2377 ones.
937 2348 1030 2378 Male
1049 2357 1164 2378 rursus
1186 2354 1360 2380 mutarunt
1376 2351 1503 2382 Veneti

800 2397 853 2427 vel
880 2396 998 2428 Aldus.
1029 2407 1052 2428 1.
1081 2400 1134 2429 26.
1163 2398 1332 2430 ‘triduum
1357 2401 1503 2432 morati!

801 2455 849 2477 lv.
874 2449 906 2477 4.
938 2447 948 2464 ‘
965 2447 1148 2478 trienninm
1176 2450 1291 2489 vagati
1305 2449 1325 2481 :’
1357 2451 1503 2481 et‘reli-

800 2506 899 2537 quam
916 2502 1050 2538 partem
1066 2498 1184 2529 hiemis
1196 2498 1216 2530 :’
1238 2499 1296 2530 ubi
1310 2500 1429 2531 eadem
1446 2510 1501 2531 va-

800 2547 909 2587 riatio,
935 2548 985 2578 uti
1003 2553 1039 2579 et
1062 2557 1110 2579 v1.
1128 2551 1180 2579 36.
1205 2549 1215 2565 ‘
1231 2558 1346 2579 omnes
1371 2549 1500 2589 superi-

799 2606 874 2627 ores
890 2597 962 2628 dies
974 2597 993 2628 :’
1014 2598 1072 2628 ubi
1089 2598 1191 2629 etiam
1207 2598 1294 2629 vide.

842 2650 859 2676 5
883 2647 1103 2687 Atrebatibus]
1148 2648 1232 2678 Mss.
1261 2646 1383 2686 Scotti,
1412 2647 1501 2679 Bon·

800 2706 888 2737 gars.
905 2697 1082 2737 prim.sec.
1095 2698 1223 2728 Lovan.
1238 2696 1406 2736 Egmund.
1422 2707 1499 2729 cum

800 2751 932 2788 septem
947 2746 1020 2779 aliis
1036 2750 1072 2779 et
1087 2747 1149 2779 Ed.
1172 2747 1312 2778 Incerta
1327 2747 1499 2780 Atrebatis.
