1818 3131
250 202 360 249 1138

246 308 372 341 sarcire
389 305 625 348 compellitur!
672 305 800 336 Verum
816 309 851 336 et
866 304 947 335 Sue-

247 364 317 390 ton.
332 359 366 390 in
390 357 510 389 Claud.
527 366 558 388 c.
575 359 607 388 6.
652 357 661 373 ‘
683 356 852 386 Damnum
868 354 947 386 libe-

249 410 383 439 ralitate
404 417 464 438 sua
488 406 719 438 resarturuuiff
763 407 875 439 Quare
899 414 948 436 re-

248 458 362 489 meari
388 462 503 498 posset
527 457 668 498 antiqua
696 455 813 487 lectio.
860 455 947 486 Nam

247 516 282 540 vt
311 509 342 539 iu
367 508 533 540 Terentio
555 509 565 526 ‘
584 507 697 539 Vestis
722 506 948 539 resarcietur.'

247 561 359 591 (iioss.
376 557 510 590 ἀποτίνω
522 560 633 600 pendo,
645 557 789 589 resarcio.

291 613 328 640 11
354 608 532 649 ΑιΙιιιιρει-ἱ]
561 609 639 640 Non
663 611 756 638 recte
781 605 861 637 Msn.
880 605 949 645 ple-

248 660 343 701 rique
373 664 409 690 et
438 658 526 690 Edd.
556 658 674 699 primae
703 667 778 688 011111
812 657 950 686 x'ascos.

247 709 384 748 strada,
409 709 596 750 posteriore
624 707 786 748 Gryphii,
808 706 950 746 anis-qne

248 760 301 791 1110
326 769 460 801 quoque
485 759 760 800 pra‘positionem
778 757 952 787 omittunt.

248 811 392 842 Servant
409 819 482 841 eain
498 809 584 841 Edu.
603 808 756 849 plurimae
773 816 848 836 011111
867 806 950 836 Mss.

249 861 322 901 (luj.
346 860 432 892 Scal.
456 859 548 891 And.
572 858 669 889 Lcid.
695 865 746 896 pr.
770 861 804 886 et
828 856 951 886 Oxon:

248 914 351 952 atque
380 911 428 941 ita
457 909 512 940 alii
549 908 744 948 scriptores.
790 905 882 936 Hit-t.
910 904 951 936 B.

249 961 351 992 Alex.
370 970 399 991 c.
418 962 467 990 12.
491 958 599 990 Afric.
617 967 646 989 c.
663 959 692 988 1.

293 1014 330 1042 lt
367 1010 609 1051 Duplicatoque]
650 1008 776 1040 Censet
815 1007 951 1038 Ciacco-

248 1062 322 1093 nius
346 1060 383 1092 τὸ
408 1071 464 1101 qne
491 1059 675 1098 abundare,
701 1066 740 1089 ac
768 1056 952 1087 delendum

248 1121 335 1142 esse.
380 1112 420 1142 Ei
450 1109 542 1141 favet
574 1110 730 1148 Graecus,
760 1107 815 1148 qui
849 1107 953 1137 vertit

248 1163 416 1203 duplicavit
432 1171 456 1193 e.
473 1172 499 1192 c.
515 1170 684 1191 numerum.
731 1158 838 1190 Immo
855 1157 954 1188 abest

249 1222 382 1254 quoque
398 1222 417 1243 a
433 1211 528 1243 Leid.
545 1221 596 1252 pr.
614 1220 652 1241 ac
667 1209 764 1240 Voss.
782 1219 830 1249 pr.
850 1207 953 1238 habet

248 1273 420 1302 nnmerum,
451 1267 486 1293 et
525 1261 620 1292 Leid.
658 1269 727 1291 sec.
760 1259 953 1298 duplicatum

249 1323 416 1345 numerum.
461 1314 636 1350 Ceterum,
667 1309 757 1351 quod
787 1309 876 1339 idem
908 1319 954 1339 co-

249 1364 370 1394 hortum
385 1363 503 1394 mallet
513 1371 555 1392 ex
569 1362 589 1392 1.
605 1371 705 1402 praec.
720 1369 750 1392 c.
765 1362 818 1390 47.
835 1359 845 1376 ‘
859 1358 954 1390 cande

250 1414 427 1445 cohortum
455 1411 616 1453 cognita‚'
640 1411 675 1443 in
702 1420 743 1442 eo
775 1418 840 1440 uon
866 1408 956 1440 audi-

251 1465 368 1496 endas.
415 1465 504 1496 Nam
519 1463 565 1494 ibi
581 1461 768 1494 monuimus
786 1459 957 1491 cohortium

253 1516 320 1555 legi
351 1515 383 1546 in
413 1515 500 1547 Mss.
532 1511 787 1554 integrioribus,
819 1509 870 1541 uti
901 1508 956 1539 hic

252 1566 335 1597 Mss.
354 1564 522 1604 omnibus,
538 1568 574 1595 et
589 1573 618 1595 c.
633 1565 685 1594 29.
701 1565 754 1593 421.
773 1570 811 1592 ac
827 1568 891 1591 vu.
905 1561 957 1590 65.

252 1621 286 1646 ct
304 1616 428 1656 passim
445 1614 534 1655 apud
550 1618 716 1651 nostrum,
731 1612 893 1652 aliosque,
910 1613 958 1640 at-

253 1676 317 1707 que
334 1665 436 1696 etiarn
455 1666 488 1695 in
506 1663 648 1695 nummis
672 1661 826 1698 Antonii,
844 1665 879 1691 et
906 1659 959 1690 ln-

252 1716 372 1756 script.
388 1711 501 1747 'Grun
530 1724 561 1754 p.
579 1715 652 1744 258.
681 1721 715 1742 11.
740 1714 768 1742 8.
805 1712 814 1727 ‘
834 1709 958 1741 Cohor-

252 1766 334 1797 tium
350 1763 611 1807 primm-iarum!
661 1762 768 1794 Immo
790 1760 868 1792 hinc
891 1759 958 1790 Ac·

252 1826 324 1847 cus.
353 1817 439 1856 plur.
464 1815 600 1846 cohortis
621 1814 662 1845 B.
687 1814 762 1844 Civ.
786 1821 811 1843 1.
836 1814 888 1842 41.
906 1813 959 1842 46.

222 1858 226 1862 '
253 1869 306 1898 70.
324 1869 377 1896 73.

299 1919 335 1948 15
371 1916 456 1951 Quas
477 1925 543 1946 cum
578 1915 617 1949 Q.
650 1914 772 1945 Titurio
798 1912 959 1952 amiserat]

255 1967 418 1999 Mendum
448 1967 676 2007 perspicuum,
713 1965 823 2006 inquit
853 1965 959 1995 Hoto-

255 2028 407 2058 mannus‚
430 2024 466 2049 et
495 2017 686 2056 legendnm,
710 2026 785 2056 quas
811 2016 905 2046 Cotta
930 2018 958 2046 et

257 2069 398 2101 Titurius
427 2068 608 2098 ainissrunk.
653 2068 761 2107 Nugae
798 2071 886 2104 sunt,
919 2075 960 2096 ne

255 2120 336 2161 quid
352 2120 485 2159 gravius
509 2119 628 2149 dicam.
663 2118 778 2149 (f‘aesar
794 2117 961 2155 cohortes,

256 2175 291 2202 et
309 2180 383 2201 cum
402 2170 437 2200 iis
453 2169 618 2200 Titurium
633 2168 802 2198 amiserat.
839 2166 960 2198 Titurii

256 2227 370 2251 autem
399 2220 499 2250 solius
529 2219 735 2250 montionem
763 2216 857 2253 facit,
883 2217 961 2257 quia

253 2271 356 2308 iliius,
374 2280 439 2301 non
463 2270 572 2301 Cottae
590 2269 691 2308 cuipa
707 2275 885 2307 acceptum
903 2267 960 2297 de-

258 2321 466 2353 trimentum.
498 2320 630 2351 Vossius.
655 2318 817 2350 Stenas».
842 2319 850 2334 ‘
870 2318 960 2348 Non-

256 2372 335 2402 dum
361 2371 403 2402 ad
430 2380 505 2401 011111
526 2370 615 2400 fama
641 2368 683 2400 dc
704 2368 828 2398 Titurii
854 2373 961 2398 morte

257 2421 421 2464 perlataz'
441 2426 560 2452 namet
579 2426 647 2450 turn
665 2420 766 2451 Cotta
781 2420 939 2458 perierat.

299 2481 340 2504 11.
372 2475 390 2503 5
418 2470 586 2510 Civitates]
623 2470 678 2501 Sic
706 2469 841 2510 quidem
874 2469 959 2500 Edd.

259 2522 354 2553 Rom.
388 2522 474 2551 Ven.
514 2520 655 2551 Medion.
685 2521 785 2550 vase.
818 2519 962 2558 Stradae,

257 2571 427 2613 posterior
439 2571 584 2611 Grypbii
599 2570 637 2601 A.
653 2573 744 2601 1546.
758 2569 962 2610 “deinceps

256 2622 434 2663 Scaliger-i,
456 2622 664 2663 reliquaeque
689 2620 775 2651 Edu.
799 2620 962 2651 exhibent

257 2684 334 2706 cum
359 2674 442 2704 Mss.
461 2673 572 2704 Oxon.
595 2678 630 2704 et
654 2671 795 2703 Dorvill.
820 2672 880 2702 nisi
905 2681 962 2702 ex-

258 2730 379 2765 cerpta
396 2722 529 2755 fallunt.
556 2724 643 2755 Nam
659 2723 766 2754 ceteri
785 2722 880 2753 MSS.
896 2722 962 2752 moi

259 2785 385 2815 ornnes,
401 2775 451 2806 uti
468 2779 503 2806 et
519 2774 660 2805 aliorum
675 2782 713 2804 ac
732 2773 815 2812 Rog.
834 2771 961 2803 Clarkii

709 210 847 241 Now-2
888 210 905 240 N
920 208 1150 239 Amorum
1198 208 1245 236 ΙΝ

1001 303 1085 334 dant
1100 300 1291 339 civitatibus,
1307 300 1395 341 quod
1413 299 1556 339 reposui.
1588 300 1705 330 'l'utanu

1000 363 1117 384 vocem
1134 362 1198 383 non
1213 352 1365 388 agnoscit
1383 350 1540 382 Guneus.

1046 407 1083 434 11
1114 401 1336 442 ObsidIbnsque
1365 402 1402 432 de
1427 401 1559 441 pecunia
1583 398 1707 439 cavent]

1003 454 1146 495 Nequeo
1163 454 1243 483 satis
1257 452 1371 482 11111·.11·1
1385 452 1470 482 adeo
1488 450 1708 481 hauneinatos

1003 505 1055 536 1110
1079 514 1151 534 esse
1174 504 1334 534 Ursinum
1362 506 1396 533 et
1422 500 1653 537 Cim-conium,
1672 503 1710 531 nt

1003 559 1163 595 putarent
1189 563 1250 594 pro
1274 554 1312 584 de
1332 552 1462 592 pecunia
1490 548 1715 582 scribendum

1002 609 1031 635 et
1049 605 1189 644 pecunia,
1214 603 1267 633 vel
1285 607 1460 642 utramque
1477 602 1564 632 hanc
1591 608 1708 630 vocem

1001 654 1241 686 inducendam.
1308 653 1455 683 Dixerat
1484 656 1562 681 ante
1593 651 1710 681 Caesar

1003 704 1162 736 Treviros
1189 703 1364 743 pecuniam
1392 701 1581 741 pollicit053
1613 699 1710 739 cujus

1004 764 1065 795 spe
1079 764 1154 786 cum
1172 757 1290 794 gente.-
1304 751 1433 793 aiiquas
1447 750 1712 791 pertraxissent,

1005 809 1127 836 cavent
1151 802 1328 834 obsidibus
1345 800 1387 832 de
1412 800 1571 841 pecunia,
1588 799 1622 830 id
1646 803 1711 839 est,

1005 868 1041 889 se
1064 857 1204 889 daturos
1229 855 1418 896 pecuniam.
1457 853 1532 884 Nec
1550 853 1712 885 Graecum

1004 918 1098 946 curo,
1109 908 1166 949 qui
1183 904 1432 945 νο1111,ὀμήροις
1446 915 1482 934 τε
1493 903 1543 934 καὶ
1557 902 1712 943 χρήμασιν

1005 958 1153 996 ἀλλήλων
1171 956 1393 988 ἐπιστώσαντο.
1445 955 1581 985 Veritas
1606 959 1641 985 et
1659 962 1712 985 res

1005 1011 1077 1051 ipsa
1095 1010 1268 1040 reclamat.
1313 1006 1447 1038 Vossius.
1479 1005 1585 1036 Recte
1610 1005 1712 1036 etiam

1008 1059 1304 1098 Hotomanusjam
1327 1055 1484 1088 defendit
1498 1056 1586 1086 hunc
1602 1056 1713 1087 locum

1005 1110 1047 1141 ab
1079 1108 1194 1140 Ursini
1229 1113 1265 1138 et
1303 1106 1479 1139 Ciacconii
1510 1106 1711 1137 mutatione.

1005 1161 1139 1192 Cavent
1149 1168 1212 1200 per
1227 1157 1361 1189 obsides
1378 1156 1475 1186 datos
1493 1155 1535 1186 de
1553 1155 1710 1196 pecunia.

1006 1210 1152 1242 Obsides
1170 1209 1238 1240 dati
1256 1213 1333 1239 sunt
1350 1208 1382 1237 in
1399 1206 1534 1246 pignus,
1550 1205 1711 1237 Treviros

1006 1260 1199 1292 civitatibus
1226 1257 1404 1298 pecuniam
1435 1256 1632 1296 promissam
1661 1265 1713 1287 so-

1006 1312 1145 1342 luturos.
1205 1310 1259 1340 Sic
1299 1317 1362 1339 vn.
1397 1309 1428 1338 2.
1479 1308 1487 1323 ‘
1524 1306 1713 1338 Obsidibus

1007 1360 1160 1392 caverez'
1187 1359 1244 1391 ubi
1267 1360 1305 1389 de
1328 1358 1414 1388 mule
1435 1356 1490 1387 a!ii
1517 1357 1713 1388 inculcant:

1009 1419 1168 1452 perverse
1192 1409 1240 1440 1111
1266 1409 1330 1439 viri
1356 1411 1536 1449 putarunt,
1560 1407 1715 1439 eumdem

1008 1470 1143 1492 sensum
1168 1470 1239 1491 esse
1264 1459 1471 1490 locutionum
1491 1468 1597 1490 catere
1612 1458 1717 1500 aliqua

1009 1521 1042 1542 re
1059 1515 1094 1542 et
1109 1512 1146 1542 de
1164 1511 1268 1551 aliqua
1286 1520 1340 1542 re:
1363 1511 1419 1551 qui
1438 1511 1536 1552 plane
1560 1510 1716 1541 diversus

1009 1565 1082 1592 est:
1116 1566 1153 1592 ut
1168 1561 1199 1591 in
1223 1560 1396 1592 notissimo
1420 1562 1580 1602 exemplo
1596 1562 1633 1592 de
1653 1560 1716 1591 iuis

1009 1613 1190 1641 testamento
1213 1611 1354 1642 cavisset.
1391 1611 1448 1642 Sic
1465 1611 1608 1642 Terent.
1628 1611 1716 1641 Eun.

1010 1670 1059 1692 lv.
1075 1664 1105 1692 7.
1125 1663 1176 1692 12.
1202 1660 1288 1705 ‘sibi
1305 1660 1395 1691 cavit
1411 1660 1507 1700 loco,'
1523 1660 1555 1692 id
1572 1666 1638 1701 est,
1655 1669 1716 1701 per

1010 1711 1134 1749 locum,
1164 1720 1265 1753 quem
1296 1711 1410 1751 elegit.
1450 1711 1520 1742 Pro
1553 1711 1591 1742 de
1627 1711 1715 1743 male

1010 1761 1124 1802 itaque
1145 1761 1177 1791 in
1195 1761 1308 1792 Ursini
1324 1761 1408 1792 Mss.
1426 1766 1461 1792 et
1480 1761 1575 1792 Leid.
1593 1770 1660 1793 sec.
1677 1769 1716 1793 ac

1009 1812 1205 1851 Bong.tert.
1221 1816 1324 1852 atque
1339 1811 1717 1852 rtdd.Beroa1di‚Vas‹-.

1009 1861 1154 1899 Stradae,
1179 1862 1297 1901 Steph.
1325 1861 1467 1902 aliisque
1491 1861 1653 1893 scribitur
1676 1866 1716 1894 et.

1011 1910 1153 1943 Rectius
1165 1910 1261 1941 Leid.
1279 1910 1377 1950 prim.
1389 1911 1437 1941 uti
1451 1916 1486 1942 et
1495 1911 1580 1943 Edd.
1593 1911 1713 1952 primoe

1010 1964 1038 1991 et
1062 1962 1100 1992 de
1118 1971 1148 2000 p.
1168 1970 1229 2000 pro
1256 1961 1368 1991 etiam.
1407 1961 1512 1994 Quasi
1536 1961 1661 1993 dixerit
1679 1966 1716 1993 et

1012 2021 1073 2051 per
1097 2011 1228 2042 obsides
1257 2011 1297 2041 de
1322 2010 1463 2051 foedere,
1488 2012 1589 2043 immo
1612 2013 1716 2044 etiam

1012 2062 1054 2092 de
1071 2062 1215 2102 pecunia
1233 2061 1397 2101 promissa
1409 2067 1542 2094 cavent.

1054 2114 1074 2142 9
1102 2112 1264 2150 Adjunctis
1280 2112 1468 2143 cisrhenanis
1483 2111 1622 2144 omnibus
1637 2112 1715 2143 Ger·

1012 2162 1126 2202 manis]
1153 2162 1249 2193 Licet
1266 2163 1418 2204 plerique
1432 2163 1548 2204 Beigae
1563 2163 1628 2195 orti
1648 2163 1718 2196 sint

1013 2222 1032 2242 a
1049 2212 1241 2250 Germanis,
1265 2212 1329 2243 hoc
1354 2217 1467 2244 tamen
1494 2213 1627 2245 nomine
1647 2212 1718 2244 κατ’

1013 2263 1124 2302 ἐξοχὴν
1152 2263 1380 2304 insigniuntur
1407 2273 1481 2294 cum
1506 2263 1623 2304 paucis
1647 2263 1719 2295 aliia

1014 2313 1191 2353 Condrusi,
1208 2313 1395 2354 Eburones,
1418 2313 1568 2353 Coerani,
1589 2318 1623 2345 et
1644 2314 1716 2345 Pae-

1013 2365 1114 2403 mani,
1144 2368 1181 2394 ut
1208 2364 1308 2395 docet
1336 2369 1453 2395 noster
1484 2364 1526 2395 B.
1551 2365 1594 2396 G.
1619 2373 1658 2395 11.
1682 2366 1714 2395 4.

1013 2416 1113 2447 Joan.
1131 2414 1268 2455 quidem
1287 2413 1462 2445 Goduinus
1483 2423 1526 2445 cx
1547 2413 1651 2445 Plinii
1670 2412 1716 2444 H.

1017 2469 1139 2499 N.1v.
1173 2470 1224 2498 17.
1262 2466 1455 2504 Triboccos,
1486 2465 1650 2497 Nemetes
1682 2468 1718 2495 et

1014 2519 1206 2560 Vangiones
1244 2517 1298 2548 hic
1326 2516 1469 2557 ingerit:
1515 2514 1716 2546 immodeste

1015 2578 1171 2610 prorsus;
1225 2577 1314 2606 cum,
1358 2570 1582 2606 praeterquam
1625 2564 1717 2606 quod

1014 2624 1129 2650 nostra
1145 2617 1314 2648 sententia
1335 2616 1440 2656 ipsius
1461 2615 1604 2647 Caesaris
1622 2614 1717 2646 testi·

1014 2668 1124 2700 monio
1154 2668 1295 2704 nitatur,
1322 2675 1534 2706 summopere
1560 2665 1718 2698 dubitau-

1015 2719 1092 2750 dum
1109 2717 1258 2756 videtur,
1275 2726 1353 2747 num
1371 2717 1532 2748 Nemetes
1544 2716 1664 2747 saltem
1680 2719 1717 2747 et

1015 2768 1208 2809 Vangiones
1226 2772 1297 2798 tum
1315 2766 1477 2807 temporis
1495 2766 1544 2799 cis
1562 2765 1714 2798 Rhenum
