1818 3131
377 291 469 321 mn.
503 288 566 318 vt.
590 284 708 318 ’σἈΡ.
739 275 810 317 34.
845 287 907 317 nr.
942 287 1105 317 nemo
1129 286 1357 317 GAmeo.

146 379 315 423 beneditiim
326 381 526 422 simpliciter
539 379 609 410 sine
623 378 781 418 adjuncta
794 387 841 417 re,

146 442 212 473 qua
233 433 278 464 sit
293 431 477 472 inpeditus,
503 439 578 459 cum
609 428 746 468 reliquis
763 437 840 459 auc·

145 483 274 514 toribus
284 482 396 512 dicere
414 485 503 511 amat
515 484 642 510 noster.
684 478 749 509 Adi
765 478 840 509 libri

143 532 240 571 liujus
263 541 291 561 c.
315 534 345 562 8.
390 530 565 560 Praeterea
592 530 684 568 palus
705 528 842 568 inpedita

142 585 237 612 notat
253 581 361 611 locum
378 580 558 620 paludibus
574 579 774 620 inpeditum,
786 589 841 619 pa-

141 628 297 668 lustrem}
321 639 386 670 quo
402 630 443 660 ob
469 629 533 660 loci
555 629 770 660 inscientiam
787 629 842 660 ad-

141 679 189 710 ire
207 679 324 710 Caesar
348 689 412 710 non
433 684 580 719 poterat.
628 678 718 709 Hine
749 688 840 718 saepe

140 729 189 759 ait
212 729 245 759 in
267 730 395 769 paludes
417 739 449 760 se
473 733 648 769 receperunt
673 734 707 759 et
729 729 841 768 paullo

139 782 218 809 ante
247 779 281 809 in
309 779 498 809 continentes
525 779 650 818 paludes
681 777 839 817 profugit:

140 827 202 858 boc
220 832 282 867 est,
307 828 339 858 in
363 828 446 867 loca,
474 826 650 867 paludibus
676 826 840 867 inpedita.

142 877 300 919 Alioquin
317 879 479 910 submersi
494 878 647 909 fuissent.

182 932 204 959 0·
227 930 307 960 Hoec
332 930 395 960 loca
418 929 632 960 vicinitatibus
646 932 735 959 erant
756 929 841 968 nota]

142 976 283 1008 Graecus
293 977 411 1009 τούτων
427 977 512 1008 αὐτοὶ
521 980 583 1008 τῶν
594 978 696 1008 τόπων
709 977 840 1017 ἔμπειροι

141 1027 230 1065 ἦσαν.
290 1030 496 1060 vicinitates
535 1031 652 1060 Caesar
690 1030 841 1069 appellat

139 1088 208 1119 eos,
236 1079 292 1120 qui
318 1080 436 1110 vicinis
468 1080 549 1110 loeis
578 1079 766 1119 degebant:
804 1084 842 1109 ut

139 1129 292 1170 imperia,
309 1139 367 1170 pro
385 1129 646 1170 imperantibus3
678 1129 840 1169 primores

140 1169 290 1218 ordines,
327 1189 387 1220 pro
423 1189 537 1210 eorum
576 1178 841 1209 centurionibus.

145 1229 277 1261 Vossius.
307 1229 504 1260 Arbitratur
524 1229 664 1259 Vossius
691 1238 748 1259 eos
771 1229 842 1259 Cae-

137 1279 205 1310 sari
221 1279 398 1310 vicinitates
421 1279 474 1310 bic
500 1279 700 1319 appellatos,
718 1279 774 1319 qui
793 1279 841 1309 vi-

138 1329 222 1359 cinis
251 1329 333 1360 loeis
364 1329 545 1369 degebant.
600 1328 666 1358 Sed
694 1337 746 1358 me
774 1338 840 1358 non

139 1379 244 1410 habet
274 1379 542 1414 adsentientem3
580 1378 723 1408 denotat
753 1378 841 1407 enim

140 1429 212 1460 liaec
230 1439 293 1459 vox
307 1431 436 1469 propter
448 1427 636 1458 vicinitates.
667 1426 723 1457 Sic
740 1427 778 1456 B.
799 1428 840 1458 G.

139 1489 173 1510 v.
191 1482 242 1510 34.
278 1480 286 1495 ‘
306 1479 459 1509 Levitate
487 1487 666 1515 armorum,
683 1482 717 1507 et
735 1477 842 1518 quoti-

140 1528 241 1559 diana
272 1529 516 1559 exercitatione
547 1527 627 1557 nibil
660 1527 700 1557 iis
726 1527 841 1557 noceri

135 1578 262 1620 posse!
310 1579 354 1609 Et
379 1588 442 1610 vii.
470 1582 521 1609 10.
555 1579 564 1594 ‘
584 1579 638 1608 Ne
664 1577 704 1608 ab
723 1587 757 1607 re
774 1576 842 1608 fru-

140 1629 308 1661 mentaria
338 1630 428 1660 duris
454 1628 727 1661 subvectionibus
751 1628 841 1659 labo-

140 1679 255 1711 raret!
300 1679 470 1710 Minucius
496 1679 589 1709 Felix
614 1678 734 1709 Octav.
760 1688 792 1717 p.
810 1682 841 1710 5.

139 1730 148 1746 4
170 1730 303 1761 Relicta
329 1729 441 1767 dome,
467 1729 625 1768 conjuge,
650 1728 777 1767 liberis,
794 1733 840 1767 et,

141 1780 230 1822 quod
258 1784 308 1811 est
330 1780 361 1810 in
390 1780 506 1810 liberis
530 1778 717 1818 amabilius,
734 1779 841 1809 adbuc

141 1830 236 1861 annis
261 1828 520 1861 innocentibus)
567 1828 693 1857 Vocem
726 1828 841 1867 penul-

142 1880 255 1911 timam
281 1881 367 1910 male
395 1879 528 1910 omnino
549 1877 675 1908 delevit
694 1877 731 1907 F.
748 1877 841 1908 Ursi-

140 1940 217 1970 nus,
235 1930 322 1972 quod
347 1929 432 1960 hanc
449 1928 534 1960 sexti
554 1937 651 1958 casus
675 1927 840 1968 significa-

140 1981 265 2012 tionem
282 1980 442 2011 memoria
467 1989 533 2010 non
561 1983 705 2009 teneret.
729 1979 840 2009 Dat-is.

142 2031 244 2062 Errat
259 2031 310 2062 Cl.
327 2029 496 2068 Davisius,
509 2034 545 2060 et
561 2038 637 2060 cum
656 2037 696 2059 eo
712 2028 839 2059 Donat.

138 2080 183 2112 ad
197 2082 333 2112 Terent.
352 2080 477 2111 Heaut.
497 2089 521 2110 1.
535 2083 563 2110 1.
577 2082 608 2109 4.
627 2077 682 2119 qui
696 2078 841 2108 vicinita-

138 2134 204 2162 tem
227 2136 327 2171 putat
343 2130 531 2171 significare
556 2133 700 2167 tantum,
715 2129 840 2159 vicino-

143 2191 215 2212 rum
232 2181 540 2221 propinqtiitate1113
565 2178 732 2219 significat
753 2179 841 2209 enim

141 2230 231 2270 ipsos
246 2231 396 2269 vicinos,
424 2236 460 2260 ut
486 2230 606 2270 passim
631 2239 693 2259 vox
714 2229 840 2259 vicinia.

142 2279 233 2310 Nam
257 2280 343 2309 male
371 2279 464 2310 Leid.
492 2289 542 2319 pr.
571 2279 689 2319 Cujae.
707 2278 839 2309 Duker.

142 2333 179 2360 et
201 2333 345 2370 quatuor
370 2329 575 2360 recentiores
599 2338 675 2360 cum
699 2328 761 2359 Ed.
785 2329 840 2359 In-

140 2383 238 2410 certa
260 2379 383 2410 babent
407 2379 437 2409 ἰιι
460 2378 658 2409 civitatibus.-
682 2389 757 2409 eum
775 2389 841 2421 qua

142 2439 224 2461 voce
241 2439 330 2470 saepe
348 2429 579 2460 confunditur.
621 2430 708 2460 vide
724 2434 841 2461 notata

141 2480 184 2511 ad
202 2480 303 2511 Corn.
330 2480 456 2520 Nepet.
482 2479 595 2511 Aleib.
619 2490 647 2510 e.
672 2483 701 2511 3.
725 2481 734 2497 ‘
753 2480 841 2511 Vici-

141 2529 238 2561 nitati
262 2530 432 2568 negotium
449 2530 533 2560 dant
545 2529 562 2559 :⁹
586 2529 628 2560 ad
644 2529 782 2561 Sallust.
798 2531 838 2561 B.

143 2579 243 2611 Catil.
257 2590 289 2611 c.
304 2583 355 2611 36.
378 2582 388 2596 ⁴
403 2580 620 2610 Vicinitatem
639 2585 737 2610 antea
755 2580 842 2611 solli-

142 2629 280 2660 citatam
307 2629 406 2660 armis
432 2629 597 2660 exornat.'
644 2628 742 2659 Adde
761 2630 842 2660 Cor-

144 2679 226 2710 tium
241 2680 283 2710 ad
298 2690 327 2712 c.
344 2683 396 2711 24.
413 2681 427 2720 ς’
443 2682 473 2710 4.
500 2682 638 2711 Sueten.
656 2679 746 2720 Aug.
762 2689 790 2710 c.
807 2683 838 2710 6.

143 2729 155 2745 ⁴
171 2728 348 2771 Tenetque
364 2729 575 2761 vicinitatem
591 2729 723 2770 opinio?

186 2780 208 2809 8
231 2779 356 2811 Poterat
372 2781 533 2819 universis,
554 2780 592 2811 ab
613 2781 790 2820 perterritis
804 2790 840 2811 ac

138 2827 302 2870 dispersis]
333 2829 390 2862 Sic
416 2831 549 2863 restitui
574 2840 616 2861 ex
645 2830 770 2872 Codice
799 2831 840 2872 F.

1476 276 1586 319 1181

891 379 1019 420 Ursini,
1034 386 1069 411 et
1086 381 1133 410 ita
1149 381 1296 420 conjecit
1309 380 1406 412 Joan.
1424 378 1590 412 Glandor-

892 429 1055 469 pius‚nee
1084 431 1184 461 aliter
1212 431 1292 468 legit
1318 431 1590 470 Metaphrastes;

891 479 995 509 vertit
1020 480 1122 517 enim,
1139 481 1173 509 οὐ
1187 479 1243 516 μὲν
1258 480 1318 519 ’γὰρ
1344 481 1381 510 ἂν
1396 480 1519 512 πώποτε
1539 481 1591 512 ἆθ-

891 527 954 568 ρόοι
976 529 1182 568 πορευόμενοι,
1201 530 1257 559 ὑπὸ
1282 533 1343 561 τῶν
1358 530 1510 569 πολεμίων
1533 533 1589 563 διε-

891 577 1081 618 σπαρμένων,
1091 580 1140 610 καὶ
1157 581 1466 620 καταπεπληγμένων
1494 581 1591 614 δεινὸν

892 628 929 659 ἄν
944 641 974 659 τι
990 628 1112 660 ἔπαθον.
1146 630 1268 667 Vutcgg.
1295 635 1427 670 poterat,
1444 632 1594 663 unirer-31⁶⁸

888 680 1066 720 perterritis
1091 690 1127 710 ac
1151 681 1312 719 dispersim
1340 682 1397 711 sed
1415 683 1475 712 boc
1492 683 1592 714 modo

892 730 1018 770 aliquid
1033 730 1151 761 deesse
1169 730 1399 762 manifestum:
1430 732 1518 762 unde
1538 733 1594 765 Fr.

894 778 1129 810 Hotomannus
1157 779 1321 819 reposuit,
1348 781 1498 810 unit-ersis
1525 791 1595 821 per-

892 830 1015 860 territis
1029 840 1064 860 ac
1077 830 1223 870 dispersis
1247 830 1396 860 hostibus.
1443 830 1472 861 N
1479 840 1514 860 os
1537 840 1593 861 au-

893 885 959 910 tem
983 879 1125 910 vidimus
1142 880 1225 910 Msti
1243 878 1309 909 fide
1325 883 1360 910 et
1377 880 1504 910 minore
1523 890 1592 911 mu-

894 930 1019 961 tatione
1052 930 1159 960 loenm
1191 930 1299 959 sanari
1331 938 1440 969 posse.
1481 931 1591 961 Daris.

893 980 1099 1011 Confirmant
1127 980 1212 1010 bane
1237 980 1506 1011 emendationem
1527 980 1593 1011 Ur-

893 1030 954 1060 sini
985 1030 1053 1061 sive
1082 1031 1191 1070 potius
1214 1030 1413 1069 Glandorpii
1437 1030 1593 1069 Codices,

893 1079 1108 1117 oxoniensis,
1119 1084 1153 1109 et
1168 1078 1292 1109 Audin.
1322 1079 1460 1119 Reliqui
1475 1085 1593 1110 carent

894 1128 1141 1169 praepositione.

937 1181 973 1208 ll
1001 1179 1045 1208 Et
1060 1180 1159 1220 sili-ce]
1193 1178 1248 1209 Sic
1266 1178 1347 1209 Mss.
1367 1178 1459 1208 Editi
1478 1188 1593 1209 recem

892 1229 996 1260 tiores
1011 1239 1046 1259 ac
1059 1229 1155 1259 silroe.
1204 1229 1304 1261 Quod
1331 1229 1384 1259 hic
1411 1229 1518 1260 minus
1534 1239 1591 1270 ap-

892 1283 974 1309 tum.
1021 1279 1128 1309 Clark.

936 1332 975 1359 13
1003 1329 1142 1370 Inteifici
1172 1327 1276 1367 vellet]
1314 1329 1390 1358 Vox
1411 1329 1592 1360 Coesaraut

893 1379 1003 1417 abest,
1039 1384 1096 1410 aut
1138 1379 1425 1417 subintelligenda
1453 1386 1516 1417 est,
1556 1384 1593 1411 ut

894 1434 987 1460 recte
1004 1429 1136 1460 notavit
1152 1430 1206 1459 Fr.
1221 1429 1470 1467 Hotomannns,
1487 1434 1522 1460 et
1541 1439 1592 1460 res

894 1479 966 1519 ipsa
983 1479 1118 1509 clamat.
1166 1478 1206 1508 In
1224 1479 1289 1508 ΜΞ.
1318 1482 1429 1507 tamen
1452 1478 1591 1509 Norvic.

893 1534 927 1559 et
943 1529 1042 1559 editt.
1060 1527 1299 1568 antiquissimis
1317 1532 1367 1556 est
1383 1527 1516 1568 interfici
1534 1529 1593 1558 vel-

893 1580 968 1618 lent,
982 1579 1138 1609 nimirum
1150 1577 1302 1608 Romani.
1328 1577 1470 1608 Insulse.
1496 1578 1592 1609 Grae-

894 1639 969 1661 cum
987 1634 1097 1660 tamen
1116 1628 1146 1658 in
1164 1627 1316 1658 fraudem
1344 1627 1441 1658 duxit
1457 1628 1528 1658 liaee
1547 1629 1596 1659 vi-

893 1679 978 1710 tiosa
1002 1679 1127 1716 lecti03
1157 1677 1261 1708 babet
1283 1677 1371 1707 enim
1397 1677 1593 1709 ἀνασπᾶσθαι

893 1728 1068 1769 ἐπίτριπτον
1105 1727 1195 1767 ’γένος
1235 1727 1263 1757 οἱ
1298 1728 1435 1765 Ῥωμαῖοι
1464 1726 1592 1760 θέλοιεν.

892 1781 1002 1810 Daris.
1050 1779 1137 1810 vide
1161 1778 1202 1809 ad
1223 1787 1261 1808 n.
1279 1781 1330 1808 17.
1377 1778 1462 1808 Haec
1479 1784 1592 1809 autem

892 1829 1021 1868 ellipsis
1048 1829 1120 1858 sine.
1147 1828 1250 1858 dubio
1268 1837 1386 1858 caussa
1402 1833 1454 1859 est
1471 1828 1593 1868 depra-

891 1878 1037 1908 vationis
1051 1878 1083 1907 in
1102 1878 1221 1914 rellent,
1246 1882 1315 1907 tam
1331 1877 1385 1907 hic
1403 1887 1502 1918 quam
1520 1887 1592 1919 seq.

890 1939 990 1961 versu
1020 1930 1048 1960 si
1077 1929 1231 1960 contium
1268 1928 1366 1959 vellet.
1433 1929 1591 1970 Utroque

891 1981 965 2011 loco
988 1980 1114 2011 habent
1139 1980 1222 2010 Mss.
1252 1979 1317 2010 mei
1343 1988 1456 2009 omnes
1480 1980 1593 2019 plura-

890 2031 956 2060 lem
983 2034 1108 2070 praeter
1130 2029 1255 2061 Audin.
1286 2035 1320 2060 et
1348 2029 1460 2061 Oxou.
1508 2031 1592 2062 Cum

893 2080 1039 2121 antiquis
1056 2080 1154 2111 editis
1169 2081 1216 2111 ita
1232 2080 1328 2111 dedit
1340 2081 1441 2112 etiam
1459 2080 1502 2111 R.
1516 2081 1592 2112 Ste-

892 2130 1021 2170 phanus
1039 2130 1174 2170 aliique.

936 2182 974 2210 lS
998 2180 1043 2210 At
1071 2181 1120 2221 in]
1157 2181 1241 2211 Mss.
1267 2181 1389 2212 Eliens.
1409 2184 1444 2212 et
1466 2180 1591 2221 Vossii,

895 2231 949 2262 Ut.
976 2229 1031 2261 Al.
1050 2231 1194 2263 Codices
1214 2232 1269 2262 Et.
1315 2232 1422 2263 Clark.
1473 2232 1516 2262 [ἰ
1535 2241 1590 2262 ex—

890 2284 960 2312 stat
974 2290 1105 2321 quoque
1119 2281 1150 2311 in
1167 2281 1273 2312 Codd.
1288 2282 1366 2313 Urs.
1380 2282 1591 2322 aliorumque

891 2334 925 2361 et
936 2330 1018 2361 meis
1028 2331 1184 2362 undecim
1201 2341 1275 2362 cum
1293 2331 1379 2362 Edd.
1394 2333 1481 2362 Ven.
1499 2331 1591 2371 Aldi,

891 2380 1048 2421 Grypllii,
1077 2384 1141 2412 &a
1171 2381 1281 2422 posita
1298 2382 1331 2412 in
1347 2381 1515 2412 nonnullis
1531 2381 1589 2411 mi·

890 2440 972 2462 nore
1003 2431 1220 2462 distinetione
1251 2436 1329 2472 post
1358 2431 1496 2463 audacia.
1543 2431 1590 2461 Et

891 2481 985 2512 Carr.
1012 2482 1105 2513 Duk.
1135 2483 1242 2513 Dorv.
1270 2482 1364 2513 Voss.
1389 2491 1457 2513 see.
1487 2485 1589 2521 atque

892 2531 978 2562 Edd.
996 2532 1111 2571 primis
1127 2533 1267 2562 Vascos.
1284 2537 1319 2562 et
1336 2532 1420 2562 aliis.
1466 2531 1588 2563 Petav.

892 2585 1004 2612 tamen
1020 2591 1095 2613 cum
1112 2581 1248 2612 Andino
1264 2586 1400 2612 servant
1419 2583 1473 2618 At,
1497 2579 1588 2620 quod

892 2631 1022 2663 retineo
1038 2643 1114 2663 eum
1132 2633 1174 2663 R.
1186 2633 1303 2672 Steph.
1318 2632 1428 2661 I’iant.
1439 2635 1474 2660 et
1491 2639 1585 2670 seqq.

893 2681 990 2713 Quod
1020 2682 1045 2712 si
1075 2683 1183 2721 malis,
1207 2685 1253 2720 ut,
1276 2691 1336 2721 per
1360 2690 1410 2710 uie
1439 2679 1531 2718 licet,
1555 2679 1587 2711 h.

891 2741 991 2763 sensu
1012 2733 1241 2773 providebatur,
1268 2733 1417 2770 quantum
1442 2732 1589 2768 poterae,-

891 2786 939 2822 ut,
966 2782 1036 2813 sive
1063 2787 1174 2823 prout,
1206 2781 1315 2811 solent
1341 2778 1518 2810 constituti
1552 2779 1587 2811 in

890 2832 930 2863 iis
947 2832 1122 2873 angustiis.
1142 2839 1218 2871 riu.
1233 2832 1286 2862 21.
1302 2831 1311 2846 ‘
1323 2830 1484 2871 Magnum
1500 2834 1538 2862 ut
1551 2829 1587 2863 ia
