1818 3131
298 207 391 236 mu.
423 206 528 236 v111.
559 204 667 234 mr.
698 195 738 235 5.
773 203 834 234 or.
867 203 1022 235 amno
1054 205 1282 236 cALLico.

67 308 132 332 vn.
148 304 180 333 ss.
196 302 213 342 ξ
229 304 260 332 1.
285 311 481 342 quiamquam
499 300 545 331 ibi
562 299 674 340 priore
692 307 766 328 scn-

66 361 105 382 ιιι
121 356 245 392 posset,
264 357 296 382 ct
316 351 428 382 fon-<an
443 351 573 387 melius,
590 349 763 388 explicari.

112 403 132 431 8
156 401 194 431 In
210 405 290 431 tectu
312 402 429 441 purtim
454 400 625 436 Gallorum,
646 398 766 437 purtim

65 460 132 491 (111oe
145 452 287 489 conjectis
311 451 449 481 celeriter
465 449 644 479 stramentis
667 451 764 478 tento-

65 502 182 532 riorum
194 502 424 540 integendorum
433 499 552 538 gratia,
561 503 645 529 erant
661 498 766 528 inadi-

55 551 170 592 βιαία,
183 552 314 582 militem
329 549 481 589 contegit]
505 550 595 580 Mira
609 548 763 588 profecto

63 601 284 639 constructio,
312 601 447 639 contegit
465 601 593 630 militem
622 600 655 629 in
681 602 763 629 tecta

68 652 242 683 Gallorum.
310 651 473 683 Profecto
505 652 554 682 vel
585 651 762 681 dicendum

63 706 117 734 est
145 703 194 733 sui
227 703 367 733 oblitum
399 703 548 733 Hirtium
579 702 762 741 subjecisse

63 756 268 792 postremam
287 752 371 782 hanc
389 761 519 790 vocem,
542 752 594 781 vel
613 751 762 781 librario-

64 811 136 833 rum
149 812 263 834 errorc
281 812 341 843 pro
358 803 488 841 conlegit
506 802 668 842 scriptum
686 810 760 831 esse

61 853 211 892 contegit.
246 855 331 884 Sanc
348 863 411 892 ego
428 853 488 883 lioc
506 861 613 892 prope
630 856 760 882 certum

59 902 191 933 habeo:
214 903 319 933 miror
337 912 415 933 vero
432 902 555 933 nemini
581 901 759 932 doctorum

60 952 133 983 liaec
151 952 255 982 vei-lia
280 956 440 992 suspecta
465 951 580 982 fuisse.
627 951 674 982 At
703 952 760 982 illa

60 1003 259 1033 tentoriorum
281 1003 513 1041 integendorum
536 1004 644 1041 gratio
666 1003 760 1033 Ciac-

60 1051 176 1083 conius
194 1057 291 1091 putat
308 1054 472 1092 glossema
485 1063 570 1083 esse.
609 1054 680 1091 Ego
694 1062 760 1083 non

60 1101 217 1133 arbitror.
269 1103 500 1133 Tabernacula
526 1112 583 1133 seu
612 1103 760 1133 tentoria

60 1157 186 1193 praeter
201 1153 319 1193 pelles,
345 1163 405 1184 sua
427 1163 561 1194 quoque
577 1153 686 1184 fulcra
701 1153 758 1194 (si-

60 1213 100 1235 ve
117 1212 244 1235 asseres
260 1204 294 1243 ii,
310 1214 369 1235 seu
387 1205 454 1245 pali
477 1204 618 1243 fuerint)
633 1205 757 1235 habue-

58 1264 117 1286 re:
144 1256 217 1296 quis
244 1256 366 1287 deinde
393 1256 521 1287 corium
548 1256 758 1287 insterneba-

59 1311 128 1337 tur.
186 1307 240 1337 Ita
267 1307 322 1337 hic
353 1308 400 1338 nit
427 1307 572 1345 Hirtius
610 1306 756 1346 duplicis

57 1356 190 1396 generis
218 1361 311 1387 tecta
335 1355 453 1391 fuisse,
482 1356 548 1386 alia
573 1356 759 1395 Gallorum,

60 1406 125 1436 alia
142 1416 217 1447 quat
236 1406 375 1437 Romani
399 1406 462 1446 ipsi
491 1406 626 1446 injectis
642 1406 758 1436 celeri·

59 1460 112 1487 ter
128 1456 323 1487 stramentis
348 1459 602 1495 exstruxerant,
626 1465 691 1496 quo
719 1455 757 1485 iis

57 1507 165 1548 pelles
182 1507 421 1538 insterncrcnt.
467 1507 530 1539 Vel
547 1507 661 1538 (licere
684 1516 759 1547 pos-

59 1557 161 1588 simus
182 1563 323 1598 propter
346 1558 586 1589 truculentiam
614 1563 758 1598 tempes-

61 1611 170 1638 tatum
200 1612 376 1638 extructas
406 1617 426 1638 a
468 1608 628 1638 Romanis
666 1617 758 1638 casas

57 1655 173 1696 fuisse,
193 1667 232 1688 ac
248 1659 410 1689 stramine
435 1663 625 1698 contectas,
647 1662 681 1688 et
696 1659 758 1689 sub

58 1707 97 1738 iis
115 1707 248 1738 demum
263 1713 376 1739 tensas
396 1709 515 1749 pelles,
533 1719 598 1749 quo
618 1709 758 1740 tutiores

61 1757 221 1789 adversus
235 1758 391 1789 imbrium
406 1759 473 1789 vim
485 1759 666 1798 agitarent.
686 1759 758 1790 Lib.

60 1808 103 1839 de
118 1809 158 1840 B.
176 1807 284 1840 Afric.
299 1819 328 1839 c·
344 1813 396 1840 47.
414 1810 509 1840 locus
522 1813 586 1848 est,
613 1809 669 1848 qui
693 1809 757 1839 huc

59 1858 251 1899 pertineat:
289 1859 433 1900 ‘reliqui
475 1869 518 1889 ex
547 1859 758 1889 vestimentis

61 1909 250 1941 tentoriolis
276 1909 387 1949 factis,
415 1914 516 1951 atque
539 1909 757 1941 arundinibus

59 1961 238 2002 scopisque
285 1961 455 1992 contextis
493 1960 757 2000 permanebant!

60 2009 127 2041 Sed
142 2010 232 2050 vide,
244 2021 319 2051 quae
336 2011 378 2041 ad
395 2011 488 2042 illum
503 2012 611 2042 locum
627 2010 758 2042 notavi-

59 2069 144 2092 mus·
173 2060 308 2092 Vossius.
332 2060 499 2092 Emendat
513 2061 656 2100 Dionys,
674 2061 758 2090 Vos-

59 2112 128 2144 sius
142 2112 285 2151 conlegit.
326 2112 393 2142 Sed
405 2111 549 2142 fortasse
565 2112 648 2142 nihil
663 2121 756 2152 opus.

60 2161 184 2200 Neque
205 2161 294 2191 enim
320 2160 444 2191 absona
459 2170 596 2201 prorsus
613 2166 665 2192 est
692 2161 758 2192 ista

59 2212 284 2250 constructio,
300 2212 422 2242 Milites
437 2213 467 2242 in
484 2214 566 2242 tecta
586 2216 756 2250 contegere.

61 2262 171 2292 Clark.
215 2262 414 2293 ciacconius
430 2261 568 2302 legebat
578 2263 677 2302 ponit,
690 2273 758 2301 quoe

58 2311 150 2342 tectis
160 2322 192 2352 p.
216 2312 258 2342 G.
273 2312 391 2352 partim
409 2311 487 2349 conj.
503 2322 528 2342 c.
551 2314 610 2342 ειν.
626 2311 758 2353 ‹edifica-

59 2365 157 2402 cerat,
179 2362 277 2402 iisque
296 2363 360 2392 mil.
381 2365 460 2393 cont.
504 2361 553 2392 At
577 2362 639 2393 hoc
656 2367 756 2402 pacto

59 2412 141 2444 alios
166 2411 325 2444 facillime
355 2412 562 2452 accipiemus
591 2417 756 2444 auctores.

60 2461 255 2502 Videamus,
280 2473 359 2493 num
376 2463 457 2493 Mss.
480 2463 646 2493 saniorem
672 2473 756 2503 prae-

61 2511 163 2544 beant
197 2513 400 2544 lectionem:
441 2523 515 2543 nam
547 2513 579 2543 in
613 2514 755 2553 vulgatis

58 2562 202 2594 scabiosi
235 2564 315 2605 quid
352 2564 476 2602 inesse,
515 2574 580 2594 non
623 2565 755 2596 dubito.

61 2611 178 2644 Primo
200 2614 318 2653 partim
345 2618 423 2644 ante
450 2615 533 2644 Gall.
563 2623 629 2644 nou
656 2623 756 2654 agno-

61 2665 160 2692 scunt
172 2663 266 2695 Leid.
283 2674 335 2705 pr.
352 2669 387 2695 et
405 2674 474 2696 sec.
492 2664 569 2695 dein
584 2665 668 2695 Mss.
686 2666 755 2696 lon-

59 2720 103 2750 ge
126 2712 270 2754 plurimi,
297 2723 364 2746 non
394 2724 508 2746 omnes
526 2720 650 2755 tamen,
673 2716 756 2747 daut

58 2766 246 2804 partemque.
290 2766 373 2798 Mox
387 2777 453 2808 quw
466 2769 542 2799 tent.
567 2767 663 2802 Leid.
686 2778 753 2800 sec.

1406 195 1519 238 1275

819 298 868 328 uti
884 304 919 330 et
935 299 1022 331 Edd.
1041 301 1137 331 Rom.
1155 299 1251 331 Med.
1267 299 1354 332 Ven.
1378 299 1519 330 Beroal-

817 348 864 383 di,
891 349 994 379 Basil.
1029 351 1088 381 scd
1113 351 1179 381 illae
1210 360 1273 380 non
1298 349 1424 382 habent
1449 360 1519 390 quae

817 399 869 429 vel
893 410 949 438 que
967 406 1040 438 post
1068 401 1196 440 partim.
1246 401 1518 441 'notorior-umque

821 450 928 479 l’alat.
945 452 1111 481 emtor—ium
1132 451 1222 481 Leid.
1242 462 1292 491 pr.
1316 452 1404 482 Scal.
1440 451 1518 482 Cen-

815 501 968 530 turiorum
984 501 1079 530 Vos&
1108 511 1159 541 pr.
1198 503 1321 532 (femor.
1338 512 1405 532 sce.
1443 501 1519 532 Teu-

816 553 955 580 tonorum
979 550 1042 581 Ed.
1062 551 1133 581 luc.
1151 552 1228 581 dein
1243 555 1367 588 legend.
1386 554 1422 584 1..
1446 562 1516 583 sec.

817 600 950 631 (larrar.
966 605 1034 632 erat
1053 602 1166 632 I'alat.
1190 604 1343 643 ‹edificataei
1359 604 1517 634 Beroald.

815 651 966 682 etheid.
995 661 1061 682 sec.
1088 652 1120 682 in
1149 663 1214 692 quo
1241 654 1342 683 etiam
1366 655 1516 685 cmitexit.

817 702 895 732 Non
923 711 975 732 me
1006 702 1174 742 expedi03
1199 704 1257 732 sed
1286 703 1436 742 proxime
1463 713 1517 734 ve-

815 761 886 781 rum
905 756 969 789 est,
984 752 1016 782 ni
1033 751 1142 790 fallor,
1153 756 1244 792 atque
1260 753 1290 783 in
1306 756 1386 783 tecta
1399 754 1515 792 partim

815 802 1110 843 Gallorum,partim
1121 813 1186 842 ‹111oe
1194 804 1332 833 celeriter
1338 803 1518 834 stramentis

812 853 953 891 conjectis
964 857 1038 885 tent.
1048 855 1105 885 int.
1118 856 1235 894 gratia,
1248 858 1335 885 erant
1350 855 1517 896 inam-'fica-

812 907 857 941 ta,
873 905 989 935 milites
1003 906 1151 942 conlegit.
1186 905 1333 944 videtis,
1347 916 1398 935 me
1410 911 1515 936 trans-

812 955 964 994 posuisse
982 965 1098 985 vocem
1122 956 1265 993 conjectis
1288 960 1431 994 tautum,
1454 955 1518 987 sed·

813 1005 912 1035 aliter
943 1005 1151 1036 distinxisse.
1211 1006 1336 1035 Sensus
1368 1005 1514 1036 auctoris

812 1064 886 1085 esse
917 1055 1072 1092 videtum
1098 1056 1267 1085 Caesarem
1297 1055 1420 1085 milites
1448 1055 1516 1086 dis-

811 1105 962 1144 posuisse
988 1106 1113 1144 partim
1139 1105 1170 1134 in
1198 1110 1291 1135 tecta
1324 1105 1513 1144 Gallorum,

812 1154 935 1194 partim
961 1154 1115 1190 intecta,
1143 1164 1215 1194 quae
1240 1154 1303 1193 ipsi
1331 1153 1515 1185 inaedifica·

811 1209 931 1236 verant
957 1204 1165 1244 stramentis,
1195 1204 1362 1244 conjectis
1382 1210 1417 1236 et
1445 1205 1513 1236 col-

810 1254 907 1285 lectis
936 1255 978 1286 ad
1005 1255 1152 1286 tentoria
1174 1255 1372 1295 integenda‚
1400 1255 1427 1286 si
1450 1255 1513 1286 sub

810 1305 887 1337 divo
904 1307 1124 1338 mansissent:
1151 1307 1239 1338 unde
1255 1307 1360 1338 etiam
1383 1307 1512 1338 minore

810 1357 997 1387 mutatione
1014 1357 1113 1388 scribi
1136 1361 1251 1397 posset
1271 1368 1306 1397 p.
1323 1358 1354 1387 in
1369 1360 1452 1388 tecto
1470 1358 1514 1388 G.

806 1407 924 1445 partim
946 1407 1024 1444 conj.
1046 1417 1072 1438 c.
1093 1408 1285 1446 stramentis,
1312 1418 1378 1448 quae
1402 1412 1426 1439 t.
1452 1408 1516 1440 int.

806 1456 912 1494 gratia
937 1459 1037 1496 erant,
1063 1457 1248 1498 inaedificata
1265 1468 1305 1489 m.
1350 1459 1391 1488 B.
1410 1457 1511 1498 Hisp.

810 1515 840 1535 c.
867 1508 917 1536 16.
943 1507 951 1523 ‘
968 1516 1067 1544 casm,
1090 1516 1165 1547 quae
1190 1508 1385 1538 stramentis
1413 1511 1512 1538 erant

810 1555 1012 1587 aedificatae!
1040 1557 1214 1597 Quidquid
1230 1558 1286 1596 sit,
1300 1557 1362 1588 hoc
1378 1557 1510 1587 firmum

810 1611 957 1645 maneat,
973 1611 1156 1638 stramenta
1172 1608 1227 1638 illa
1243 1607 1345 1639 fuisse
1363 1609 1511 1639 collecta

810 1656 852 1686 ad
887 1657 1035 1687 tentoria
1072 1657 1268 1698 integenda.
1336 1658 1510 1689 Audacior

810 1707 883 1746 quis
909 1707 1051 1746 ejiceret
1076 1706 1113 1737 τὸ
1138 1708 1339 1749 inoedificata,
1367 1709 1512 1749 legeret-

810 1766 876 1796 que
896 1760 1019 1796 purtem
1043 1759 1120 1797 conj.
1146 1769 1174 1788 c.
1203 1763 1311 1790 stram.
1337 1769 1403 1799 quoe
1431 1763 1508 1791 tent.

808 1808 906 1845 integ.
927 1808 1036 1845 gratia
1053 1802 1146 1839 erant·
1157 1810 1209 1840 vel
1233 1810 1334 1840 etiam
1352 1811 1420 1842 sine
1433 1821 1510 1850 gra·

808 1857 866 1887 tia.
912 1856 1019 1888 Immo
1034 1862 1068 1888 et
1085 1859 1177 1898 prius
1188 1860 1307 1899 purtim
1322 1866 1437 1900 posset
1452 1862 1510 1892 de-

809 1906 881 1944 leri,
906 1906 1112 1948 suffragante
1133 1911 1325 1949 praesertim
1350 1911 1510 1942 Leidensi

809 1957 939 1997 prima:
964 1968 1040 1989 nam
1057 1960 1090 1989 in
1107 1959 1156 1990 his
1179 1960 1408 2002 divisionibus,
1421 1972 1506 2002 pars,

808 2008 863 2043 ᾳΙὶἰ
879 2013 915 2039 et
930 2008 1051 2039 similia
1062 2011 1165 2040 semel
1177 2012 1287 2042 omitti
1299 2012 1421 2043 solent.
1451 2012 1509 2043 Vi-

808 2058 850 2088 de
859 2057 899 2088 ad
914 2067 938 2088 1.
950 2062 982 2089 8.
998 2069 1153 2090 socerum
1167 2060 1210 2090 ad
1221 2062 1297 2092 Val.
1311 2062 1405 2093 Max.
1424 2071 1465 2093 11.
1478 2067 1510 2094 5.

807 2109 823 2148 ξ
838 2111 868 2140 3.
891 2109 901 2125 ‘
916 2118 994 2149 pars
1010 2110 1292 2151 capitalijudicio
1307 2111 1475 2144 damnatae
1489 2113 1508 2143 :'

807 2164 843 2190 et
865 2160 999 2191 omnino
1024 2160 1113 2191 infra
1137 2161 1179 2192 ad
1206 2162 1248 2193 Β.
1271 2162 1373 2193 Alex.
1403 2173 1433 2195 c.
1456 2166 1509 2195 29.

808 2209 978 2250 ‘dispersi
1008 2211 1095 2242 vada
1125 2211 1270 2243 fluminis
1307 2218 1510 2254 quaerentes,

807 2260 931 2299 partim
942 2260 1029 2292 dem.
1042 2261 1147 2301 ripis.'
1164 2263 1173 2278 ‘
1184 2264 1387 2303 Contegitin
1401 2264 1507 2296 tecta'

807 2310 943 2350 dicitur,
962 2315 998 2341 ut
1017 2311 1026 2328 ‘
1043 2313 1216 2343 occultare
1232 2314 1267 2343 iu
1284 2315 1418 2346 terram'
1441 2324 1508 2347 vu.

807 2362 858 2390 85.
874 2361 1036 2393 Quamvis
1047 2367 1083 2393 et
1096 2362 1157 2393 hac
1169 2365 1425 2396 constructione
1438 2375 1506 2396 non

805 2411 973 2452 indigeas,
989 2413 1016 2444 si
1040 2413 1188 2453 legamus
1204 2415 1320 2454 partim
1334 2416 1411 2455 conj.
1425 2420 1508 2448 stra-

805 2464 926 2494 mentis.
961 2464 1056 2495 Tunc
1073 2465 1162 2495 enim
1176 2466 1314 2504 contegit
1327 2467 1507 2497 stramentis

801 2512 987 2553 jungenda,
1003 2519 1038 2545 et
1063 2514 1106 2545 ad
1127 2515 1239 2555 priora
1253 2516 1287 2546 in
1301 2519 1383 2547 tecta
1396 2517 1506 2547 subin-

805 2564 1022 2604 telligendum
1047 2565 1136 2596 aliud
1152 2566 1293 2597 verbum
1320 2567 1430 2597 adfine
1446 2567 1508 2597 dis-

803 2613 890 2653 ponit
906 2615 959 2645 vel
981 2615 1089 2646 simile
1106 2615 1198 2656 quid.
1245 2617 1330 2647 Haec
1356 2617 1444 2647 enim
1462 2617 1506 2647 el-

805 2663 927 2703 liptica
950 2664 1077 2696 locutio
1098 2664 1367 2706 frequentissima
1379 2671 1444 2705 est,
1468 2672 1505 2698 et

805 2719 897 2752 uota,
922 2726 961 2747 ac
982 2717 1173 2748 sexcenties
1197 2717 1339 2747 adversa
1365 2726 1384 2747 a
1410 2717 1505 2748 Viris

805 2765 926 2798 doctis.
971 2767 1072 2800 Nune
1095 2766 1173 2799 vide
1200 2765 1300 2799 modo
1323 2766 1366 2799 ad
1392 2777 1421 2799 c.
1452 2770 1503 2800 ιϋ.
