1818 3131
669 145 692 159 Ι.

306 207 398 236 ΙΛΒ.
431 206 538 238 vul.
569 204 677 234 CAP.
700 195 743 234 7.
778 205 841 235 DE
876 205 1030 235 BELLO
1061 205 1290 235 GALLlco.

69 299 185 331 orcitus
200 308 276 330 curn
289 298 438 330 habeant
459 297 684 337 Manuscripti
707 297 773 328 mei

71 360 202 390 omnes,
219 360 285 381 uno
311 351 486 390 alteroque
502 348 691 394 recentiore
715 357 772 378 ex-

72 406 188 441 cepto,
206 401 253 431 uti
267 406 302 432 et
323 401 406 431 Edd.
420 399 586 440 quaedam,
604 401 643 428 ut
654 398 773 438 Stepb.

72 451 230 492 Gryphii,
253 456 316 482 ὄις.
342 460 418 481 eum
443 458 615 479 numerum
639 456 774 478 revoca-

72 502 117 533 vi.
155 512 186 534 c.
216 505 268 534 48.
301 504 310 519 ‘
331 501 461 534 Quibus
489 500 523 530 in
551 500 632 531 locis
658 499 775 531 Caesar

69 552 309 592 exercitusque
335 549 502 581 fuissent)
549 549 648 580 Adde
675 559 705 581 c.
721 552 773 581 54.

70 602 79 620 ‘
98 602 307 633 exercitibus
318 600 511 632 contineri.’
560 602 599 631 B.
616 599 661 631 G.
678 608 703 630 1.
719 602 773 630 40.

67 651 228 683 ‘nostros
257 652 428 683 exercitus
459 650 534 692 capi
564 659 664 691 posse
679 650 699 681 :’
739 654 774 681 et

70 702 278 733 sexcenties.

114 755 152 783 11
180 753 282 783 Erant
297 752 466 792 adtributi]
492 751 600 782 Miror
616 750 772 792 equidem

69 801 141 834 Jnl.
164 802 255 834 Celsi
273 803 391 841 verba,
417 802 474 843 qui
503 811 536 842 p.
564 804 636 832 161.
663 801 710 831 sic
727 801 773 832 lo-

69 853 205 892 quitur:
230 853 239 870 ‘
260 853 465 884 Rhemorum
488 852 616 891 legatio
634 861 771 892 queren-

69 902 154 932 tium
182 903 616 934 Bellovacos—exercitum
640 911 775 943 compa-

68 955 168 992 rare‚'
205 958 242 984 ut
273 954 486 984 Suessionem
524 962 617 983 suam
656 953 773 983 urbem

68 1003 277 1035 invaderent.
322 1004 413 1035 Mira
430 1013 508 1034 sane
537 1002 603 1034 fuit
630 1003 774 1034 hominis

69 1052 242 1094 imperitia
257 1063 266 1091 ;
290 1053 417 1094 quippe
433 1053 626 1084 Suessionem
644 1063 704 1093 pro
720 1062 774 1083 ur-

68 1102 120 1134 bis
154 1103 290 1134 nomine
328 1103 457 1142 habuit,
495 1112 558 1134 nec
599 1103 772 1133 intellexit

68 1152 246 1186 &essiones
285 1154 352 1185 dici
397 1153 537 1185 Rhemis
576 1153 772 1193 attributos,

69 1204 158 1245 quod
197 1214 310 1236 eorum
350 1203 433 1236 facti
479 1207 580 1235 erant
617 1203 771 1235 clientes.

70 1254 183 1286 Dotis.

112 1307 152 1335 17
175 1304 203 1336 Α
225 1305 261 1336 Τ.
277 1304 429 1344 Labieno]
474 1304 676 1335 Praenomen
707 1304 775 1335 Titi

69 1360 257 1394 agnoscunt
294 1355 360 1385 duo
409 1354 636 1385 recentissimi
675 1355 771 1385 Voss.

70 1409 150 1436 tert.
167 1410 201 1436 et
216 1405 358 1437 Dorvill.
406 1404 533 1434 Omnes
550 1403 669 1444 reliqui
683 1404 773 1444 quod

69 1454 172 1484 sciam
189 1454 227 1485 L.
244 1455 352 1491 Lucio,
368 1458 404 1484 et
433 1454 544 1483 Oxou.
569 1453 651 1483 Lilio
679 1453 772 1485 dant.

69 1505 195 1536 Cuncti
211 1505 313 1536 etiam
335 1504 385 1542 ab,
401 1508 438 1535 ut
454 1504 600 1544 reposui.
646 1505 773 1535 Forsan

69 1555 273 1595 ejiciendum
290 1559 342 1586 est
359 1563 566 1595 praenomen,
585 1555 648 1585 nisi
668 1555 774 1585 lateat

68 1605 170 1644 aliud,
187 1605 274 1646 quod
292 1605 490 1636 subodorari
507 1615 649 1645 nequeo.
697 1605 773 1637 Non

67 1658 163 1685 certe
177 1655 300 1693 legato.-
336 1659 406 1685 tam
434 1654 523 1685 euim
550 1654 675 1685 Fabius
698 1659 773 1685 erat

69 1705 214 1745 legatus,
227 1714 327 1745 qnam
346 1705 527 1735 Labienus.
574 1705 772 1736 Notandum

69 1759 184 1785 antem
197 1764 274 1785 mox
291 1764 353 1795 pro
368 1754 561 1793 injungebat,
586 1755 619 1785 in
644 1754 772 1786 Codice

67 1805 235 1845 Scaligeri
251 1805 354 1836 scribi
376 1805 571 1844 inpingebat.
617 1804 705 1836 Vide
729 1805 773 1836 ad

68 1865 100 1887 c.
114 1858 165 1886 49.

72 1928 74 1931 ,
108 1913 171 1936 vn.
192 1908 211 1936 5
243 1905 402 1944 Agrorum
425 1905 668 1948 incolemlorum]
714 1907 772 1937 Co-

66 1956 222 1987 lendorum
238 1956 321 1987 Mss.
339 1956 499 1997 quinque,
523 1956 613 1997 quod
629 1966 696 1987 non
713 1957 772 1987 nii-

68 2013 130 2036 nus
143 2005 268 2045 placet.
316 2004 419 2036 Aliud
436 2006 554 2037 Celsus
572 2016 603 2046 p.
619 2009 690 2037 162.
703 2006 770 2037 ait:

68 2055 78 2082 .‘
96 2055 273 2095 Comperit
289 2055 415 2086 nullum
430 2054 502 2086 fere
526 2060 655 2096 praeter
671 2057 772 2088 rusti-

67 2113 126 2136 cos
143 2105 177 2136 in
193 2104 346 2136 aedificiis
362 2105 516 2136 inveniri.
550 2107 771 2147 Demigrasse

68 2163 183 2185 omnes
196 2155 398 2186 Bellovacos
414 2157 514 2187 armis
529 2156 692 2197 idoneos,'
708 2160 771 2189 &c.

69 2204 225 2239 Fortasse
255 2205 378 2236 vitioso
407 2206 525 2237 codice
558 2207 665 2239 Hirtii
693 2219 772 2239 usus

68 2260 156 2293 erat,
173 2257 280 2297 qualis
310 2257 498 2297 Palatinus,
528 2259 585 2300 qui
614 2259 676 2290 hoc
699 2261 772 2292 loco

67 2305 190 2337 habet:
216 2309 224 2323 ‘
244 2311 347 2347 atque
372 2307 432 2337 hos
456 2308 512 2348 qui
538 2318 694 2348 agrorum
718 2319 772 2341 co-

65 2356 242 2388 lendorum
275 2366 395 2388 caussa
427 2358 676 2397 remansissent,
712 2360 772 2391 sed

67 2407 266 2448 speculandi
317 2409 428 2448 gratia
466 2414 580 2440 essent
617 2410 770 2441 remissi!

68 2457 135 2488 Ubi
150 2458 177 2489 si
191 2467 252 2499 pro
268 2458 321 2489 sed
339 2459 429 2499 legas
445 2463 487 2496 et,
509 2460 678 2492 constabit
699 2471 772 2492 sen—

67 2516 142 2540 sus:
166 2518 283 2539 verum
302 2509 440 2549 vulgata
460 2510 564 2540 lectio
577 2510 705 2550 optima
719 2516 773 2542 est

68 2557 102 2589 in
118 2559 244 2595 Hirtio,
261 2564 297 2590 et
311 2560 493 2590 verissima.
516 2560 648 2591 Vossius.
689 2561 771 2592 Mss.

68 2610 218 2641 nonnulli
233 2613 435 2642 colendorum.
483 2612 583 2644 Quod
601 2612 690 2643 idem
706 2618 770 2643 est.

71 2659 179 2690 Clark.
234 2662 468 2693 Incolendomim
497 2662 609 2693 inveni
634 2663 668 2694 in
692 2663 771 2694 solis

70 2707 201 2741 Andino
227 2715 263 2742 et
289 2711 401 2742 Oxou.
449 2712 565 2743 Ceteri
593 2713 711 2753 scripti
736 2719 772 2744 et

68 2757 154 2790 Edd.
171 2759 300 2800 prirnae,
325 2761 409 2793 item
423 2762 525 2793 Vasc.
553 2763 622 2794 Str.
650 2763 771 2804 steph.

1412 197 1526 240 1277

825 298 967 339 aliaeqne
1004 301 1209 340 colendorum,
1247 300 1336 342 quod
1383 301 1527 333 multum

824 350 994 389 praefero:
1030 353 1099 393 qui,
1125 353 1269 391 scilicet,
1297 358 1528 384 remanserant

824 399 866 429 ad
893 401 1132 439 agriculturam
1158 403 1407 434 exercendam:
1437 402 1528 434 unde

825 450 928 481 vitam
945 456 1135 483 sustentare
1153 458 1301 492 possent.
1338 463 1366 483 c.
1382 456 1412 484 3.
1427 454 1436 470 ‘
1451 461 1530 484 rura

824 500 979 531 colentes
994 500 1014 530 ·.’
1047 502 1098 540 qui
1121 511 1182 532 non
1206 503 1317 542 placet
1334 512 1352 533 e
1370 513 1401 534 v.
1419 513 1449 534 c.
1463 503 1528 534 Ur-

824 558 910 580 sino.

869 601 908 630 13
933 599 1087 639 Impediea
1101 600 1324 632 circumdatum
1338 603 1465 643 palude]
1490 603 1530 634 In

822 649 901 680 silva
913 650 1104 681 circumdata
1112 653 1234 691 palude,
1243 653 1309 683 Ms.
1326 653 1412 692 Cuj.,
1422 654 1530 690 Bona.

825 709 875 740 pr.
893 709 961 732 sec.
976 701 1053 732 Pet.
1073 701 1146 733 Pal.
1171 708 1205 733 et
1234 713 1261 732 v.
1281 713 1310 733 c.
1335 708 1471 734 noster:
1497 706 1530 734 in

822 750 901 781 silva
919 751 1143 782 circumdatum
1167 753 1290 793 palude,
1313 754 1422 792 Bong.
1447 758 1529 785 tert.

823 800 856 831 in
876 801 954 831 silva
978 801 1170 832 circumdata
1193 803 1270 842 pelle
1299 803 1364 833 Ms.
1390 808 1529 841 noster3

826 851 915 891 quod
933 850 1066 883 damno.
1097 851 1228 883 Vossius.
1275 853 1316 883 In
1333 853 1405 883 aliis
1420 853 1527 884 Codd.

825 901 949 931 omissa
965 910 1048 932 voce
1065 902 1226 942 impedita,
1251 903 1373 942 legitur
1390 903 1423 933 in
1437 903 1528 942 silva,

822 952 1047 983 circumdatum
1070 954 1194 992 palude,
1219 964 1320 994 quain
1347 954 1530 985 lectionem

824 1003 880 1033 Fr.
896 1003 1128 1034 Hotomannus
1142 1004 1368 1043 recipiendam
1386 1003 1530 1044 putavit,

824 1053 902 1092 quia
918 1053 1032 1083 statim
1051 1053 1158 1084 Coesar
1180 1054 1341 1084 ulteriores
1354 1054 1447 1084 sileas
1462 1063 1529 1085 me-

825 1106 948 1133 moret.
985 1103 1059 1133 Nos
1074 1107 1200 1141 autem,
1215 1107 1358 1142 utraque
1373 1102 1531 1141 admissa,

825 1151 1002 1182 scribimus
1026 1153 1035 1168 ‘
1053 1151 1180 1182 Locum
1207 1152 1326 1182 castris
1357 1152 1530 1182 excelsum

823 1200 857 1230 in
886 1200 984 1239 silva,
1008 1200 1174 1240 impedita
1200 1201 1449 1232 circumdatum
1473 1211 1531 1242 pa-

824 1250 926 1281 lude.‘
969 1250 1027 1282 Sic
1053 1260 1083 1282 c.
1108 1253 1159 1282 14.
1183 1252 1191 1267 ‘
1209 1251 1368 1291 paludem
1391 1251 1532 1292 impedi-

825 1301 904 1332 tam'
929 1301 1028 1332 dixit.
1066 1302 1152 1333 Cum
1168 1307 1280 1333 tamen
1298 1303 1434 1343 plurimi
1447 1303 1530 1334 Mss.

825 1355 861 1381 et
891 1351 999 1382 Editt.
1027 1355 1111 1381 vett.
1140 1352 1238 1382 Rom.
1265 1353 1351 1382 Ven.
1369 1353 1534 1384 Beroald-

825 1400 1008 1431 exhibeaut
1038 1401 1242 1440 circumdata,
1274 1402 1387 1442 potius
1415 1403 1531 1443 legen-

825 1450 904 1480 dum
927 1451 1147 1482 existimarim
1174 1451 1273 1482 Iocum
1299 1452 1411 1482 castris
1433 1453 1531 1483 excel-

824 1510 891 1531 sum
918 1502 951 1531 in
976 1501 1052 1532 silva
1079 1502 1240 1541 impedita,
1265 1502 1456 1533 circumdata
1475 1513 1532 1543 pa·

824 1552 905 1590 lude,
919 1552 1080 1591 delegisse.
1127 1552 1229 1583 Certe
1245 1561 1274 1583 c.
1294 1555 1343 1583 18.
1367 1553 1464 1583 silvas
1476 1563 1532 1584 vo-

825 1602 915 1632 cavit
930 1601 1193 1642 impedicissimas.
1218 1603 1333 1633 Datis.
1380 1603 1431 1633 Ex
1448 1603 1532 1635 Mss.

826 1652 1045 1692 plurimorum
1081 1662 1259 1691 consensu,
1294 1653 1452 1683 existimo
1486 1654 1532 1684 le-

825 1702 984 1742 gendum,
1001 1702 1112 1733 Locum
1130 1703 1244 1733 castris
1258 1704 1411 1734 excelsum
1426 1704 1459 1733 in
1477 1704 1532 1734 sil·

824 1762 878 1791 va,
892 1753 1043 1792 impedita
1057 1754 1247 1798 cirfumdata
1261 1755 1384 1794 palude.
1430 1754 1532 1786 Codi-

825 1811 882 1833 ces
913 1803 1077 1841 nonnulli,
1104 1803 1253 1842 z‘mpedita
1282 1802 1531 1835 circumdatum

821 1853 945 1892 palude.

823 1902 986 1943 impedita,
1023 1902 1215 1933 circumdata
1245 1903 1367 1943 palade.

824 1962 944 1993 parum
958 1952 1114 1984 interest.
1160 1953 1317 1984 Priorem
1334 1958 1449 1985 tamen
1464 1954 1532 1986 lec-

825 2004 952 2034 tionem
970 2003 1129 2044 praefero.
1178 2005 1288 2036 Clark.
1342 2004 1404 2035 Uti
1429 2005 1530 2045 vulgo

825 2054 949 2093 editur,
965 2054 1093 2084 diserte
1110 2053 1276 2085 exhibent
1288 2053 1408 2094 optimi
1421 2054 1530 2086 Codd.

824 2102 978 2134 Andinus
997 2109 1032 2134 et
1050 2103 1268 2135 Oxoniensis.
1315 2104 1433 2134 Ceteri
1458 2107 1530 2134 tum

823 2154 977 2194 aliorum,
994 2159 1065 2186 tum
1090 2155 1156 2185 mei
1179 2159 1215 2185 et
1241 2153 1328 2185 Edd.
1354 2154 1473 2194 primae
1495 2154 1531 2185 in

823 2205 914 2245 silva,
927 2205 1118 2237 circumdata
1130 2206 1255 2246 palude.
1300 2204 1401 2236 Unde
1415 2205 1530 2245 legen-

825 2255 904 2286 dum
920 2265 995 2287 esse
1012 2255 1140 2296 liquido
1157 2255 1299 2295 adparet
1320 2254 1354 2287 in
1378 2255 1469 2294 silva,
1484 2254 1530 2285 in-

822 2308 930 2348 pedica
957 2308 1193 2347 circumlatum,
1220 2307 1275 2338 vel
1300 2307 1328 2338 si
1354 2307 1461 2338 mavis
1484 2306 1528 2338 ob

825 2358 1045 2399 plurimorum
1062 2358 1226 2390 Codicum
1243 2367 1445 2389 consensum
1468 2358 1530 2388 cir-

824 2410 966 2441 cumdata
989 2411 1112 2450 palude.
1157 2410 1224 2441 Sed
1250 2419 1364 2441 rursus
1390 2409 1468 2440 nolo
1490 2408 1527 2439 id

825 2464 968 2501 mutare,
994 2461 1073 2502 qnia
1099 2464 1213 2500 potest
1237 2459 1338 2490 facile
1365 2459 1407 2490 ad
1430 2460 1528 2488 locum

826 2509 959 2541 referri.
1003 2511 1123 2541 Solent
1150 2511 1236 2541 enim
1263 2510 1429 2550 palustria
1455 2516 1528 2539 esse

824 2560 858 2591 in
873 2561 955 2600 ipsis
972 2561 1074 2592 silvis.
1120 2561 1220 2592 Unde
1238 2560 1359 2591 crebro
1378 2560 1527 2599 jungun-

822 2615 882 2641 ,tnr
896 2611 980 2642 silcae
993 2612 1175 2652 paludesque
1185 2623 1195 2642 .·
1217 2618 1252 2642 et
1267 2620 1314 2643 v1.
1327 2614 1379 2641 34.
1394 2610 1426 2640 in
1442 2610 1527 2641 Mss-

826 2661 1047 2701 quibnsdam;
1083 2663 1092 2679 ‘
1111 2667 1170 2693 aut
1201 2662 1283 2691 locis
1313 2659 1525 2690 silvestribus

824 2711 919 2750 palus
943 2711 1120 2752 inpedita.'
1178 2712 1299 2742 Posset
1321 2709 1469 2750 alioquin
1492 2718 1527 2740 e·

824 2760 906 2803 tiam
929 2762 1034 2793 scribi
1061 2762 1233 2802 inpeditum
1256 2761 1453 2806 circumdatq
1470 2769 1525 2801 pe·

990 1853 1151 1883 Davisius
1181 1853 1372 1893 distinguit,
1398 1854 1432 1884 in
1451 1855 1531 1886 silva

1428 1903 1532 1936 Quod
