1818 3131
240 186 354 228 1:272

238 295 424 330 agnoscunt
441 300 556 321 vocem
573 291 706 325 1nenda,-
734 290 824 330 quod
849 290 942 322 vide-

235 346 291 371 tur
319 342 485 371 intrusum
508 340 548 370 ad
568 349 701 370 sensum
717 338 938 372 fulciendum.

233 390 302 420 Sed
328 390 366 419 ad
396 394 494 420 notat
526 391 624 429 opud:
647 390 696 421 uti
722 391 844 423 crebro
873 394 881 410 ‘
897 393 938 424 ad

237 441 404 471 Cacsarem
433 439 531 478 esse,'
563 440 625 471 ‘ad
658 442 847 474 exercitum
873 453 941 473 ma-

236 489 341 520 nere!
387 489 475 521 Vide
490 489 532 521 ad
549 500 573 522 1.
588 494 638 523 31.
667 501 721 524 111.
736 495 768 524 9.
786 496 838 524 38.
883 494 939 525 Sic

236 540 319 570 Μῦς.
349 539 485 580 quidam
513 541 599 572 libro
631 551 679 574 vi.
720 545 751 574 8.
794 544 938 575 ‘turmis

236 590 394 629 pramidio
432 591 474 622 ad
509 592 744 633 inpedimenta
781 594 939 625 relicus:'

236 640 338 679 vulgo
355 641 503 672 dimissis.
550 642 711 674 Ceterum
725 643 807 674 Mss.
824 654 940 675 omnes

235 691 358 722 τελεΐον
373 690 492 730 στίγμα
510 698 639 733 ponunt
654 703 721 724 non
733 698 809 734 post
818 693 942 734 suerat,

237 741 295 772 sed
312 747 388 782 pust
404 742 531 774 relictis.

281 801 336 822 ιιι.
366 795 380 823 l
412 793 580 833 Impar-atis
592 793 799 834 disiectisque]
823 794 863 824 ln
877 795 943 834 pri-

234 851 288 872 mo
306 846 342 872 ct
372 843 523 873 secundo
547 844 658 883 Rong.
687 849 723 874 et
749 844 872 875 Petav.
902 854 942 875 ac

235 892 348 922 Palat.
377 891 476 922 codd.
506 899 582 924 erat
607 893 790 934 dejectisque
821 905 943 936 perpe-

236 951 320 972 ram.
379 942 541 982 Nugatur
580 943 830 981 Hotomannus,
865 955 942 977 cum

235 991 363 1030 (insectis
381 1002 494 1024 veram
508 994 689 1025 lectionem
720 1000 838 1035 putat:
867 996 942 1036 ipse

236 1052 353 1074 sensus
387 1045 562 1076 reclamat.
607 1045 740 1077 Vossius.
801 1047 942 1084 Dlsoctis

236 1094 321 1124 Mss.
338 1094 502 1135 Stephan.
521 1096 645 1127 Audin.
663 1102 697 1128 et
727 1097 838 1128 Oxou.
865 1106 943 1128 cou-

238 1142 384 1182 firmant,
399 1149 434 1176 ct
449 1146 636 1178 Rhellican.
659 1147 732 1186 jum
744 1147 807 1187 legi
823 1147 940 1178 voluit.

238 1193 352 1225 Ceteri
380 1195 540 1235 Codices,
567 1201 603 1226 et
644 1197 731 1227 Edd.
761 1198 856 1228 Vett.
888 1198 943 1228 lia-

236 1243 320 1275 bent
357 1245 497 1284 deiectis,
533 1246 633 1277 obvio
660 1256 774 1278 errore
806 1257 867 1287 pro
897 1250 943 1279 di-

229 1294 323 1333 jectis
347 1305 405 1326 seu
425 1296 563 1334 disjectis
584 1297 605 1327 i.
623 1307 652 1328 e.
669 1297 854 1338 dissipatis,
877 1298 943 1329 dis-

237 1346 366 1386 persis;
398 1347 481 1377 licet
512 1347 639 1385 dejectis
669 1352 790 1379 notare
815 1354 942 1388 posset,

238 1396 397 1435 turbatis,
430 1397 520 1438 quod
559 1397 700 1428 consilio
727 1408 786 1429 suo
819 1403 855 1430 et
882 1408 943 1439 spe

237 1446 442 1478 deciderint.
487 1447 627 1478 Detrilis
650 1448 783 1489 Lipsius
801 1449 875 1479 libri
893 1450 943 1480 sui

239 1506 309 1527 orae
334 1497 522 1530 adleverat.
570 1499 627 1530 M!
652 1505 757 1531 muta.
800 1501 856 1532 Sic
883 1501 944 1532 (ta-

238 1547 310 1587 pite
336 1551 368 1580 7.
418 1549 666 1581 ‘pabulatione
703 1560 781 1581 cum
823 1551 944 1592 exigua

240 1602 311 1628 tum
327 1598 500 1640 disjecta:'
529 1600 587 1631 ubi
604 1601 722 1632 itidem
750 1602 784 1632 in
812 1602 944 1642 quibus-

239 1647 317 1680 dam
333 1650 462 1687 dejecta.
486 1660 516 1681 c.
546 1654 597 1682 10.
625 1652 634 1668 ‘
650 1652 749 1683 Raris
775 1653 945 1693 disjectis-

240 1709 306 1740 que
323 1700 502 1732 aedificiis:
550 1702 649 1734 Adde
676 1703 730 1734 111.
752 1704 796 1735 N.
824 1704 944 1734 Heius.

239 1750 282 1781 ad
305 1751 408 1783 Ovid.
428 1752 514 1783 Met.
532 1762 587 1784 111.
604 1756 678 1784 726.
701 1755 859 1786 ‘Trunca
885 1755 944 1786 sed

240 1802 426 1833 ostendens
448 1804 588 1842 disiectis
603 1813 744 1845 corpora
763 1805 946 1836 membris.'

281 1854 300 1882 2
325 1852 474 1883 Accidere
493 1853 564 1891 fuit
592 1854 726 1894 necesse]
751 1855 880 1885 Vocem
896 1866 945 1886 ‹zc-

238 1902 341 1933 cidere
356 1903 471 1934 nescio
499 1904 594 1944 cujus
621 1904 764 1935 audacia
791 1905 945 1936 omissam

240 1962 380 1994 repono,
416 1954 552 1994 quando
593 1959 790 1985 constanter
831 1964 946 1987 omues

240 2003 323 2034 Mss.
359 2013 433 2034 eam
475 2009 675 2045 agnoscunt.
734 2006 780 2036 Et
811 2006 945 2037 Hirtius

241 2064 334 2094 saepe
366 2054 519 2086 imitatur
546 2055 689 2086 Caesaris
714 2056 862 2097 phrasin,
890 2056 948 2098 qui

241 2103 283 2135 de
302 2103 394 2135 bello
411 2105 503 2136 civil.
529 2116 558 2136 c.
576 2110 627 2137 85.
653 2107 717 2137 ait:
752 2107 947 2139 ‘Accidisse

241 2153 345 2194 igitur
360 2155 423 2195 his,
439 2156 528 2196 quod
545 2157 746 2199 plerumque
759 2158 948 2190 hominibus

241 2204 344 2236 nimia
382 2206 573 2246 pertinacia
613 2211 717 2248 atque
753 2209 948 2249 arrogantia

241 2255 398 2286 accidere
430 2257 560 2288 soleat!
620 2257 711 2290 Quin
746 2256 836 2289 infra
873 2259 947 2299 ipse

241 2305 399 2338 Hirtius:
445 2307 658 2340 ‘Accidebat
688 2314 802 2339 autem
837 2310 947 2350 quoti-

242 2355 352 2387 dianis
368 2357 657 2398 pabulationibus,
680 2359 713 2389 id
743 2359 833 2400 quod
858 2360 946 2392 acci-

241 2405 322 2438 dere
339 2412 413 2439 erat
429 2409 593 2447 necesse,’
621 2411 686 2440 ἃς.
711 2409 825 2450 itaque
842 2416 877 2442 et
893 2411 947 2442 hic

241 2457 352 2490 scribe
379 2459 556 2490 ‘accidere
581 2458 645 2491 fuit
672 2459 833 2492 necesse!
876 2461 947 2492 Vos-

240 2508 319 2540 sius.
364 2509 492 2540 Vocem
510 2510 661 2549 accidere,
678 2521 779 2552 quam
795 2511 949 2553 Scaliger

243 2559 367 2600 aliique
394 2570 572 2601 perperam
599 2561 796 2603 omiserant,
820 2562 948 2602 optime

242 2618 285 2640 ex
301 2610 387 2642 Mss.
407 2611 557 2642 restituit
572 2611 722 2642 Vossius.
768 2611 885 2653 Atque
902 2613 949 2644 in-

244 2659 297 2692 fra
330 2662 379 2693 ita
410 2662 561 2704 loquitur
587 2662 740 2702 Hirtius;
785 2663 826 2694 dc
859 2663 949 2696 bello

243 2711 336 2743 Gall.
360 2721 439 2744 vlu.
469 2716 520 2746 10.
547 2712 763 2745 ‘Accidebat
778 2718 949 2754 autem,—

243 2760 275 2791 id
294 2761 382 2803 quod
401 2763 538 2795 accidere
553 2768 628 2796 erat
650 2764 812 2798 necesse?
839 2765 946 2799 Clark.

697 196 838 226 No'rAE
876 197 1092 229 VAffloRo
1104 199 1134 228 Μ
1171 199 1222 228 ΙΝ

993 292 1160 323 Revocavi
1178 302 1254 322 cum
1270 291 1352 322 *siris
1366 291 1476 324 (locris
1490 293 1629 324 verbnm
1640 303 1693 326 40-

990 341 1103 378 cidere,
1119 342 1209 382 quod
1226 342 1355 373 addunt
1382 347 1453 373 tum
1478 342 1566 374 Edd.
1593 343 1693 376 Vett-

992 396 1062 422 tum
1080 393 1163 422 Mas.
1180 402 1294 423 omnes
1312 397 1439 432 praeter
1463 392 1599 424 unicum
1625 394 1696 425 Ox-

991 442 1181 472 ouiensem:
1211 448 1248 474 ut
1275 452 1307 473 v.
1335 446 1386 473 39.
1417 443 1425 458 ‘
1443 443 1532 474 Huic
1561 452 1696 485 quoque

993 493 1131 532 accidit,
1158 495 1246 535 quod
1272 494 1336 526 fuit
1354 495 1519 527 necesse!
1565 495 1697 527 Nihilo·

991 543 1099 573 minus
1116 544 1301 583 pleniorem
1319 546 1521 576 locutionem
1535 544 1695 585 praefero·

991 592 1078 622 Vide
1103 593 1145 623 ad
1177 602 1198 624 ι.
1223 597 1277 625 44.
1300 601 1336 626 et
1363 605 1401 626 ιι.
1431 598 1460 627 9.
1493 602 1500 613 “
1518 596 1696 635 Facerem,

993 643 1081 682 quod
1099 644 1203 674 nostri
1223 645 1366 684 majores
1393 645 1570 677 feceruut)
1592 655 1616 677 1.
1639 649 1695 687 4⁴¹·

992 693 1000 707 ‘
1020 693 1120 725 Quod
1146 695 1337 724 exercitum
1359 695 1391 725 in
1422 696 1535 726 Gallia
1563 696 1701 736 habeat,

994 743 1045 773 sui
1071 744 1286 784 opprimendi
1314 754 1431 775 caussa
1455 745 1606 777 habere!
1650 747 1702 777 Si-

994 793 1072 824 mile
1091 793 1177 824 int'ra
1201 804 1231 825 c.
1257 798 1309 826 24.
1339 797 1347 811 ‘
1363 796 1416 827 Ne
1441 795 1549 826 simile
1576 795 1699 827 incom-

994 843 1127 874 modum
1146 844 1332 884 accideret,
1348 855 1386 876 ac
1411 846 1626 886 Tergestinis
1646 855 1701 877 ac·

995 892 1157 924 emisset!
1203 895 1244 925 B.
1271 896 1307 925 C.
1326 904 1349 925 1.
1376 897 1428 926 19.
1456 896 1560 927 ‘Idne
1586 896 1701 935 fieret,

994 942 1118 975 fiebat?
1164 945 1285 976 Paullo
1313 946 1412 977 aliter
1436 955 1475 977 ac
1502 946 1556 977 hic
1583 956 1617 977 v.
1645 948 1699 978 33.

993 994 1002 1010 ‘
1017 994 1168 1032 Accidit,
1181 996 1269 1036 quod
1283 995 1357 1027 fieri
1376 1006 1516 1028 neccsse
1535 996 1631 1028 erat-¹

1037 1047 1056 1074 4
1083 1044 1164 1074 Illud
1202 1047 1330 1085 vulgare
1364 1047 1548 1078 incursionis
1576 1047 1702 1087 signum

995 1094 1145 1134 hostium]
1186 1096 1343 1135 Trajecta
1371 1098 1475 1128 verba
1509 1107 1551 1129 ex
1589 1098 1700 1138 primo

995 1144 1160 1185 Bongars.
1179 1150 1214 1176 et
1239 1146 1358 1177 Petav.
1381 1147 1480 1179 codd.
1501 1148 1549 1179 ita
1566 1148 1700 1188 ordino,

995 1195 1217 1226 ‘incursionis
1259 1197 1402 1228 hostium
1439 1198 1606 1238 sigum?
1638 1208 1701 1239 pro

995 1255 1122 1277 wiffare
1152 1248 1185 1277 in
1218 1248 1366 1279 secundo
1398 1254 1450 1280 est
1473 1248 1610 1288 fugare:
1636 1250 1701 1281 Ms.

995 1301 1100 1327 nostr.
1118 1296 1252 1334 sulen-(e.
1296 1298 1429 1330 Vossius.
1476 1300 1558 1330 Illud
1574 1301 1703 1340 tulgare

995 1345 1181 1377 incursionis
1209 1349 1334 1386 signum
1359 1348 1504 1387 hostium,
1534 1350 1626 1390 quod
1654 1351 1702 1380 in-

996 1395 1113 1426 cendiis
1137 1397 1339 1438 odilia-iorum
1371 1399 1506 1438 intelligi
1536 1400 1703 1432 emuna-it„

997 1445 1092 1486 Lego
1121 1447 1197 1478 illud
1220 1447 1403 1479 incursionis
1418 1449 1551 1480 hostium
1566 1450 1705 1489 signum,

996 1506 1071 1537 quae
1100 1497 1261 1537 incendiis,
1294 1501 1346 1539 ὅτ.
1393 1499 1488 1531 Ordo
1521 1500 1702 1532 verborum

996 1552 1049 1578 est
1075 1558 1095 1578 a
1124 1548 1244 1580 Petav.
1271 1550 1436 1590 Bongars.
1461 1560 1511 1590 pr.
1536 1551 1703 1591 Gotlorp.

995 1597 1092 1629 Voss.
1124 1599 1288 1638 Egmond.
1335 1600 1404 1631 Sed
1433 1611 1500 1641 quae
1525 1601 1619 1632 nobis
1646 1601 1702 1633 de-

996 1647 1113 1686 betur3
1141 1659 1215 1680 nam
1232 1660 1417 1691 pronomen
1433 1652 1474 1682 ad
1497 1653 1700 1684 incursionem

997 1699 1136 1730 videtur
1153 1699 1381 1732 referendum.
1408 1702 1522 1734 Daris.
1546 1712 1616 1734 cur.
1632 1712 1702 1735 scc-

998 1749 1094 1780 Ordo
1126 1750 1183 1780 illa
1202 1751 1392 1782 *verborum
1422 1752 1557 1783 hostium
1581 1753 1707 1792 signum

997 1804 1049 1829 cst
1065 1800 1165 1834 ctiam
1184 1801 1218 1832 in
1245 1802 1418 1843 plerisque
1445 1802 1528 1833 meis
1555 1807 1592 1834 et
1615 1802 1706 1835 Edd.

999 1851 1153 1890 uetustis,
1170 1851 1228 1882 scd
1248 1862 1312 1883 non
1342 1853 1374 1882 in
1402 1853 1518 1894 Cujac.
1537 1853 1633 1885 Leid.
1652 1863 1704 1894 pr.

997 1905 1032 1930 ct
1063 1902 1174 1932 Oxou.
1219 1901 1268 1932 At
1295 1902 1326 1932 iu
1356 1903 1522 1934 Vossiano
1550 1903 1659 1944 primo
1686 1914 1707 1937 a

997 1959 1098 1981 manu
1130 1951 1238 1991 prima
1262 1957 1315 1984 est
1342 1953 1576 1985 incursionibus.
1622 1954 1708 1996 Opi·-

998 2010 1070 2040 nor,
1097 2002 1245 2033 Hirtium
1264 2003 1439 2044 scripsisse
1467 2005 1556 2043 illud,
1579 2006 1707 2045 vulgare

1000 2051 1182 2091 incursioni,
1197 2054 1320 2092 signum
1342 2054 1488 2093 hostium,
1514 2056 1592 2095 quod
1618 2056 1709 2088 scili.-

1001 2106 1072 2140 cct,
1088 2104 1194 2134 adesse
1221 2105 1331 2134 hostes.

999 2158 1119 2184 contra
1137 2153 1225 2185 Mss.
1248 2156 1328 2195 quod
1349 2155 1381 2185 in
1407 2165 1473 2195 ⁴1²¹ae
1497 2162 1642 2194 mutem;
1669 2161 1709 2188 ut

1000 2202 1083 2235 facit
1121 2205 1295 2236 Davisius.
1363 2206 1501 2245 Vulgare
1541 2207 1709 2239 incursioni

999 2261 1097 2288 notat
1113 2257 1160 2297 id,
1186 2258 1276 2298 quod
1302 2259 1335 2289 in
1361 2258 1612 2290 incursionibus
1636 2260 1707 2300 ples

999 2317 1141 2350 rumque
1171 2309 1325 2340 adhiberi
1353 2310 1449 2341 solet.
1495 2309 1523 2341 S
1546 2315 1659 2342 autem
1686 2319 1705 2341 e

999 2366 1068 2399 seq.
1094 2368 1176 2390 voce
1199 2359 1323 2399 signum
1339 2358 1439 2391 facile
1457 2359 1631 2392 adhaerere
1647 2368 1704 2400 po-

1000 2409 1074 2440 tuit.

1041 2463 1062 2491 6
1089 2460 1226 2492 Caesaris
1241 2462 1275 2492 id
1290 2460 1373 2501 erat]
1410 2461 1574 2492 Voculam
1595 2460 1630 2491 id
1650 2470 1707 2491 ex-

999 2519 1127 2552 pungo,
1138 2512 1236 2543 nixus
1249 2511 1456 2543 auctoritate
1466 2510 1614 2552 quinque
1623 2511 1658 2542 M
1664 2520 1706 2543 ss.

1000 2563 1097 2603 prim.
1115 2573 1184 2596 sec.
1202 2568 1284 2595 tert.
1302 2564 1412 2604 Bong.
1441 2563 1517 2593 Pet.
1539 2572 1579 2594 ac
1603 2562 1704 2593 Pala.-

1002 2613 1076 2646 tini.
1110 2614 1244 2645 Vossius.
1291 2615 1399 2645 Deest
1416 2622 1548 2654 quoque
1566 2613 1599 2643 in
1621 2613 1706 2644 Mss.

1003 2664 1086 2705 Reg.
1101 2670 1136 2695 et
1149 2665 1276 2696 Eliens.
1310 2664 1416 2695 Clark.
1475 2663 1585 2694 Nimis
1610 2663 1708 2695 obse-

1001 2719 1163 2755 quentem
1183 2713 1248 2745 sibi
1276 2713 1418 2745 Vossius
1442 2712 1560 2744 habuit
1573 2712 1707 2746 Clarki·

1001 2773 1068 2806 um,
1083 2763 1248 2806 ejiciendo
1263 2763 1301 2795 τὸ
1316 2764 1366 2797 id:
1393 2772 1592 2806 quamquam
1618 2763 1704 2797 fate-

1379 2104 1457 2135 Non
1472 2111 1601 2136 temere
1618 2106 1708 2137 enim
1727 2117 1730 2119 ’
