1818 3131
296 193 387 222 1213.
423 191 528 221 viu.
560 189 668 218 GAP.
699 179 769 219 24.
806 189 867 219 uu
902 189 1054 219 nunno
1087 190 1315 219 cantico.

79 286 110 314 ῦ.
128 288 136 301 ⁶
155 283 309 314 l’raeerat
325 280 460 313 Aruns!

123 335 162 364 11
199 332 421 372 Lemonemque
452 340 516 370 xn,
545 339 611 370 quta:
641 338 710 359 eum
744 338 777 359 eo

74 383 184 421 ficerat
202 383 233 413 in
245 382 394 419 hibernis,
412 383 444 412 in
470 382 620 419 Togatam
641 378 778 409 Galliam

79 432 195 472 mittit]
214 433 295 463 Mss.
313 441 425 462 omues
442 433 637 462 constanter
652 428 779 459 habent

81 491 148 514 xn.
189 482 390 513 ciacconius
413 485 447 511 et
484 480 627 510 Ursinus
660 479 778 517 legunt

80 533 228 571 legionem
252 539 300 562 iv.
316 539 382 562 non
404 530 456 560 hic
474 529 586 566 modo,
603 537 717 558 verum
744 532 776 558 ct

78 581 113 612 in
127 580 194 611 tine
210 580 306 620 hujiis
327 578 417 618 libri,
434 579 490 610 ubi
507 579 634 609 dicitur
649 589 656 608 ε
681 581 689 595 ‘
707 579 778 609 Cas-

79 639 134 662 sar
149 635 276 669 tamen,
290 639 390 671 quum
409 629 450 660 dc
468 630 643 659 voluntate
660 629 778 659 adver-

77 680 241 712 sariorum
273 681 397 711 nemini
426 679 564 710 dubium
587 683 689 717 esset,
714 680 776 709 Cn.

79 732 244 772 Pompeio
276 731 442 769 legionem
486 730 627 767 remisit,
664 734 699 760 et
735 739 777 760 cx

77 790 294 812 suonumero
319 789 378 811 xv.
404 790 504 821 quam
535 780 567 810 iu
591 779 703 810 Gallia
733 780 778 810 ci-

79 830 205 861 teriore
241 829 416 870 habuerat,
453 839 495 861 cx
541 830 574 861 S.
611 829 649 860 C.
676 829 778 870 jubet

76 880 232 912 transdi!
255 881 321 913 Sed
338 883 401 913 hoc
418 882 492 913 loco
509 890 568 922 pro
586 889 646 911 xv.
659 881 691 911 in
710 889 777 911 sec.

79 930 173 961 Msto
203 931 434 969 Bongarsiano
451 935 504 961 est
520 939 610 962 xrv.:
644 930 778 967 vitiose,

78 978 213 1020 quando
251 980 341 1010 illam
380 980 544 1021 Pompeio
580 979 778 1010 transditam

78 1038 144 1060 non
171 1028 288 1067 fuisse,
320 1029 372 1059 vel
396 1030 473 1060 hinc
500 1029 678 1060 manifeste
703 1038 779 1059 con-

79 1083 161 1117 stet,
179 1079 268 1120 quod
285 1079 401 1110 babuit
423 1088 497 1109 cam
522 1080 636 1109 Caesar
650 1079 684 1109 in
701 1079 778 1109 His-

78 1128 189 1168 pania,
215 1132 251 1158 et
276 1128 382 1168 primo
404 1128 447 1158 de
474 1127 570 1157 Bello
595 1127 694 1158 Civili
717 1127 777 1161 ait,

76 1178 224 1209 occisum
241 1187 283 1209 ex
300 1178 367 1208 suis
391 1176 493 1208 fuisse
514 1178 557 1210 Q.
575 1178 778 1218 Fnginium,

75 1230 85 1245 ⁴
103 1237 146 1259 cx
162 1229 270 1269 primo
285 1228 419 1259 hastato
434 1229 576 1269 legionis
593 1228 681 1259 xnu'
712 1228 778 1260 Sed

78 1287 199 1309 caussa
226 1277 427 1308 emendandi
449 1277 515 1309 fuit
537 1279 718 1310 Ciacconio
743 1282 779 1309 et

78 1328 213 1367 Ursino,
228 1328 316 1369 quod
334 1327 389 1358 liic
411 1327 536 1359 dicitur
559 1329 648 1367 legio
664 1337 730 1358 ΧΠ.
747 1328 778 1358 in

80 1377 274 1410 citeriorem
307 1378 451 1408 Galliam
483 1377 595 1413 missa,
623 1376 709 1407 infra
732 1377 780 1407 ait

81 1427 213 1459 Hirtius
228 1428 395 1467 legionem
406 1436 463 1458 xv.
473 1427 507 1457 in
523 1427 680 1457 citeriore
698 1426 780 1458 Gal-

78 1478 125 1508 lia
157 1477 273 1516 fuisse,
314 1487 352 1508 ac
391 1476 556 1517 Pompeio
588 1486 607 1506 a
645 1477 779 1507 Ca’sare

79 1527 293 1559 transditam.
338 1526 384 1558 At
400 1527 473 1568 ipse
491 1527 604 1557 Caesar
620 1525 663 1557 de
682 1525 780 1557 Bello

79 1577 180 1609 Civili
197 1585 253 1608 nr.
272 1580 323 1607 88.
341 1577 408 1608 ait:
434 1578 442 1593 ‘
462 1577 569 1607 Erant
592 1577 624 1606 iu
645 1576 781 1607 sinistro

82 1635 188 1658 cornu
205 1627 353 1667 legiones
377 1627 453 1657 duae
479 1626 655 1657 transditae
672 1636 691 1656 a
707 1626 781 1657 Cae-

83 1686 158 1709 sare
174 1677 271 1708 initio
288 1677 516 1717 dissensionis,
535 1686 576 1707 ex
592 1677 626 1707 S.
643 1677 683 1708 C.
702 1686 782 1717 qua-

83 1737 156 1757 rum
172 1736 238 1758 una
254 1727 373 1767 prima,
390 1727 499 1758 altera
515 1727 618 1758 tertia
633 1727 782 1767 appella-

82 1777 184 1808 batur
198 1776 218 1807 :'
246 1782 364 1808 contra
377 1778 530 1808 Lucanus
547 1777 569 1807 1.
595 1786 660 1807 vn.
686 1776 696 1793 ‘
712 1786 783 1807 cor-

83 1836 145 1858 nus
174 1827 235 1858 tibi
260 1837 343 1859 cura
366 1827 493 1858 sinistri
519 1827 677 1866 Lentule,
705 1836 782 1858 cum

84 1878 205 1918 prima,
230 1887 307 1919 quae
337 1882 408 1909 tum
435 1875 502 1908 fuit
527 1877 657 1918 optima
680 1876 782 1916 bello,

84 1927 130 1958 Et
152 1932 272 1968 quarta
297 1927 429 1968 legione
456 1927 578 1959 datur.'
618 1927 782 1958 Lentulus

83 1977 189 2018 igitur
205 1977 323 2018 primae
340 1977 465 2018 legioni
489 1982 524 2009 et
547 1981 677 2018 qnartae
701 1986 784 2017 prae-

85 2027 226 2069 positus.
283 2028 328 2059 Et
358 2037 438 2059 sane
469 2027 617 2059 arbitror
643 2036 783 2066 corrup-

86 2082 156 2109 tum
185 2078 219 2108 in
248 2077 383 2108 Caesare
413 2087 601 2108 numerum.
650 2077 696 2108 Ut
727 2076 783 2108 vix

85 2127 223 2158 dubium
254 2126 441 2167 relinquam
469 2127 562 2166 mihi,
594 2127 674 2168 quin
704 2136 786 2158 vera

85 2176 309 2208 observarint.
351 2177 482 2208 Vossius.
528 2177 622 2208 Nihil
653 2176 785 2207 variant

86 2236 219 2268 quoque
244 2226 309 2257 mei
333 2227 492 2264 codices;
517 2226 579 2257 nisi
597 2226 686 2267 quod
709 2235 784 2257 cuni

86 2277 158 2307 aliis
182 2280 219 2308 et
245 2276 332 2307 Edd.
357 2277 475 2317 priscis
502 2276 649 2307 habeant
675 2276 785 2315 Legio-

84 2336 154 2359 nem
168 2330 282 2367 autem,
296 2331 423 2367 praeter
439 2327 559 2358 Petav.
576 2327 692 2368 Cujac.
707 2328 786 2358 Sca-

87 2377 144 2418 lig.
170 2376 265 2408 Leid.
282 2386 333 2416 pr.
351 2376 440 2407 And.
458 2382 493 2409 et
508 2378 620 2409 Oxou.
637 2377 671 2408 in
689 2377 784 2408 Leid.

87 2420 170 2459 tert.
186 2431 223 2458 et
240 2427 302 2458 Ed.
319 2427 390 2458 Ine.
415 2428 563 2466 legionem
586 2436 651 2459 ΧΠ.
666 2428 786 2459 undeci-

87 2483 167 2509 mam
191 2477 278 2508 libro
300 2487 360 2508 suo
376 2477 504 2508 adlevit
524 2477 672 2518 Lipsius,
694 2476 785 2518 quod

89 2526 170 2568 quid
184 2527 247 2558 sibi
264 2528 357 2566 velit,
372 2527 494 2559 nescio.

131 2580 172 2609 14
194 2577 381 2609 Decursione
410 2575 620 2616 barbarorum]
654 2575 710 2607 Ita
737 2585 786 2606 re-

91 2627 203 2667 posuit
222 2627 383 2668 Scaliger.
424 2626 478 2658 An
511 2630 614 2663 recte,
643 2625 786 2666 disquiri

90 2676 212 2708 merito
231 2678 349 2718 possit.
392 2677 504 2708 Antea
526 2676 690 2717 scriptum
713 2679 787 2706 erat

90 2727 127 2759 de
139 2727 323 2759 incensione.
367 2727 408 2758 Iu
424 2727 616 2759 Petaviauo
632 2726 706 2759 cod.
722 2731 787 2764 est,

177 2779 294 2820 Delph.
309 2782 338 2812 et
358 2780 432 2813 Var.
450 2780 536 2812 Clas.

762 2779 870 2812 Cccsur

1412 180 1524 221 1297

828 281 865 310 dc
888 282 1092 320 concursione,
1107 282 1140 312 in
1158 281 1260 312 tertio
1275 281 1439 321 Bongars.
1463 282 1525 312 dis-

828 332 982 361 cursione:
1021 336 1120 372 atque
1156 333 1204 362 ita
1232 331 1364 371 Lipsius
1394 330 1527 362 edidit:

829 380 977 409 secundo
992 382 1172 411 dircrsione.
1198 380 1330 410 Primus
1347 384 1458 411 tamen
1471 389 1527 411 co·

828 427 894 458 dex
910 429 1015 459 habet
1035 431 1221 460 decursione.
1270 430 1450 461 Veteribus
1475 431 1527 461 de-

828 478 926 508 cursio
965 484 1104 509 vocatur
1141 485 1297 520 equestre
1342 485 1527 519 certamen,

829 527 918 568 quod
946 527 1168 566 manifestius,
1197 539 1294 569 quam
1325 536 1362 560 ut
1391 529 1529 570 probari

829 578 965 609 debeat.
1010 579 1110 609 Unde
1137 580 1290 619 'l‘acitus‚
1317 580 1359 611 de
1388 580 1530 612 Germa-

829 628 919 665 nico,
942 629 951 645 ‘
971 628 1127 669 princeps
1153 630 1270 659 honori
1298 630 1404 669 patris
1427 629 1528 660 decu-

829 677 959 708 currit.'
1005 679 1082 710 Non
1112 683 1224 709 tamen
1248 679 1333 709 hanc
1361 679 1529 710 decursio-

829 727 879 757 nis
895 737 1012 759 vocem
1039 728 1105 758 alio
1120 727 1310 767 significatu
1326 728 1414 768 apud
1437 733 1530 759 auto-

829 787 901 808 rum
929 788 1130 818 quemquam
1157 779 1271 818 legere
1301 787 1353 808 me
1380 778 1528 808 memini.

828 827 894 858 Sed
911 830 1055 859 decursus
1070 839 1130 869 pro
1146 831 1321 871 καταδρομῇ
1335 834 1531 869 usurpatur,

829 878 877 908 uti
902 888 977 909 cum
1003 881 1108 910 amnis
1136 879 1178 911 de
1206 884 1320 910 monte
1348 879 1529 910 decurrere

829 929 976 961 dicitur:
1015 933 1130 971 itaque
1158 931 1186 961 si
1214 930 1352 962 barbari
1373 922 1530 969 'Alpibus

829 978 1050 1011 decurrentes
1076 981 1292 1020 Tergestinos
1324 980 1531 1018 invaserunt,

829 1030 1068 1068 percommoda
1083 1031 1136 1061 hic
1151 1032 1295 1061 ‹leem-sus
1310 1040 1386 1061 vox.
1410 1030 1531 1060 Decur-

828 1078 873 1108 sio
888 1080 951 1109 etsi
968 1080 1028 1110 hac
1054 1080 1192 1110 notione
1215 1089 1281 1109 non
1306 1079 1456 1118 legerim,
1482 1083 1530 1108 ta·

828 1138 906 1159 men
929 1129 1120 1170 improbare
1147 1129 1318 1160 temerarii
1345 1133 1473 1168 putem,
1495 1133 1532 1158 et

829 1178 899 1218 ejus
917 1179 972 1219 qui
987 1179 1130 1218 nesciat,
1151 1182 1284 1209 veteres
1307 1182 1377 1208 tam
1399 1180 1532 1208 contem-

828 1231 879 1259 tus
895 1239 995 1269 quam
1018 1230 1192 1268 contemtio,
1209 1233 1277 1259 tam
1300 1231 1408 1258 auctus
1430 1236 1530 1267 quam

828 1279 942 1319 auctio,
953 1283 988 1309 et
998 1279 1173 1310 innumera
1186 1278 1218 1309 id
1238 1287 1343 1319 genus
1359 1277 1424 1308 alia
1437 1286 1532 1307 usur-

830 1337 939 1368 passe.
996 1329 1063 1360 Sed
1095 1329 1276 1359 incursionis
1305 1336 1423 1358 vocem
1453 1327 1532 1357 huic

830 1378 904 1408 loco
919 1379 1026 1417 magis
1048 1387 1236 1419 congruere
1256 1377 1414 1407 arbitror.
1460 1376 1534 1406 Vos-

829 1426 904 1457 sius.
937 1427 1004 1457 Ms.
1024 1428 1106 1467 Reg.
1131 1427 1330 1458 discursione.
1355 1425 1411 1456 Al.
1434 1426 1471 1456 cle
1486 1426 1532 1455 in-

830 1477 978 1508 cursione.
1015 1477 1122 1508 Clark.
1178 1476 1369 1508 Decursione
1406 1475 1534 1506 liabent

832 1535 907 1556 cum
946 1526 1055 1566 Bong.
1091 1527 1199 1568 primo
1229 1530 1266 1557 et
1293 1526 1389 1556 Voss.
1421 1524 1530 1565 primo

831 1577 928 1607 multi
944 1586 986 1608 ex
1002 1577 1095 1608 meis.
1118 1577 1194 1608 disc.
1219 1577 1317 1607 Voss.
1334 1585 1403 1607 sec.
1419 1575 1533 1606 discus-

830 1627 914 1658 sione
937 1627 1034 1659 Carr.
1076 1626 1145 1658 Sed
1160 1627 1194 1657 id
1211 1626 1301 1667 quod
1322 1631 1401 1656 ante
1430 1625 1534 1656 Scali-

832 1686 948 1716 gerum
963 1678 1061 1718 vulgo
1077 1677 1254 1716 edebatur,
1265 1679 1400 1707 servant
1414 1675 1531 1714 Cujac.

831 1725 956 1767 Scalig.
974 1727 1070 1758 Leid.
1086 1727 1186 1767 prim.
1200 1731 1281 1757 tert.
1295 1727 1420 1757 Lovan.
1434 1724 1532 1755 Gott.

831 1778 929 1808 Voss.
948 1782 1027 1808 tert.
1058 1777 1204 1808 Dorvill.
1232 1781 1267 1808 et
1288 1775 1375 1806 Edd.
1401 1775 1532 1815 primae.

832 1826 954 1867 Neque
970 1836 1122 1857 caussam
1149 1826 1262 1864 video,
1289 1835 1347 1856 cur
1372 1825 1436 1855 hoc
1463 1833 1532 1854 mu-

833 1876 899 1906 tari
916 1875 1085 1907 debuerit.
1123 1876 1173 1906 De
1189 1884 1341 1906 caussam
1357 1878 1467 1914 notat,
1483 1873 1533 1905 uti

833 1925 975 1957 dicimus
992 1936 1027 1957 ea
1048 1927 1085 1957 de
1099 1935 1205 1956 caussa
1221 1929 1256 1956 et
1277 1935 1311 1956 ea
1327 1933 1431 1956 caussa
1441 1934 1452 1960 ;
1475 1933 1534 1963 quo

825 1975 915 2014 facto
931 1982 967 2007 et
990 1987 1047 2016 quo
1062 1976 1207 2013 defucto.
1252 1974 1381 2005 Eadem
1401 1983 1534 2014 praepo-

833 2026 911 2057 sitio
939 2026 1035 2057 abest
1064 2036 1083 2057 a
1107 2025 1278 2066 plerisque
1304 2024 1388 2055 Mss.
1421 2033 1451 2055 c.
1481 2026 1534 2054 30.

833 2078 842 2093 ‘
860 2076 902 2107 de
919 2075 1124 2107 detrimento
1141 2079 1197 2106 aut
1210 2075 1331 2105 timore
1348 2072 1533 2114 provinciae

834 2135 957 2167 magna
982 2124 1121 2156 iufamia
1149 2122 1351 2165 caperetur.’
1388 2122 1536 2154 Praeter—

834 2185 933 2216 quam
972 2174 1062 2216 quod
1096 2178 1131 2205 et
1159 2172 1340 2214 aliquando
1376 2172 1535 2203 abundet.

834 2225 961 2258 Confer
977 2226 1028 2257 Cl.
1043 2226 1161 2256 Burm.
1180 2224 1221 2255 ad
1249 2224 1384 2255 Nemes.
1403 2224 1534 2263 Cyneg.

835 2285 868 2308 v.
887 2279 937 2307 17.
954 2280 990 2307 et
1008 2276 1096 2307 Prie.
1114 2275 1154 2306 ad
1171 2274 1307 2315 Apulei.
1323 2274 1345 2305 l.
1362 2282 1411 2304 lv.
1430 2283 1461 2313 p.
1479 2276 1533 2304 61.

833 2327 844 2344 ⁴
862 2326 1026 2358 solatium
1063 2326 1105 2356 de
1153 2323 1340 2356 refectione
1380 2322 1534 2354 tribues!

835 2376 959 2408 Heum.
985 2375 1028 2407 ad
1052 2377 1208 2406 Lactant.
1235 2374 1394 2414 Sympos.
1419 2382 1453 2406 v.
1481 2375 1534 2403 12.

835 2428 844 2444 ‘
864 2427 906 2458 de
921 2426 1042 2458 versu.’
1075 2427 1152 2457 Vox
1168 2434 1249 2456 vero
1271 2424 1406 2455 incursio
1421 2424 1483 2454 hac
1500 2423 1534 2453 in

837 2486 872 2507 re
899 2477 1036 2518 propria
1062 2481 1098 2507 et
1121 2475 1231 2507 ubivis
1248 2474 1348 2506 obvia
1363 2478 1427 2504 est.
1466 2472 1537 2503 No·

834 2527 882 2558 lui
907 2531 1019 2558 tamen
1044 2536 1158 2558 rursus
1179 2526 1360 2563 inmutare,
1389 2524 1464 2564 quia
1489 2523 1536 2552 vi-

836 2577 898 2608 deo
920 2577 985 2608 hoc
1008 2578 1111 2609 verbo
1133 2577 1271 2608 decursio
1296 2575 1414 2606 eodem
1435 2582 1535 2604 seusu

837 2626 880 2658 ab
896 2627 1010 2658 Hirtio
1031 2632 1229 2668 usurpatum
1254 2626 1295 2656 B.
1317 2624 1415 2655 Alex.
1433 2633 1462 2653 c.
1479 2625 1533 2654 42.

835 2676 844 2693 ‘
862 2675 916 2707 Ad
933 2676 1148 2708 decursiones
1170 2674 1340 2707 faciendas
1358 2678 1391 2704 et
1409 2672 1534 2703 bellum

836 2726 1071 2760 infereudum.'

1422 2779 1441 2806 4
1459 2775 1490 2805 N
