1818 3131
330 232 422 264 mn.
457 233 541 263 vn.
573 223 770 264 cuncto.
806 235 866 263 nn
902 235 1055 264 nunno
1087 234 1316 265 GALLlco.

99 329 109 346 ‘
129 329 156 360 1³,
169 337 266 361 numu
281 329 354 370 ejus
370 329 527 359 annulum
543 327 792 358 detraxerunt!

98 380 120 410 1.
139 383 214 411 ind.
239 381 255 420 ξ
279 383 311 410 ϋ.
334 381 342 396 ‘
361 389 378 409 c
395 388 494 409 curru
519 377 667 407 violenta
693 387 790 406 mauu

98 429 249 461 detrahi!
272 431 294 460 Ι.
311 439 374 460 νιι.
391 432 420 459 6.
442 430 458 468 ξ
481 432 510 458 2.
525 428 533 443 ‘
554 427 656 467 Equv'
674 427 790 467 (plane

97 485 133 510 ut
152 479 298 519 reposuit
309 478 471 517 Scaliger)
483 477 605 508 ‘scutis
621 477 792 508 detractas

98 529 226 568 pelles)
271 529 376 558 Immo
394 528 508 558 uiuitis
537 537 613 557 vere
639 526 791 558 defendit

96 578 222 608 Mstam
250 578 428 608 lectionem
456 578 528 609 Cel.
549 579 732 609 Burmann.
749 578 790 608 ad

95 628 188 658 Suet.
207 629 306 658 Dom.
323 638 352 660 (τ.
369 632 418 659 lo.
436 629 444 645 ‘
458 628 649 658 detructum
665 639 682 658 c
696 639 790 668 spec-

94 677 236 709 teu-ulis:
284 679 389 709 Porro
405 679 614 718 inpedimenta
633 680 715 709 sumi
731 689 791 719 pro

82 727 236 765 ,iumentis
250 729 363 758 docuit
381 729 517 759 Ηυιοιιι.
532 729 585 759 hic
596 735 630 759 et
644 729 684 759 ad
696 740 725 760 c.
741 732 790 760 14.

92 778 266 809 Praeterea
284 779 389 809 muita
415 780 490 809 loca
514 779 555 809 ab
581 779 654 809 aliis
678 784 712 810 et
737 789 790 809 mc

93 832 256 867 congesta
271 828 345 858 vide
360 828 616 859 adFrontin.1i.
633 832 659 858 l.
671 833 702 860 5.
718 830 726 845 ‘
740 829 791 860 Iu-

92 877 247 908 terfectis
264 878 526 918 inpedimentis!

133 933 151 958 5
178 929 389 969 Mulioncsque
401 930 664 970 cumcussidibus]
689 931 790 972 Poly-

90 987 184 1009 aeuus
202 980 350 1019 Stratcg.
371 989 447 1010 vm.
464 982 517 1010 23.
546 981 676 1011 Vossius.

136 1032 172 1060 ll
203 1030 368 1068 Legionem
384 1031 493 1061 mittit.
505 1041 530 1061 ε.
543 1031 690 1071 occultat]
714 1032 789 1062 Hoc

87 1081 303 1121 Strategcma
325 1086 489 1112 memorat
508 1082 686 1122 Polyaeniis
710 1091 788 1113 vm.

89 1134 141 1164 23.
165 1133 179 1173 §
198 1136 245 1164 10.
269 1133 317 1164 ita
333 1138 444 1164 tamen
463 1138 553 1164 ntea
570 1134 790 1174 adsperserit,

89 1193 227 1224 quorum
245 1194 306 1215 nec
322 1184 398 1215 vola
421 1194 483 1215 nec
500 1184 682 1225 vestigium
698 1184 787 1224 apud

90 1234 272 1266 Caesarem.
331 1235 388 1265 Sic
427 1244 494 1265 non
525 1235 632 1265 solum
663 1234 789 1265 milites

88 1282 291 1315 fortissimos
321 1285 415 1316 silvis
447 1286 634 1316 occultatos
662 1290 790 1324 narrat,

88 1335 147 1365 sed
158 1340 193 1367 et
207 1336 350 1376 exjussu
369 1336 590 1376 Imperatoris
603 1335 688 1374 ἔχειν
703 1334 790 1365 ἀκόν-

87 1396 138 1415 τια
156 1385 290 1426 βραχέα,
313 1386 362 1416 καὶ
378 1386 489 1425 ξιφίδια
517 1385 685 1425 σύμμετρα,
711 1385 790 1416 ὅπως

87 1435 144 1466 τὰς
157 1438 358 1475 χαμαιπετεῖς
373 1436 449 1467 ὕλας
458 1435 500 1474 μὴ
513 1435 694 1475 περιέχοιεν.
706 1436 791 1467 ἀλλὰ

88 1485 165 1523 μηδὲ
192 1486 302 1517 αὐτοὺς
331 1485 436 1526 ὀρθοὺς
469 1485 617 1525 βαδίζὲιν,
645 1485 686 1517 εἷς
714 1485 791 1525 γόνυ

88 1534 121 1566 δὲ
137 1535 345 1577 ὀκλάσαντας,
359 1535 455 1576 ἠρέμα
477 1535 660 1567 διαδύεσθαι.
679 1537 790 1568 Datis.

131 1590 171 1618 12
199 1588 356 1628 Paullum]
401 1589 587 1620 Veterrimi
626 1589 789 1629 Bongars.

88 1648 139 1679 pr.
169 1639 266 1670 Leid.
291 1640 390 1680 prim.
418 1644 453 1671 et
480 1639 649 1680 Egmund.
675 1641 788 1679 paullo.

88 1688 188 1721 Quod
215 1694 388 1721 mutarunt
411 1690 470 1728 iili,
488 1691 543 1730 qui
568 1689 789 1721 crediderunt

83 1740 188 1779 paullo
210 1750 277 1771 non
298 1740 378 1779 dici,
394 1740 457 1771 nisi
473 1740 636 1781 adjuncto
655 1749 788 1780 compa-

87 1790 211 1822 rativo.
254 1791 322 1822 Sed
338 1791 436 1822 aliter
448 1800 524 1822 cum
535 1790 671 1830 optimis
684 1791 788 1830 scrip-

86 1840 217 1870 toribus
234 1849 326 1880 saepe
343 1841 474 1879 Caesar,
490 1845 528 1871 ut
546 1840 578 1870 in
592 1843 662 1880 post
683 1841 788 1880 paullo

86 1893 122 1920 et
159 1893 229 1930 post
252 1890 399 1930 paullum.
446 1890 534 1922 Vide
551 1895 585 1921 et
618 1891 693 1921 YV.
718 1891 786 1922 LL.

86 1949 116 1971 c.
134 1943 187 1971 50.
204 1943 256 1972 51.
273 1944 326 1972 60.
340 1944 392 1973 79.
417 1941 512 1972 Cort.
537 1941 579 1972 ad
605 1941 685 1971 Sall.
706 1942 788 1982 Jug.

86 2000 115 2021 c.
145 1994 218 2022 106.
241 1992 256 2032 §
279 1994 310 2022 3.
338 1992 347 2008 ‘
370 1991 483 2032 paullo
511 1991 619 2031 infra,'
645 1992 654 2008 ‘
673 1992 788 2032 paullo

83 2041 206 2082 supra’
229 2041 330 2073 alibi:
357 2043 482 2082 passim
506 2047 618 2073 autem
635 2041 669 2072 in
693 2041 787 2072 Leid.

85 2091 195 2132 primo
207 2093 313 2132 paullo
321 2098 496 2123 exaratum
513 2097 566 2124 est
582 2102 642 2133 pro
653 2093 789 2133 paullum

85 2145 122 2172 et
144 2143 326 2182 paullulum.
378 2143 435 2173 Ita
461 2144 588 2174 multum
619 2148 654 2174 et
679 2143 787 2181 mullo,

85 2192 213 2223 nimium
237 2187 272 2223 et
294 2193 401 2231 nimio,
426 2196 489 2224 Sec.
531 2194 582 2224 Cl.
607 2194 721 2224 Burm.
745 2193 787 2223 ad

88 2240 190 2272 Ovid.
207 2252 250 2273 ex
267 2242 308 2272 P.
326 2251 382 2273 111.
398 2245 430 2273 4.
446 2245 500 2273 47.
523 2243 602 2274 Post
619 2246 721 2274 tanto.

130 2294 170 2322 13
211 2292 325 2322 Omnes
370 2293 421 2322 illo
456 2293 660 2324 munitionum
692 2294 787 2333 copiae

85 2341 341 2381 transducuntur]
353 2341 493 2372 Graecus
502 2342 547 2372 ita
555 2343 702 2383 accepit,
712 2353 751 2373 ac
761 2344 787 2374 si

86 2391 364 2430 diceretCaesar;
385 2393 531 2423 oninium
552 2394 786 2435 munitionum,

86 2452 161 2484 quoe
174 2449 271 2475 extra
288 2444 405 2474 urbem
428 2449 538 2483 eraut,
562 2444 722 2484 praesidia
744 2446 787 2476 ad

85 2493 176 2525 illum
190 2495 299 2526 locum
317 2495 551 2525 traducuntur.
593 2496 667 2526 Non
677 2496 764 2527 male
778 2507 784 2526 :

87 2543 146 2574 sed
173 2544 275 2575 verba
298 2549 461 2584 corrupta
484 2550 574 2575 sunt.
635 2544 786 2577 Emendo

87 2602 129 2623 ex
147 2594 254 2626 veteri
268 2595 388 2626 codice
400 2596 408 2611 ‘
422 2604 536 2625 omnes
552 2595 608 2625 iilo
627 2595 668 2625 ad
683 2597 787 2627 muni-

88 2643 214 2675 tionem
240 2646 345 2686 copiae
363 2645 650 2677 transducuntur!
699 2648 786 2677 Nam

89 2691 139 2723 ait
160 2693 285 2734 Caesar,
304 2695 523 2726 vehementer
546 2695 664 2726 Ganos·
689 2696 788 2726 alteri

89 2742 168 2774 colli
183 2743 344 2784 timuisse,
366 2745 511 2787 ideoque
533 2755 648 2777 omues
670 2747 786 2786 copias

88 2793 147 2825 illo
163 2792 204 2825 ad
219 2795 435 2827 munitionem
452 2796 685 2832 transductus:
715 2797 785 2829 sive

1431 227 1546 268 1225

843 328 884 358 ad
898 328 1114 360 muniendum
1130 329 1231 360 alium
1254 329 1346 361 illum
1361 329 1485 370 locum,
1502 331 1543 362 de

843 387 907 416 quo
920 384 1019 409 autea
1035 379 1137 409 dixit:
1153 383 1160 396 ⁶
1172 380 1211 410 ad
1227 380 1314 411 huuc
1326 381 1544 412 muniendum

844 426 950 456 locum
978 438 1092 458 omnes
1119 439 1138 460 a
1166 431 1447 471 Vercingetorige
1469 441 1546 463 evo-

843 476 956 506 catos!
998 478 1127 508 Vossius.
1197 480 1313 511 Codex
1353 481 1462 512 Vossii
1503 483 1544 512 ad

840 526 1047 559 munitionem.
1149 531 1234 561 Quae
1274 531 1374 561 lectio
1409 541 1544 572 quoque

844 585 907 606 non
931 577 1019 607 mala
1043 582 1106 608 cst.
1134 580 1241 610 Clark.
1291 582 1396 611 inuno
1424 582 1544 613 melior

841 631 876 656 et
908 627 1106 659 confirmata
1147 629 1227 660 Mss.
1260 631 1375 670 Cujac.
1419 632 1542 671 Scalig.

841 675 930 707 And.
949 678 1057 708 Oxou.
1074 683 1110 709 et
1134 678 1230 709 Leid.
1255 680 1361 719 primo
1388 686 1422 711 et
1438 692 1468 712 c.
1486 685 1539 714 45.

841 726 849 742 ‘
867 726 932 758 Qui
946 727 987 757 ad
1008 728 1149 759 alteram
1162 733 1292 768 partem
1303 730 1430 769 oppidi,
1443 737 1478 761 ut
1492 742 1544 762 su-

841 785 901 815 pra
918 776 1238 817 demonstravitum,
1255 778 1434 809 munitionis
1458 790 1545 810 caus-

839 836 885 864 sa,
901 828 1156 858 convenerant.’

885 887 922 914 15
951 885 1050 916 Tectis
1063 885 1430 928 insignibus,signisque]
1456 888 1543 920 Vide

840 942 957 968 notata
971 938 1012 968 ad
1027 939 1068 970 B.
1083 938 1125 970 G.
1142 948 1165 969 1.
1182 941 1235 970 22.
1248 945 1282 971 et
1296 950 1334 971 ιι.
1350 944 1401 972 21.
1429 942 1544 973 Dacis.

886 990 923 1018 16
950 989 999 1018 Ne
1025 999 1064 1019 ex
1090 1000 1158 1030 opp.
1189 991 1408 1033 animumn]
1432 993 1542 1033 Bong.

840 1038 1008 1078 Vossiani‚
1026 1040 1152 1070 Lovan.
1167 1041 1333 1079 Egmund.
1352 1046 1387 1072 et
1411 1052 1468 1073 sex
1486 1043 1543 1073 aiii

841 1096 916 1117 cum
945 1088 1028 1119 Mss.
1058 1090 1192 1120 Brantii
1217 1096 1253 1121 et
1284 1092 1372 1121 Edd.
1411 1092 1543 1132 primis,

840 1137 893 1176 qui
917 1147 954 1167 ex
974 1148 1024 1177 op.
1050 1149 1101 1170 un.
1132 1144 1253 1170 contra
1277 1141 1425 1172 auctoris
1453 1151 1544 1172 men-

840 1190 919 1218 tem.
965 1187 1006 1218 In
1033 1189 1128 1220 Leid.
1157 1200 1208 1230 pr.
1232 1195 1283 1222 est
1299 1192 1544 1225 adverterentur.

840 1234 895 1266 An
918 1236 1013 1268 dedit
1026 1243 1147 1269 auctor
1177 1240 1185 1256 ‘
1202 1240 1258 1281 qui
1276 1250 1319 1271 ex
1333 1242 1460 1281 oppido
1477 1252 1544 1274 non

841 1286 1126 1319 adverterentur)
1142 1289 1174 1319 id
1193 1296 1255 1328 est,
1273 1301 1350 1332 quo,
1365 1293 1423 1322 ut?
1448 1293 1543 1324 sicin

840 1336 907 1367 Ms.
936 1346 964 1367 c.
989 1340 1042 1368 73.
1086 1340 1219 1369 Adverti
1245 1345 1357 1371 autem
1380 1351 1441 1381 pro
1465 1352 1545 1373 con-

839 1386 1118 1426 spici‚cognosci‚
1135 1389 1214 1419 alibi
1229 1400 1361 1430 quoque
1381 1393 1544 1424 occurrit.

840 1437 926 1468 Vide
957 1439 998 1469 ad
1023 1449 1102 1470 un.
1132 1444 1184 1472 16.
1222 1442 1362 1482 ‘partes
1389 1443 1545 1475 adverte-

840 1493 916 1518 rent
940 1491 1126 1530 equorum.’
1177 1493 1319 1523 Ursinus
1351 1494 1384 1524 in
1424 1494 1544 1526 codice

841 1548 900 1569 suo
930 1540 1060 1571 invenit
1095 1542 1413 1575 animadverteretur:
1452 1544 1543 1585 quod

841 1588 976 1628 probat,
998 1590 1094 1631 eique
1120 1592 1366 1632 quodammodo
1393 1594 1543 1634 adstipu-

840 1639 930 1669 latur
949 1640 1121 1682 Metaphr.
1138 1642 1180 1680 μὴ
1205 1642 1242 1672 τὸ
1267 1643 1477 1683 πραττόμενον
1493 1644 1542 1675 δύ·

839 1700 942 1718 ναιντο
955 1689 984 1719 οἱ
997 1691 1053 1726 τῆς
1066 1690 1186 1722 πόλεως
1199 1695 1344 1724 κατιδεῖν.

883 1747 982 1770 Χινι.
1014 1744 1028 1771 l
1055 1742 1157 1781 Atque
1174 1744 1262 1774 initio
1283 1745 1459 1785 adscensus]
1484 1746 1543 1776 Es-

838 1799 943 1819 census
959 1795 1011 1821 est
1036 1791 1069 1820 in
1094 1792 1180 1823 Cod.
1209 1792 1364 1831 Andino;
1389 1804 1462 1825 eam
1488 1805 1544 1826 vo-

839 1849 913 1869 cem
953 1840 1007 1870 hic
1051 1841 1116 1871 ioci
1148 1843 1378 1882 reponendam
1410 1846 1543 1876 censuit

837 1889 935 1921 Joan.
968 1890 1060 1921 Frid.
1089 1890 1279 1924 Gronovius
1309 1893 1350 1924 ad
1383 1894 1471 1925 Livii
1502 1904 1544 1927 11.

838 1942 890 1971 28.
920 1941 1033 1971 Daris.
1080 1940 1147 1972 Adi
1161 1942 1202 1972 ad
1218 1953 1245 1973 c.
1262 1946 1316 1974 27.
1354 1943 1544 1975 Adscensum

839 1990 989 2020 retinent
1005 2000 1119 2021 omnes
1132 1995 1224 2023 c.72.
1243 1995 1297 2023 85.
1311 2002 1390 2024 vm.
1410 1997 1461 2025 14.
1486 1995 1542 2026 Se-

839 2040 981 2079 quentia
995 2039 1046 2069 hic
1063 2040 1246 2080 adscripsit
1261 2043 1312 2073 Cl.
1331 2043 1541 2075 Perizonius.

838 2089 962 2129 Dictys
991 2090 1162 2120 Cretensis
1186 2091 1207 2121 l.
1226 2100 1279 2122 111.
1296 2102 1329 2132 p.
1343 2096 1395 2124 76.
1424 2094 1543 2125 ‘Tum-

839 2148 903 2179 que
926 2140 1027 2179 primi
1056 2145 1247 2172 nostrorum
1271 2147 1373 2183 atque
1394 2144 1543 2176 hostium

839 2190 987 2221 escensis
1004 2191 1158 2221 curribus
1172 2191 1297 2222 bellum
1313 2193 1454 2225 ineunt.’
1487 2194 1543 2225 Ita

838 2240 872 2271 in
887 2241 954 2271 Ms.
972 2241 1096 2281 legitur
1120 2252 1181 2282 pro
1200 2244 1337 2283 vulgato
1353 2254 1488 2275 ascensu.
1507 2251 1543 2276 et

839 2301 871 2332 p.
913 2295 965 2323 88.
1002 2293 1161 2324 ‘Deinde
1190 2293 1247 2324 ubi
1276 2294 1440 2334 escendit,
1467 2295 1542 2336 ipse

841 2343 988 2375 Autom.'
1005 2346 1066 2375 Sec.
1092 2355 1127 2385 p.
1152 2348 1224 2376 140.
1270 2346 1348 2378 Init.
1380 2347 1400 2378 1.
1428 2357 1479 2378 Π.
1505 2353 1541 2379 et

838 2404 871 2435 p.
888 2398 960 2426 147.
979 2400 1014 2427 et
1037 2399 1109 2427 150.

881 2447 899 2475 3
926 2445 1098 2485 Circuitus]
1126 2446 1270 2477 Ursinus
1295 2446 1431 2478 videtur
1447 2458 1464 2479 e
1481 2458 1539 2479 suo

837 2495 955 2526 codice
971 2496 1125 2527 maluisse
1149 2497 1300 2527 circuitu.-
1328 2498 1384 2528 cui
1407 2498 1540 2529 accedit

839 2545 952 2576 Oxon.
982 2556 1043 2586 pro
1066 2547 1232 2577 circuitui.-
1270 2548 1311 2578 de
1347 2558 1413 2588 quo
1445 2548 1537 2579 alibi.

838 2595 954 2626 Malim
966 2605 1026 2636 ego
1041 2597 1213 2637 vulgatum
1227 2598 1384 2628 retinere.
1411 2602 1419 2614 ⁸
1432 2598 1538 2630 Quid-

839 2645 916 2686 quid
943 2646 1106 2678 circuitus
1130 2652 1324 2678 accesserat
1354 2647 1440 2678 huic‘
1466 2648 1538 2680 scil.

838 2699 930 2727 rectoe
956 2698 1090 2737 regioni,
1128 2697 1195 2728 ‘ad
1231 2697 1448 2728 molliendum
1479 2699 1537 2730 cli-

839 2749 936 2788 vum,’
951 2751 988 2778 et
1000 2747 1048 2778 ita
1062 2747 1236 2787 Metaphr.

881 2801 899 2828 5
924 2797 964 2829 In
977 2797 1187 2838 longitudino]
1217 2795 1370 2829 Defendi
1385 2797 1449 2830 hoc
1462 2808 1537 2842 pos·
