1818 3131
211 201 324 243 1265

211 308 264 336 ⁵.:
297 308 332 336 et
358 303 448 336 alibi.
490 304 526 336 Si
555 309 669 338 tamen
695 305 728 336 in
757 305 910 346 pluribus

212 354 339 387 idoneis
366 355 474 386 Codd.
505 354 682 386 subsisteret
709 356 911 397 inveniatur,

211 405 252 436 ad
270 406 303 436 id
334 405 439 442 magis
464 405 669 438 inclinarem.
714 406 831 439 Habet
857 416 911 438 mi-

213 461 279 487 tem
296 455 468 496 Gryphius
484 466 617 498 quoque
634 457 668 488 in
685 457 851 497 Margine.

255 509 275 536 t}
305 505 434 537 Fumum
470 510 500 537 et
529 506 707 549 flammam]
761 508 910 541 Tametsi

214 557 319 596 proba
343 556 414 587 liaec
431 557 546 595 lectio,
572 557 782 590 dissimulare
801 564 911 590 tamen

216 615 280 636 non
312 604 412 636 debui
438 607 470 637 in
488 607 527 637 B.
550 617 600 647 pr.
625 617 693 639 sec.
727 613 805 639 tert.
836 608 910 639 Pal.

217 656 294 685 l’et.
313 664 351 685 ac
381 665 410 687 v.
426 666 456 688 c.
481 661 595 688 nostro
614 667 673 697 pro
693 657 816 695 sumum
834 658 913 698 legi,

215 715 365 736 summum
400 706 525 746 jugum.
577 707 709 739 Vossius.
779 708 912 739 Carrar.

214 765 348 797 quoque
374 761 409 788 et
428 757 510 788 Mss.
529 758 592 788 mei
619 767 746 798 omnes,
769 757 797 788 si
823 757 914 788 And.

216 811 252 837 et
283 806 396 838 Oxon.
427 807 590 847 excipias,
629 808 710 838 item
744 807 806 838 Ed.
842 807 916 838 Ine.

213 855 339 887 liabent
355 866 505 887 summum
521 857 637 895 jugum
653 857 772 888 vitiose
798 857 916 897 procul

216 905 341 936 dubio:
378 906 465 937 unde
496 911 609 937 tamen
638 905 740 938 facile
766 917 858 947 vera,
880 912 917 938 nt

217 955 347 995 opinor,
363 956 555 987 emendatio
571 967 606 987 se
623 958 775 988 sensibus
791 959 916 990 nostris

217 1004 330 1044 oti'ert,
368 1006 500 1038 scilicet
530 1007 801 1047 srunumjngem:
839 1019 917 1049 quo-

215 1055 316 1085 modo
344 1056 491 1096 conjecit
515 1057 586 1097 jam
612 1057 690 1088 olim
719 1058 752 1090 iu
781 1058 917 1089 ineditis

219 1105 408 1137 Gruterus:
444 1117 544 1147 quem
568 1108 667 1139 laude
696 1118 755 1139 sua
782 1108 916 1140 defrau-

218 1154 297 1185 dare
316 1156 417 1188 nolui.
461 1158 559 1197 Jugis
572 1157 682 1195 furnus
707 1159 760 1190 liic
784 1165 834 1189 est
851 1169 918 1189 con-

218 1207 330 1245 tineus,
347 1212 383 1239 ut
406 1217 508 1249 supra
531 1208 694 1249 flammam
722 1215 822 1241 vocat
840 1210 917 1240 Hir-

220 1258 298 1295 tius,
326 1268 384 1289 non
414 1259 628 1290 intermissus.-
662 1267 827 1301 perpetuo
862 1271 918 1291 un-

218 1308 319 1345 ‹lans,·
343 1313 380 1340 ut
408 1309 519 1349 po'etae
549 1310 742 1351 loquuntur.
788 1310 919 1340 Passim

222 1367 310 1399 aqna
334 1357 472 1389 fontana
489 1359 613 1390 dicitur
629 1360 736 1399 Jugis.
781 1361 920 1391 Sallust.

222 1409 262 1438 B.
279 1408 418 1448 Jugtlrt.
436 1419 463 1440 c.
481 1412 533 1440 89.
559 1409 652 1450 ‘jugi
669 1420 757 1451 aqua
780 1411 921 1441 uteban-

221 1458 300 1490 tnr.’
327 1458 473 1490 Consule
504 1460 576 1491 Cel.
605 1460 716 1491 Bentl.
734 1461 777 1491 ad
801 1461 921 1492 Horat.

219 1510 332 1550 Epist.
350 1519 373 1540 1.
396 1512 446 1540 15.
478 1514 528 1541 15.
575 1511 583 1527 ‘
603 1510 777 1542 Puteosne
805 1520 923 1551 peren-

222 1569 281 1590 nes
299 1560 398 1599 sugis
419 1552 538 1601 aquas?
583 1561 636 1592 Sic
654 1561 756 1592 etiam
776 1561 843 1592 duo
860 1562 923 1592 Co—

221 1610 326 1648 dices,
341 1620 360 1641 a
383 1620 436 1642 me
455 1611 527 1652 visi,
544 1621 609 1643 non
625 1612 733 1643 dulcis.
780 1613 923 1644 Lactan-

222 1660 289 1690 tius
308 1661 401 1701 Epit.
419 1671 449 1692 c.
469 1664 520 1693 11.
567 1663 575 1679 ‘
589 1663 634 1694 Et
660 1667 739 1694 tune
756 1663 860 1694 etiam
877 1663 923 1693 la-

223 1711 338 1742 crimae
357 1712 471 1753 juges,
501 1717 536 1744 et
563 1714 708 1754 gemitus
737 1714 921 1754 perpete&¹

222 1761 277 1793 Sic
293 1763 369 1802 lego
385 1773 427 1794 ex
444 1764 670 1805 antiquissimi
689 1764 774 1796 Cod.
790 1765 922 1796 Bonon.

223 1814 371 1846 lectione
385 1815 486 1854 jugis.
510 1816 620 1855 Vulgo
633 1816 732 1846 luctus
744 1819 772 1846 et
786 1816 924 1855 gemitus

220 1875 251 1904 p.
276 1865 339 1895 nisi
364 1866 460 1896 malis
486 1875 560 1895 cum
593 1865 717 1896 Psaffio
743 1873 779 1896 et
805 1866 877 1896 aliis
904 1875 922 1896 e

222 1915 360 1945 'sam-iu.
378 1915 445 1945 ΜΒ.
463 1915 598 1945 lacrima>
615 1915 722 1954 juges,
739 1916 848 1954 luctus,
872 1917 923 1954 ἔμ’.

224 1965 299 1995 Noc
326 1969 456 1996 tantum
485 1966 527 1995 tle
554 1966 702 2006 liquidis,
725 1966 783 1997 sed
816 1972 851 1998 et
881 1967 923 1997 de

224 2015 296 2046 aliis
309 2015 406 2047 rebus
418 2021 607 2057 usurpatur.
621 2017 740 2047 Plauto
754 2017 786 2047 in
799 2017 923 2048 Pseud.

224 2075 248 2097 1.
281 2070 309 2097 l.
327 2069 379 2098 82.
405 2067 516 2107 ‘jugis
545 2066 746 2098 thesaurus!
793 2067 924 2099 Avieno

226 2116 336 2147 deser.
366 2117 452 2148 Orb.
479 2127 511 2148 v.
542 2121 616 2149 181.
651 2118 770 2159 ‘Jugis
799 2119 923 2161 ubique

227 2167 378 2207 Mugilns
419 2168 541 2209 pelago
589 2174 652 2208 est,
686 2170 813 2209 gemitu
850 2171 925 2201 loca

226 2222 351 2248 mulcta
368 2219 558 2249 resultant.'
580 2219 821 2257 Veget.n.23.
847 2221 925 2253 ‘Ju-

227 2270 260 2310 μί
299 2277 534 2312 perpetuoque
566 2272 749 2303 exercitio!
789 2271 923 2313 Apulei.

227 2321 317 2352 Flor.
335 2332 366 2352 n.
385 2324 435 2353 13.
458 2322 467 2338 ‘
484 2323 606 2353 Oratio
634 2327 787 2363 tempore
807 2324 923 2364 jugis)

228 2372 490 2411 Intraresumum
522 2373 617 2412 dicit,
641 2378 678 2405 ut
700 2374 851 2406 ‘intrare
877 2375 924 2406 in-

230 2423 353 2454 sidias'
379 2424 417 2454 B.
436 2426 474 2455 C.
492 2434 546 2455 lu.
564 2427 616 2456 38.

272 2477 291 2504 8
317 2474 428 2506 Partes
453 2476 734 2506 animadverterent
770 2476 928 2516 equorum]

228 2526 285 2557 Sic
302 2531 381 2566 post
407 2526 447 2556 R.
465 2526 669 2566 Stephanum
697 2526 859 2566 Scaliger,
874 2536 927 2556 ce-

230 2576 362 2617 terique
400 2576 592 2608 ediderunt.
639 2576 728 2607 Olim
762 2577 929 2608 edebatur

227 2629 333 2666 portes
360 2627 663 2663 uninmdt·ertcr‹nt‚·
699 2637 841 2668 equorum
871 2629 929 2660 ins.

230 2676 340 2717 Vulgo
357 2681 437 2708 ante
453 2677 543 2708 Scal.
566 2687 726 2708 excusum
743 2683 795 2709 est
822 2679 928 2709 adrer-

230 2731 352 2759 tcrcnt:
375 2737 519 2768 equorum
543 2728 602 2759 ins.
625 2728 685 2759 sed
714 2733 807 2759 recte
835 2729 930 2759 Cinc-

231 2788 301 2808 von.
332 2778 468 2810 uotum.
486 2784 518 2810 et
538 2780 697 2811 Brantius
723 2779 930 2821 distinguen-

678 212 821 243 YxO'l'AE
854 212 1114 244 VARIORUM
1151 213 1200 242 ΙΝ

963 312 1013 338 tes
1029 307 1157 348 legunt,
1182 308 1375 338 adt-crimus
1392 317 1534 347 equorum
1546 318 1556 338 .-
1577 317 1658 349 qno-

962 357 1061 389 modo
1071 358 1142 398 jam
1157 357 1381 388 exhibuerunt
1399 356 1538 388 Vascos.
1555 358 1658 388 Basil.

964 407 1082 438 strada
1099 413 1134 439 et
1151 406 1214 438 Ed.
1229 406 1361 447 Grypli.
1374 406 1552 447 posterior.
1575 406 1662 437 Con-

963 457 1180 498 firmaturque
1206 457 1287 488 Mss.
1314 456 1457 488 Andinis
1473 462 1508 488 et
1533 457 1662 488 Oxoni-

964 507 1045 539 ensi.
1090 507 1204 539 Ceteri
1222 508 1330 538 minus
1356 507 1441 539 bene
1459 508 1663 538 Animadver-

964 561 1075 588 terent.
1119 558 1289 590 Advertere
1317 564 1369 590 est
1400 559 1596 599 perspicere
1627 564 1664 590 et

966 615 1170 647 cognoscere
1197 616 1357 646 equorum
1382 617 1514 638 suornm
1533 609 1663 648 priores

967 661 1095 696 partes.
1121 655 1219 688 Quod
1237 665 1303 686 non
1319 662 1476 696 poterant
1493 668 1564 698 prae
1581 658 1662 689 den·

966 716 1002 736 so
1019 704 1122 737 fumo.
1169 706 1223 736 De
1240 706 1304 737 hoc
1329 706 1424 737 istius
1452 708 1545 738 verbi
1562 718 1662 739 seusu

967 755 1045 787 vide
1061 756 1113 788 Cl.
1132 756 1247 787 Burm.
1264 755 1306 786 ad
1320 755 1434 788 Gratii
1446 757 1574 798 Cyneg.
1591 761 1663 790 14³.

969 807 978 822 ‘
997 804 1202 836 Advertitur
1229 815 1335 837 annus
1354 805 1373 836 ε’
1398 811 1433 837 et
1459 808 1499 838 ad
1526 808 1664 839 Nemes.

970 854 1042 886 Ecl.
1061 864 1084 885 ι.
1099 858 1153 886 41.
1199 856 1208 872 ‘
1221 855 1270 887 Tu
1287 860 1420 887 nostros
1445 856 1586 889 adverto
1600 867 1668 888 mo-

969 904 1052 936 dos!
1092 905 1186 936 Hirt.
1217 905 1258 935 B.
1287 904 1386 937 Alex.
1414 915 1442 937 c.
1475 909 1525 937 15.
1571 908 1580 924 ¹
1599 907 1666 939 Ubi

969 953 1113 986 Ca=saris
1126 954 1270 986 animum
1284 954 1433 986 advertit
1444 956 1666 996 Euphranor!

970 1013 998 1034 c.
1015 1005 1066 1034 30.
1112 1004 1121 1021 ‘
1140 1005 1252 1036 Quum
1277 1010 1388 1035 castra
1415 1015 1517 1046 opere
1543 1007 1668 1038 vallata

970 1055 1199 1088 adverteret?
1225 1055 1282 1087 ubi
1310 1056 1428 1087 itidem
1455 1057 1538 1088 Mss.
1570 1058 1670 1098 pleri·

970 1117 1034 1147 que
1051 1108 1202 1137 animadv.
1225 1117 1254 1138 c.
1270 1110 1322 1139 44.
1353 1109 1360 1124 ‘
1380 1109 1538 1149 Repente
1555 1109 1670 1139 adver-

970 1166 1040 1187 sam
1057 1157 1097 1188 ad
1108 1166 1143 1187 se
1159 1157 1350 1189 venientem
1362 1168 1479 1190 navem
1493 1159 1668 1190 advertit.'

971 1209 1025 1239 Sic
1055 1209 1139 1240 Μεθ-
1175 1209 1306 1249 optimi,
1332 1210 1387 1240 alii
1428 1211 1668 1242 animadvertit:

971 1263 1073 1298 atque
1092 1259 1140 1289 ita
1168 1259 1347 1300 legendum
1377 1261 1511 1300 conjeci
1537 1265 1669 1293 vn.⁴5.

970 1309 979 1324 ‘
996 1309 1053 1349 qui
1079 1319 1121 1339 ex
1137 1309 1263 1349 oppido
1290 1319 1356 1341 non
1382 1310 1669 1342 adverterentur!

973 1359 1028 1388 De
1056 1357 1252 1389 confusione
1268 1360 1385 1390 luorum
1413 1361 1590 1392 verborum
1616 1361 1671 1392 adi

974 1408 1015 1439 ad
1035 1418 1081 1440 iv.
1102 1412 1152 1440 16.
1171 1414 1205 1440 et
1223 1410 1264 1441 B.
1283 1410 1354 1442 Civ.
1373 1420 1396 1443 1.
1414 1414 1468 1442 81.
1489 1413 1498 1428 ‘
1515 1411 1672 1444 Adverso

975 1458 1057 1491 vitio
1074 1461 1285 1491 castrorum.’

1019 1512 1057 1540 14
1081 1510 1120 1541 ln
1134 1511 1288 1551 pabulat]
1311 1512 1347 1544 Si
1363 1513 1415 1544 vel
1430 1523 1514 1544 unus
1532 1513 1671 1545 idoneus

975 1559 1152 1592 addiceret
1169 1561 1298 1602 Codex,
1316 1564 1541 1604 amplecterer
1556 1564 1674 1595 lentio-

975 1620 1049 1641 nem
1076 1612 1251 1652 Sealigeri‚
1278 1614 1444 1654 quomodo
1460 1619 1496 1645 et
1523 1615 1672 1655 conjecit

975 1662 1156 1701 Gruterus,
1183 1663 1328 1694 delendo
1351 1663 1388 1694 τὸ
1412 1664 1464 1695 in:
1487 1669 1525 1696 ut
1544 1666 1673 1705 pabula-

974 1712 1072 1743 tiones
1087 1712 1205 1744 eodem
1235 1718 1411 1745 sumantur
1428 1724 1542 1755 sensu,
1559 1725 1625 1756 qno
1643 1724 1673 1747 c.

976 1765 1026 1793 11.
1050 1763 1059 1781 ‘
1075 1763 1240 1795 Praesidio
1257 1764 1530 1805 pabulationibus
1544 1767 1673 1798 mittit!

973 1813 1027 1844 Sic
1056 1819 1151 1845 certe.
1179 1825 1248 1855 seq.
1279 1815 1392 1855 capite
1417 1826 1530 1847 rursus
1560 1818 1675 1850 oxon.

976 1873 1037 1903 pro
1072 1864 1305 1903 pabulatoribus
1335 1865 1475 1897 exhibet
1502 1867 1675 1906 pabulatio-

973 1913 1072 1944 nibus.

1018 1974 1108 1997 xx'u.
1132 1969 1150 1996 4
1178 1967 1262 2001 Quos
1285 1969 1319 1998 in
1345 1969 1471 1999 insidiis
1483 1979 1517 2000 eo
1539 1970 1602 2000 loco
1618 1972 1676 2002 col-

974 2016 1104 2056 locaret]
1162 2019 1253 2059 Lege
1284 2020 1455 2056 collocarat,
1480 2024 1517 2050 nt
1546 2020 1675 2052 liabent

978 2067 1118 2098 Norvic.
1166 2069 1264 2100 Voss.
1297 2070 1462 2110 Egmond.
1494 2070 1558 2101 hoc
1584 2070 1673 2101 enim

971 2117 1044 2157 jam
1070 2116 1197 2149 sactum
1228 2117 1345 2158 fuisse,
1374 2124 1518 2151 constat.
1565 2120 1677 2152 Dacis.

976 2178 1052 2198 cum
1092 2179 1158 2200 soc.
1213 2168 1395 2201 Accedunt
1442 2171 1540 2202 Voss.
1579 2172 1677 2212 prim.

978 2218 1073 2250 Leid.
1091 2229 1141 2260 pr.
1163 2229 1231 2250 sec.
1256 2224 1336 2251 tert.
1364 2221 1532 2260 Egmund.
1549 2221 1677 2262 Scalig.

978 2269 1103 2300 Lovan.
1118 2270 1266 2302 Dorvill.
1295 2275 1329 2302 et
1345 2270 1433 2302 Edd.
1452 2271 1569 2312 primae.
1586 2271 1677 2303 aliae·

979 2330 1042 2361 que
1059 2321 1198 2359 multae;
1221 2331 1324 2363 quare
1350 2322 1497 2362 reposui.

1020 2375 1038 2401 5
1072 2371 1260 2403 l'ubulotum
1289 2372 1432 2403 missuros
1459 2372 1678 2413 suspicaretur]

977 2422 1011 2453 Si
1030 2422 1062 2452 in
1079 2432 1119 2453 eo
1136 2423 1210 2454 loco
1225 2423 1383 2461 frumenti
1400 2423 1498 2454 simul
1515 2433 1555 2454 ac
1572 2421 1678 2462 pabuli

978 2473 1044 2505 suit
1080 2474 1192 2514 copia,
1225 2483 1286 2514 par
1316 2479 1380 2513 est,
1413 2478 1450 2504 ut
1480 2481 1676 2503 censeamus

981 2524 1148 2554 Romanos
1163 2523 1392 2561 frumentatum
1407 2531 1504 2563 aeque
1520 2531 1558 2552 ac
1575 2521 1679 2561 pabu-

979 2574 1086 2605 latum
1110 2574 1278 2605 missuros.
1323 2573 1413 2606 Quid
1439 2572 1566 2612 igitur?
1610 2572 1677 2602 Vn-

980 2634 1054 2656 cem
1064 2624 1245 2664 pabulatum
1255 2632 1391 2663 prorsus
1402 2622 1574 2653 abundare
1586 2627 1681 2662 puto,

980 2682 1088 2715 eaque
1101 2673 1215 2704 deleta
1227 2673 1314 2712 lego,
1329 2681 1417 2712 quem
1432 2672 1464 2702 in
1481 2672 1577 2703 locum
1590 2681 1680 2713 prop-

980 2729 1028 2756 ter
1048 2724 1166 2764 copiam
1179 2723 1335 2761 frumenti
1357 2725 1386 2754 et
1398 2722 1502 2763 pabuli
1525 2723 1677 2754 Rornanos

982 2775 1123 2806 missuros
1151 2774 1367 2813 savit-amur.
1426 2773 1477 2804 Ne
1510 2782 1588 2803 vero
1617 2772 1679 2804 soli
