1818 3131
222 230 333 271 13:34

224 338 280 366 ιιι.
305 337 354 365 31.
399 344 406 350 ·
424 332 563 364 Tribuni
591 332 699 363 lenius
724 342 825 374 agere
848 342 923 364 cum

222 383 397 427 patribus.'
436 384 487 414 Cl.
507 384 613 414 Drak.
630 383 672 413 ad
690 393 719 414 c.
737 386 788 414 50.
821 382 830 400 ‘
845 384 925 414 leni-

222 442 277 468 ter
309 434 485 474 agentibus
522 443 720 474 responsum
752 443 817 464 nou
852 435 925 465 red-

223 484 338 516 ditur.’
359 483 446 514 Vide
457 489 492 515 et
505 485 595 514 viros
609 484 727 515 doctos
741 485 780 515 ad
791 485 923 516 Sallust.

221 535 301 575 Jug.
325 544 352 565 c.
376 537 427 565 60.
461 535 470 551 ‘
487 535 640 565 consulto
664 535 772 565 lenius
797 535 924 575 agere,'

224 585 281 616 ubi
297 584 386 615 idem
416 585 612 616 Ciacconius
637 586 841 625 conjiciebat
863 586 925 616 len-

221 635 297 666 tius.
338 635 442 665 Plura
465 635 608 666 diximus
631 636 672 667 ad
697 637 736 666 Β.
755 635 798 666 G.
823 646 856 666 v.
877 638 926 665 17.

223 688 232 704 ‘
252 685 374 717 Lenius
390 691 521 717 nostros
533 687 698 717 lacessere
713 690 888 726 coeperunt
904 685 924 714 :'

224 737 274 767 uti
292 746 310 767 e
327 736 408 767 Mss.
426 736 644 767 restituimus.

270 789 309 818 14
349 786 384 816 Si
419 790 523 826 postea
556 787 642 824 velit,
676 785 927 825 imploratumm]

225 836 353 867 Omnes
370 836 478 867 Codd.
496 836 671 874 exhibent,
685 836 712 866 si
722 838 827 875 postea
842 836 927 871 velit,

223 893 377 918 senatum
401 888 654 927 imploratur-mn,-
679 895 740 917 nec
764 895 843 916 sane
860 886 928 917 edi-

224 942 316 967 toi-cs
341 937 460 977 nuperi
484 937 524 966 ad
551 936 691 966 Caesaris
713 935 862 975 ἀφέλειαν
878 941 928 967 at-

225 987 374 1018 tendisse
392 987 561 1024 vidcntur,
579 987 635 1027 qui
651 996 766 1017 vocem
785 987 930 1027 penulti-

225 1046 313 1067 mam
327 1043 575 1076 expunxerunt.
596 1037 706 1067 Dnris.
726 1036 928 1076 Agnoscunt

226 1088 312 1117 mss.
328 1093 363 1118 et
387 1087 474 1117 Edd.
500 1097 615 1117 omnes
640 1097 744 1128 usque
769 1087 810 1118 ad
835 1088 926 1128 Lips.

225 1142 259 1166 ct
276 1137 400 1176 Scalig.
417 1146 520 1177 quare
536 1146 653 1167 vocem
677 1147 762 1177 eam,
779 1138 868 1178 quod
893 1143 929 1169 et

226 1192 319 1217 recte
337 1188 388 1218 ΕΙ.
407 1187 562 1217 Clarkius
580 1186 674 1223 fecit,
693 1188 858 1218 revocavi.

271 1247 309 1267 ιι.
337 1241 350 1267 1
369 1238 500 1268 Senatus
514 1238 546 1267 in
563 1237 635 1267 urbe
647 1237 826 1277 habebatur,
841 1237 929 1268 I'om-

225 1287 371 1326 peiusque
394 1286 517 1326 aderat]
555 1286 611 1317 Sic
635 1287 717 1318 Mss.
738 1296 864 1325 omnes,
894 1292 929 1317 et

228 1343 333 1367 recto.
379 1337 446 1367 Sed
477 1342 640 1377 torquent
671 1346 705 1367 sc
741 1337 802 1366 viri
836 1337 930 1367 docti

230 1396 332 1426 super
345 1387 408 1417 hoc
424 1387 508 1417 loco.
532 1387 619 1416 Nam
633 1387 811 1426 quomodo,
822 1387 929 1425 aiunt,

228 1438 259 1466 in
277 1436 360 1467 urbe
385 1436 501 1468 habito
523 1437 664 1476 Senatu,
690 1438 807 1468 adesse
830 1438 930 1469 Pom-

227 1486 320 1526 peius
344 1486 470 1526 potuit,
493 1487 550 1527 qui
574 1496 633 1526 pro
657 1488 795 1518 consule
818 1487 859 1518 ad
881 1498 932 1518 ur-

230 1536 304 1567 bem
331 1537 424 1567 erat?
449 1546 557 1577 neque
583 1537 671 1567 enim
701 1538 823 1569 talibus
850 1539 932 1570 licet

229 1590 363 1629 ingredi
379 1590 511 1628 urbem,
531 1591 619 1621 unde
634 1595 670 1621 et
686 1596 821 1622 senatus
837 1591 876 1622 iis
899 1591 931 1622 in

229 1641 357 1680 templo
383 1641 534 1671 Bellonae
560 1646 658 1672 extra
680 1641 797 1672 urbem
820 1641 931 1672 datur.

231 1691 288 1722 Oi>
303 1692 376 1722 iia‘c
395 1691 435 1722 Ι).
453 1692 624 1722 Victorius
648 1691 784 1732 legebat
805 1692 932 1723 aberat:

229 1741 318 1781 quod
346 1742 466 1772 merito
497 1742 589 1773 docti
619 1752 733 1773 omnes
759 1743 931 1774 damnant.

230 1791 429 1822 ciacconius
455 1791 503 1822 ait
529 1792 562 1822 in
587 1792 704 1823 codice
728 1792 872 1833 quodam
896 1802 931 1824 se

226 1841 396 1880 ra=perisse
426 1845 555 1872 auertit:
585 1847 620 1872 et
651 1841 837 1873 arbitratur
864 1852 933 1873 cor·

230 1896 368 1931 ruptum
391 1892 455 1922 hoc
479 1893 711 1932 scriptumque
733 1897 834 1923 antea
855 1903 885 1923 a.
901 1903 932 1922 u.

230 1944 309 1979 erat,
323 1941 385 1971 hoc
402 1946 454 1971 est
469 1943 510 1971 ad
522 1942 627 1971 urbem
643 1945 721 1972 crat.
749 1941 813 1972 Sed
832 1942 932 1972 velini

229 1991 401 2030 ostendat,
431 1992 503 2032 quis
530 1993 594 2022 hoc
622 1992 824 2032 compendio
846 2003 875 2023 α,
902 2003 932 2024 u.

230 2041 398 2081 designari
412 2041 540 2072 dixerit
552 2044 591 2072 ad
609 2042 723 2072 urbem.
762 2043 834 2082 Ego
855 2053 933 2074 sane

230 2092 262 2121 iu
289 2096 441 2122 veterum
470 2092 555 2122 notis
579 2092 657 2123 nihil
688 2093 756 2123 tale
788 2093 933 2125 invenio.

232 2144 347 2174 Quare
375 2147 411 2173 et
437 2142 499 2173 hoc
528 2143 659 2183 rejicio,
689 2148 723 2174 et
752 2144 933 2176 lectionem

231 2194 339 2223 aderat
351 2202 464 2223 veram
481 2203 556 2224 esse
574 2198 698 2225 statuo.
737 2194 825 2225 Nam
844 2195 934 2236 quod

233 2244 280 2273 ait
298 2243 412 2274 Caesar
437 2243 471 2273 in
496 2244 578 2275 urbe
596 2243 746 2274 habitum
769 2250 936 2285 senatum,

231 2299 266 2323 et
304 2293 501 2334 Pompeium
538 2292 708 2325 adfuisse:
751 2294 830 2325 inde
868 2305 934 2326 non

234 2342 389 2383 sequitur
406 2353 482 2374 euin
499 2345 533 2374 in
557 2343 640 2374 urbe
657 2343 769 2375 fuisse.
821 2346 935 2376 Aderat

232 2394 287 2424 liic
313 2398 364 2425 est
391 2394 481 2425 haud
504 2395 603 2434 longe
626 2394 756 2433 aberat,
779 2395 934 2426 nimirum

233 2443 295 2474 sub
312 2444 404 2475 urbis
417 2445 594 2476 moenibus.
641 2445 697 2476 Sic
715 2444 802 2476 infra
820 2446 936 2477 Caesar

233 2495 294 2533 ait,
324 2495 405 2526 ‘Cn.
430 2496 613 2536 Pompeius
640 2496 748 2536 pridie
772 2497 841 2537 ejus
866 2496 935 2527 diei

234 2554 276 2574 ex
300 2544 383 2575 urbe
400 2544 572 2584 profectus
584 2545 603 2575 :’
623 2545 679 2575 ubi
697 2545 777 2576 iilud
795 2556 834 2576 ex
850 2546 935 2585 urbe,

233 2600 286 2626 est
309 2604 371 2635 pro
392 2594 430 2624 ab
452 2595 536 2625 urbe.
586 2595 728 2626 Constat
750 2601 863 2627 autem
888 2596 936 2627 sic

234 2644 415 2676 sententia.
463 2646 551 2676 Nam
570 2645 658 2686 quod
675 2645 828 2676 Victorio
846 2645 935 2676 vide-

235 2696 344 2734 batur,
368 2695 445 2727 ideo
467 2695 638 2736 Scipionis
663 2696 765 2727 verba
794 2702 937 2737 accepta

233 2758 319 2788 esse,
350 2748 445 2789 quasi
483 2757 525 2778 ex
558 2757 616 2779 ore
650 2748 805 2788 Pompeii
836 2748 937 2779 missa

232 2798 397 2831 fuissent:
425 2798 502 2839 quia
526 2798 584 2829 ille
607 2797 742 2830 aberat:
765 2797 802 2828 id
819 2802 937 2829 contra

705 239 845 270 NOTAE
879 239 1140 271 VARIORUM
1178 241 1226 271 IN

975 344 1010 365 se
1035 333 1161 372 habet;
1189 334 1395 366 videbantur
1417 336 1506 366 euim
1530 335 1572 366 ab
1599 334 1672 376 ipso

976 386 1140 426 Pompeio
1164 387 1309 426 prolata,
1326 386 1404 426 quia
1425 386 1458 415 in
1483 387 1674 427 propinquo

975 441 1072 474 erat;
1104 436 1193 467 unde
1221 436 1426 467 credebatur
1456 435 1545 466 haud
1572 435 1674 467 dubie

974 486 1088 525 Scipio
1104 496 1179 516 cum
1197 486 1360 525 Pompeio
1385 486 1531 525 loeutus,
1546 489 1582 516 et
1605 485 1675 526 ejus

974 536 1137 566 instinctu
1176 536 1248 566 iiaec
1295 536 1486 576 protulisse.
1545 536 1674 566 Vossius.

976 586 1060 616 Cum
1091 586 1208 615 Vossio
1237 586 1366 617 faciunt
1395 592 1489 617 recte
1521 587 1677 625 Ursinus,

977 637 1154 672 Celiarim,
1171 637 1340 675 Clarkius,
1361 642 1396 667 et
1413 637 1479 668 alii.
1514 636 1582 667 Sed
1600 637 1676 667 Mu-

978 691 1070 716 retus
1094 686 1174 716 var.
1200 686 1296 716 Lect.
1326 696 1357 717 x.
1380 690 1432 717 ⁶20.
1458 686 1635 717 contendit
1659 696 1678 716 e

977 745 1037 766 suo
1055 736 1144 765 ¹leto
1167 739 1277 765 fluerat
1295 735 1548 766 rescribendum
1567 738 1607 766 ad
1631 746 1679 766 ur-

977 785 1042 816 bem
1071 790 1158 820 erut:
1190 786 1288 815 immo
1317 786 1527 816 Hotomanus
1550 785 1679 825 scribit,

978 845 1014 865 se
1039 835 1248 867 admonitum
1273 845 1359 875 esse,
1387 846 1405 866 a
1426 836 1497 866 viro
1520 835 1622 867 docto
1646 836 1680 866 in

978 886 1095 917 codice
1123 886 1232 926 plenis
1257 887 1380 918 litteris
1407 892 1580 926 repertum
1608 896 1680 918 esse

976 938 1016 966 ud
1043 936 1145 966 urbem
1174 939 1252 966 erut.
1297 935 1365 966 Sed
1396 936 1441 965 nil
1473 936 1681 969 mutandum.

978 986 1106 1017 Eadem
1120 991 1171 1017 est
1186 987 1236 1017 vis
1254 987 1287 1017 in
1301 986 1404 1019 verbo
1415 987 1547 1023 aderat;
1570 986 1602 1017 id
1617 992 1682 1026 est,

978 1040 1105 1076 praesto
1122 1040 1208 1074 erat,
1224 1036 1266 1066 ad
1291 1045 1424 1066 manuni
1445 1041 1528 1075 erat,
1550 1041 1587 1067 ut
1610 1046 1683 1068 suc-

979 1095 1115 1116 currere
1128 1090 1255 1126 posset.
1282 1086 1372 1117 Hinc
1381 1087 1560 1127 saepe‚jam
1569 1088 1681 1118 aderit.

980 1137 1131 1168 Pessime
1146 1143 1258 1169 autem
1282 1138 1388 1169 aberat
1411 1138 1593 1170 ediderunt
1610 1139 1683 1170 Ma-

979 1193 1052 1219 nut.
1070 1189 1209 1226 Brutus,
1228 1190 1376 1220 Plautiu.
1391 1190 1458 1220 alii.

1022 1242 1041 1269 4
1066 1239 1116 1269 De
1143 1239 1224 1279 rep]
1257 1240 1311 1270 Sic
1330 1239 1465 1280 quidem
1481 1239 1566 1271 Ven.
1587 1242 1682 1272 1517.

980 1288 1060 1318 Ald.
1079 1289 1155 1318 Bas.
1176 1289 1307 1318 Manut.
1333 1289 1462 1329 Gryph.
1479 1289 1630 1320 Plautin.
1648 1294 1684 1320 et

980 1348 1075 1378 seqq.
1101 1339 1179 1369 Non
1194 1339 1527 1377 maie,sieMss.sed
1539 1339 1683 1370 Codices

982 1388 1130 1425 Brantii,
1142 1388 1364 1425 Hotomanni,
1378 1389 1511 1429 meique
1526 1389 1567 1420 ad
1581 1399 1684 1420 unum

982 1447 1111 1477 omnes,
1141 1443 1176 1469 et
1207 1439 1325 1479 primae
1350 1439 1449 1479 Edd„
1475 1440 1556 1470 item
1579 1440 1682 1470 Vasc.

982 1488 1095 1519 Strad.
1112 1488 1228 1529 Steph.
1246 1489 1377 1529 Gryph.
1400 1494 1489 1530 post.
1504 1490 1586 1522 dant
1600 1490 1636 1520 de
1649 1500 1685 1521 m

981 1549 1015 1569 re
1028 1550 1038 1569 .·
1062 1539 1152 1579 quod
1170 1539 1306 1569 iuterim
1324 1540 1470 1580 reposui.

1027 1592 1067 1619 10
1090 1589 1240 1630 Abreptis
1254 1589 1291 1620 ab
1315 1599 1347 1620 eo
1363 1589 1548 1630 legionibus]
1571 1588 1684 1621 Gifan.

983 1639 1016 1669 iu
1034 1639 1178 1670 Observ.
1207 1639 1304 1679 Ling.
1330 1640 1406 1671 Lat.
1430 1650 1465 1680 p.
1487 1643 1539 1671 53.
1563 1649 1581 1671 e
1603 1639 1684 1670 Vct.

984 1689 1070 1721 Cod.
1094 1690 1251 1720 emendat
1272 1691 1440 1730 correptis:
1463 1700 1538 1721 cum
1561 1689 1594 1720 in
1618 1689 1686 1721 edi-

984 1740 1089 1778 tione,
1120 1749 1186 1780 qua
1211 1739 1378 1779 utebatur,
1408 1740 1595 1771 invenisset
1620 1750 1685 1770 cor·

983 1790 1095 1830 ruptis.
1140 1791 1185 1820 Et
1202 1799 1283 1820 sane
1300 1790 1384 1821 Mss.
1405 1790 1544 1821 Hotom.
1567 1790 1685 1821 Brant.

984 1846 1018 1871 et
1033 1841 1096 1872 mei
1110 1851 1185 1872 cum
1200 1842 1287 1872 Edd.
1302 1842 1418 1881 primis
1433 1841 1515 1873 dant
1527 1841 1686 1882 correpti&

983 1891 1078 1922 Solus
1100 1892 1352 1922 recentissimus
1377 1892 1474 1922 Leid.
1493 1902 1560 1923 sec.
1583 1892 1686 1923 habet

982 1940 1132 1980 abreptis.
1157 1940 1255 1972 Quod
1270 1941 1394 1971 rectius
1409 1945 1474 1980 est,
1490 1946 1526 1972 et
1543 1942 1685 1972 retineo.

982 1990 1016 2020 Si
1042 1989 1123 2030 quid
1149 1990 1359 2027 mutandum,
1384 1991 1517 2022 mallem
1538 1993 1688 2032 surreptis

985 2040 1055 2070 sive
1076 2040 1239 2080 subreptis,
1254 2039 1375 2072 fraude
1392 2041 1524 2072 scilieet
1547 2046 1582 2072 et
1598 2043 1687 2073 dolo.

984 2089 1052 2120 Adi
1071 2089 1111 2121 ad
1138 2091 1264 2121 Lucan.
1293 2100 1336 2122 11.
1350 2094 1423 2122 475.
1455 2093 1463 2108 ‘
1482 2091 1687 2123 Parthorum

985 2139 1150 2170 subducta
1166 2139 1283 2171 metu!

1029 2194 1068 2222 12
1095 2191 1232 2221 Mutatis
1248 2191 1361 2231 verbis]
1388 2191 1478 2223 Quia
1490 2191 1686 2224 Ciacconius

983 2241 1017 2272 in
1042 2241 1114 2272 aliis
1141 2242 1225 2272 Mss.
1251 2247 1467 2282 compererat
1491 2252 1564 2273 esse
1587 2242 1688 2282 rebus,

984 2296 1164 2333 utrumque
1187 2302 1247 2332 pro
1269 2293 1380 2333 glossa
1395 2292 1601 2333 accipiebat,
1617 2292 1687 2323 exi-

985 2342 1214 2383 stimabatque
1244 2343 1412 2384 scriptum
1449 2342 1534 2374 fuise
1573 2343 1688 2374 Paucis

984 2392 1125 2424 mutatis.
1178 2393 1255 2424 Non
1286 2393 1405 2433 probo.
1449 2392 1553 2423 Rebus
1577 2392 1685 2423 estin

985 2445 1082 2475 Carr.
1109 2443 1229 2475 Petav.
1253 2443 1377 2484 Scalig.
1409 2443 1505 2474 Leid.
1538 2451 1586 2482 pr.
1616 2451 1686 2474 sec.

985 2495 1098 2526 Palat.
1116 2499 1151 2525 et
1166 2493 1343 2525 Vossiano.
1360 2494 1466 2524 Beue.
1483 2491 1562 2532 Ejus
1575 2491 1686 2532 glossa

985 2551 1038 2575 est
1053 2544 1163 2574 verbis.
1204 2543 1335 2574 Passim
1357 2552 1406 2573 res
1426 2546 1602 2572 sumuntur
1626 2551 1686 2582 pro

985 2594 1205 2635 argumentis,
1232 2592 1288 2624 filo
1314 2591 1488 2629 orationis,
1514 2595 1549 2621 et
1573 2591 1685 2623 simili.

986 2645 1076 2676 Vide
1114 2649 1241 2685 praeter
1279 2643 1362 2673 alios
1400 2642 1450 2672 Cl.
1490 2641 1604 2672 Burm.
1642 2641 1685 2673 ad

987 2695 1122 2726 Piiaedr.
1150 2704 1172 2725 ι.
1196 2696 1249 2724 27.
1281 2692 1372 2723 Hinc
1390 2700 1481 2731 saepe
1506 2691 1563 2722 hac
1577 2701 1623 2730 re,
1636 2691 1686 2722 his

984 2746 1085 2784 rebus,
1107 2744 1213 2785 quibus
1237 2742 1345 2774 rebus:
1369 2752 1445 2773 cum
1469 2741 1510 2772 de
1533 2741 1686 2773 oratione

986 2796 1040 2829 vel
1055 2804 1209 2828 sermone
1233 2798 1368 2835 agatur,
1392 2797 1459 2824 tam
1477 2792 1568 2834 apud
1593 2792 1684 2832 alios,
