1872 3115
307 184 393 224 970

309 288 457 320 Clarkio.
482 287 608 318 Forsan
623 285 809 325 scripserat
821 284 934 315 C-aesar
946 285 1009 325 pri-

307 349 355 369 mo
370 339 420 370 die
441 339 461 368 i.
475 346 504 367 e.
521 345 621 376 quam
639 335 802 375 primum3
825 336 880 365 vel
900 340 939 366 ut
952 336 1009 366 ali-

309 394 360 420 ter
375 389 498 418 dicitur
512 386 611 425 primo
627 394 740 425 qnoque
755 385 821 415 die:
837 385 925 425 quod
944 395 1009 415 uon

307 439 517 469 intellectum
549 435 672 466 abierit
714 435 747 465 in
786 436 909 466 XIImo
938 437 1008 467 die.-

308 498 382 529 quae
409 487 512 517 verba
535 485 703 517 celerrimi
729 486 874 516 Caesaris
892 486 1009 526 pra-ci·

309 539 370 579 piti
387 538 520 577 ingenio
535 537 633 578 plane
649 542 726 568 sunt
743 538 924 568 contraria.

353 593 389 619 ll
417 588 562 628 Proviso]
595 589 681 618 Mss.
710 588 794 628 Reg.
825 588 950 618 Eliens.
976 591 1012 619 ct

310 641 419 672 Vossii
446 644 635 680 comparatu.
678 640 785 670 Clark.
826 640 924 670 Hanc
948 639 1012 670 lec-

310 691 436 723 tionem
454 701 472 722 a
488 692 661 732 Scaliger-0
685 701 727 721 ex
756 691 868 721 Ursini
893 695 927 720 et
951 699 1011 720 sno

313 742 436 773 Codice
465 742 643 781 adreptain
682 739 881 771 confirmant
911 749 1012 770 niem-

311 791 422 823 branae
453 791 610 828 Audin-21¹,
650 791 860 821 Oxonienses
887 795 923 821 et
951 791 1014 820 Cu-

304 842 399 881 jacii.
417 851 470 872 111.
487 845 535 871 19.
550 844 558 858 ⁴
575 850 609 871 re
623 840 846 870 frumentaria
859 839 1014 879 provisa?

311 900 360 922 lv.
377 895 428 922 29.
454 890 684 922 ‘frumentum
714 890 909 930 provisum!
952 889 1015 920 Ce-

311 942 372 972 teri
390 950 505 972 omnes
522 947 597 972 cum
611 940 690 971 olim
704 940 806 971 editis
819 942 1014 980 comparata.-

311 997 347 1023 ut
360 1002 385 1023 1.
401 995 453 1023 37.
472 1001 520 1022 iv.
541 995 591 1023 17.
606 997 642 1023 et
662 991 806 1032 passim;
824 990 911 1031 qnod
930 999 1016 1030 prze-

311 1040 444 1074 t'erebat
469 1043 520 1073 liic
548 1042 716 1074 Gruterus
737 1041 780 1072 ob
798 1050 867 1081 seq.
891 1041 923 1070 in
947 1050 1017 1080 pro-

311 1093 384 1123 riso.
418 1092 485 1123 Sed
511 1092 623 1132 aptius
650 1097 686 1123 ct
709 1091 877 1122 celeritati
895 1100 1016 1122 conve-

311 1142 456 1174 nientius
478 1141 613 1172 videtur
630 1140 745 1180 fuisse,
764 1140 932 1172 C-aesarem
950 1150 1018 1170 nio-

312 1192 355 1224 do
373 1193 573 1233 providisse,
595 1191 762 1233 quomodo
788 1191 851 1222 sibi
877 1200 1017 1231 suppor-

313 1247 444 1274 taretur
460 1242 680 1281 frumentum,
694 1252 792 1283 quam
817 1241 871 1272 liic
892 1241 924 1272 in
949 1242 1019 1272 lon-

314 1304 391 1335 gum
422 1294 487 1325 iter
517 1302 740 1333 comparasse.
766 1292 808 1323 V.
831 1301 855 1322 1.
882 1294 934 1322 23.
963 1294 1016 1322 40.

314 1344 402 1376 infra
418 1354 447 1376 c.
465 1349 496 1376 5.
515 1354 570 1375 111.
591 1347 640 1375 17.

356 1404 411 1426 ιιι.
439 1398 454 1425 1
483 1395 680 1434 Celeriusque
706 1393 838 1424 omnium
863 1393 1018 1433 opinione]

315 1445 425 1476 Nemo
436 1444 594 1475 dubitare
613 1448 740 1484 potest,
754 1444 832 1484 quin
845 1445 917 1474 haec
932 1444 1018 1474 bene

315 1495 437 1526 Latina
454 1496 540 1526 sint:
567 1498 719 1525 attamen
735 1493 768 1523 in
785 1493 878 1523 nullo
901 1492 1019 1523 codice

314 1545 363 1576 ita
391 1545 534 1585 reperio.
573 1543 721 1574 Omnium
746 1542 834 1572 enini
860 1541 959 1572 deest
986 1542 1019 1571 in

316 1594 411 1625 Leid.
437 1598 516 1625 tert.
540 1598 576 1625 et
600 1593 663 1624 Ed.
687 1593 838 1631 Incerta,
866 1596 902 1622 ut
928 1591 1019 1631 apud

315 1645 452 1676 Sallust.
479 1645 520 1675 B.
548 1644 628 1684 Jug.
664 1653 695 1674 c.
727 1645 779 1674 85.
822 1641 1020 1682 ‘Opinione

315 1696 466 1737 asperius
480 1695 500 1726 ι’
536 1695 592 1726 ubi
615 1694 672 1725 adi
697 1693 858 1725 Cortium.
899 1692 1021 1724 Cicero

317 1745 361 1776 ad
380 1745 495 1776 Famil.
513 1746 577 1785 Ep.
597 1753 672 1776 xlv.
690 1746 744 1775 23.
760 1744 769 1760 ‘
783 1743 952 1784 Opinione
968 1752 1023 1774 ce-

317 1796 417 1827 lerius
446 1800 606 1826 venturus
623 1804 695 1826 esse
711 1793 858 1824 dicitur!
893 1794 1022 1824 Verum

320 1852 387 1878 tres
402 1845 638 1885 Bongarsiani,
654 1845 777 1874 Petav.
794 1844 919 1874 Lovan.
935 1844 1022 1875 Scal.

320 1895 475 1927 Leidens.
499 1905 550 1935 pr.
568 1895 664 1925 Voss.
681 1894 778 1934 prim.
806 1894 938 1925 Carrar.
957 1894 1022 1933 Eg-

318 1947 434 1978 inund.
456 1951 492 1977 et
519 1946 667 1986 quinque
691 1944 748 1976 alii
769 1954 845 1975 cum
869 1944 1024 1975 editioni-

321 1998 382 2029 bus
411 1997 526 2037 primis
558 1995 720 2027 exhibent
750 1995 831 2025 omni
863 1995 1023 2035 opinione:

320 2047 409 2089 quod
436 2047 588 2086 recipere
617 2055 683 2077 nou
711 2046 935 2086 haesitasscni,
960 2046 1023 2076 nisi

319 2098 520 2130 haberemus
547 2097 648 2128 etiam
678 2106 726 2128 vr.
749 2100 800 2128 30.
832 2098 840 2113 ‘
857 2097 1024 2129 Celeriter

321 2154 509 2189 contraque
531 2148 679 2179 omnium
705 2148 923 2189 opinionein.'
960 2157 1025 2179 vu.

321 2202 374 2230 56.
391 2200 399 2216 ‘
420 2200 549 2230 Contra
569 2199 717 2229 omnium
741 2197 959 2239 opinionem.’
982 2199 1024 2230 B.

321 2248 418 2280 Alex.
447 2259 477 2279 c.
509 2251 562 2280 71.
592 2251 644 2280 78.
675 2249 854 2280 ‘Celerius
876 2248 1023 2279 omnium

321 2297 502 2339 opini‹›ne.’
539 2300 652 2329 Omnes
665 2299 834 2329 noluntates
849 2299 895 2329 sic
911 2297 1025 2329 forsan

321 2348 409 2379 dixit
441 2357 500 2387 pro
530 2348 666 2378 omnium
695 2352 795 2378 mente
820 2357 853 2378 v.
882 2350 934 2379 53.
966 2347 1024 2378 ubi

325 2398 414 2430 vide.

365 2452 384 2481 3
408 2450 534 2480 Primos
559 2449 698 2479 civitatis
719 2447 798 2488 suoe]
824 2448 921 2488 Ejeci
948 2448 1024 2479 ulti-

324 2509 411 2532 mam
441 2500 592 2529 voculam
624 2498 830 2529 auctoritate
858 2498 1023 2537 Bongars.

320 2560 392 2582 sec.
420 2549 540 2580 Petav.
563 2549 688 2579 Lovan.
710 2549 806 2588 Egm.
834 2554 870 2579 et
892 2555 1022 2588 septem

323 2601 466 2632 aliorum
489 2609 528 2630 ac
553 2599 640 2630 Edd.
665 2600 760 2630 Vett.
790 2598 910 2639 quibus
932 2609 1026 2630 acce-

324 2647 410 2682 dunt
442 2650 554 2681 Ursini
583 2654 619 2680 et
645 2650 775 2680 Brantii
802 2649 957 2681 Codices.
986 2651 1024 2681 V.

324 2701 427 2732 etiam
442 2711 464 2731 1.
480 2703 509 2731 3.

370 2755 388 2783 4
423 2752 486 2787 Qui
510 2749 662 2790 dicerent]
693 2749 734 2782 Iu
760 2749 896 2791 optimis
926 2760 1026 2783 mem-

765 189 905 219 NOTAE
939 189 1200 220 VAmoRUM
1237 189 1287 218 IN

1062 284 1175 315 branis
1192 284 1309 314 deesse
1328 283 1430 314 verba
1445 282 1495 322 qni
1511 281 1645 313 dicerent
1663 286 1763 313 testa-

1062 341 1117 366 tur
1133 336 1167 367 J.
1191 336 1242 365 Fr.
1269 334 1461 364 Gronovius
1489 333 1530 363 ad
1556 333 1694 363 Senecae
1719 333 1762 363 de

1061 384 1181 416 Beuvt'.
1200 395 1263 415 vir.
1281 388 1333 415 30.
1364 385 1483 425 Neque
1502 395 1520 414 a
1538 384 1673 415 Caesare
1689 392 1763 414 esse

1061 441 1193 467 censet.
1238 435 1363 466 Eadem
1385 434 1462 464 milii
1496 433 1528 464 in
1560 433 1669 464 animo
1695 438 1764 464 stat

1062 485 1244 524 sententia,
1265 494 1338 516 cuni
1356 487 1526 516 Caesarem
1549 483 1628 514 alibi
1646 483 1694 514 sic
1711 484 1758 514 lo-

1062 541 1176 566 cutum
1193 545 1264 566 csse
1290 536 1406 566 sciam.
1445 535 1555 576 Igitur
1582 535 1637 565 ille
1661 535 1701 565 B.
1719 534 1765 565 G.

1063 595 1118 616 111.
1148 591 1177 615 hl.
1210 588 1446 615 ‘communem
1484 585 1685 625 legationem
1720 583 1764 614 ad

1063 635 1103 666 P.
1136 637 1292 666 Crassum
1324 635 1476 674 mittunt,
1506 635 1533 665 si
1569 635 1651 666 velit
1687 643 1765 665 suos

1064 685 1231 726 recipere,
1255 685 1389 716 obsides
1415 685 1480 715 sibi
1506 684 1682 716 remittat.'
1718 684 1768 715 Si-

1064 736 1189 767 militer
1206 736 1308 767 etiam
1333 736 1481 776 scriptor
1505 735 1548 766 de
1573 735 1662 766 bello
1692 734 1769 766 His-

1065 796 1141 826 pan.
1171 797 1200 818 c.
1231 789 1280 817 19.
1306 788 1315 802 ‘
1333 787 1501 817 Caesarem
1529 785 1708 817 adierunt:
1731 784 1768 816 Si

1065 836 1129 866 sibi
1162 836 1267 867 vitam
1300 836 1519 875 concederet,
1550 845 1624 866 sese
1654 835 1688 866 in
1719 844 1769 866 se-

1067 887 1183 928 quenti
1211 887 1264 918 die
1291 886 1454 927 oppidum
1476 895 1550 916 esse
1569 883 1770 917 dedituros?

1068 937 1187 968 Nostri
1216 942 1330 968 tamen
1362 937 1440 967 libri
1471 946 1571 968 voces
1599 945 1655 967 eas
1691 935 1771 967 reti-

1067 992 1160 1018 nent.
1195 988 1309 1019 Dat-is.
1333 997 1404 1018 cur.
1430 997 1500 1018 sec.
1546 986 1686 1018 Scilicet
1713 986 1771 1018 ab·

1068 1037 1234 1068 suntliaec
1259 1037 1365 1068 verba
1391 1047 1411 1068 a
1435 1037 1639 1069 membranis
1664 1037 1771 1068 Andi-

1067 1089 1129 1129 nis,
1152 1089 1272 1129 quibus
1294 1088 1522 1130 suffragantur
1537 1089 1770 1121 oxonienses:

1069 1144 1103 1169 et
1133 1144 1227 1170 certe
1252 1138 1353 1171 facile
1375 1140 1416 1171 iis
1439 1149 1558 1171 carere
1586 1148 1772 1181 possemus.

1069 1189 1156 1221 Vide
1175 1198 1199 1221 1.
1219 1193 1269 1221 17.
1285 1195 1320 1221 et
1335 1193 1386 1222 34.
1403 1195 1439 1222 et
1455 1191 1496 1221 B.
1515 1191 1591 1222 Civ.
1610 1199 1633 1221 1.
1646 1193 1698 1221 69.
1715 1189 1773 1221 ubi

1068 1241 1177 1281 plura.
1204 1241 1331 1271 Verum
1348 1251 1424 1272 cum
1441 1241 1549 1272 ceteri
1566 1242 1647 1272 Mss.
1664 1250 1704 1272 ea
1721 1249 1773 1271 re-

1070 1293 1214 1333 tineant,
1241 1293 1322 1323 nihil
1354 1298 1484 1324 temere
1508 1298 1641 1324 mutare
1657 1293 1774 1333 velim,

1069 1344 1260 1383 praesertim
1279 1353 1358 1374 cum
1383 1348 1417 1374 et
1445 1344 1527 1374 alibi
1550 1345 1598 1374 sic
1616 1344 1774 1384 loquatur

1069 1401 1203 1433 quoque
1220 1392 1344 1423 Caesar.
1361 1401 1386 1423 1.
1399 1395 1431 1423 7.
1447 1394 1456 1410 ‘
1475 1393 1621 1432 Legatos
1637 1392 1679 1424 ad
1697 1401 1774 1424 eum

1070 1442 1212 1473 mittunt
1227 1442 1451 1474 nobilissimos
1474 1443 1638 1483 civitatis,
1655 1444 1710 1484 qui
1727 1443 1776 1474 di·

1069 1497 1201 1531 cerem,
1224 1492 1285 1522 sibi
1311 1501 1382 1522 esse
1417 1493 1451 1522 in
1482 1492 1616 1532 animo‚’
1643 1495 1709 1524 &c.
1734 1493 1776 1524 Β.

1071 1541 1144 1572 Civ.
1162 1550 1203 1572 11.
1222 1545 1272 1572 36.
1288 1542 1297 1558 ‘
1312 1541 1437 1573 Nuncii
1458 1542 1622 1582 praemissi
1638 1542 1680 1573 ab
1694 1551 1775 1584 rege

1069 1591 1159 1623 Juba
1177 1595 1353 1632 venerunt,
1367 1592 1425 1632 qui
1437 1591 1531 1623 illum
1547 1592 1667 1624 adesse
1686 1593 1777 1624 dice-

1072 1642 1170 1673 rent!
1195 1643 1236 1673 B.
1253 1641 1329 1674 Afr.
1356 1652 1386 1674 c.
1411 1646 1463 1674 57.
1479 1644 1488 1660 ‘
1503 1642 1633 1685 missus,
1646 1644 1704 1685 qui
1727 1644 1775 1675 di·

1073 1691 1190 1732 ceret,’
1207 1694 1270 1724 sec.
1284 1693 1330 1735 ‚B.
1343 1692 1432 1724 Gall.
1447 1702 1482 1724 v.
1499 1697 1528 1724 1.
1542 1694 1551 1710 ‘
1570 1694 1716 1735 Legatos
1733 1693 1775 1725 ad

1073 1752 1149 1773 eum
1165 1742 1320 1781 mittunt,
1333 1743 1388 1783 qni
1407 1743 1567 1781 doceant,
1590 1743 1693 1784 nihil:
1710 1746 1776 1776 ὅτε.

1073 1792 1201 1823 Eodem
1228 1793 1328 1823 modo
1351 1802 1400 1825 w.
1417 1796 1446 1824 9.
1471 1794 1612 1826 Scilicet
1635 1795 1777 1827 variavit

1073 1844 1145 1874 haec
1161 1843 1337 1883 eleganter
1361 1845 1487 1876 Caesar.
1531 1844 1659 1876 Omisit
1685 1846 1775 1877 enim

1074 1894 1114 1924 B.
1131 1894 1174 1925 G.
1190 1902 1228 1924 ιι.
1245 1897 1275 1926 7.
1293 1894 1380 1926 adde
1398 1896 1440 1925 B.
1458 1895 1530 1927 Civ.
1547 1905 1587 1926 11.
1603 1899 1656 1927 20.
1682 1897 1775 1928 Hirt-

1074 1945 1114 1974 B.
1129 1943 1229 1974 Alex.
1244 1954 1274 1975 c.
1288 1947 1341 1976 34.
1366 1945 1404 1976 In
1420 1945 1492 1976 aliis
1505 1946 1587 1977 locis
1600 1945 1659 1986 ait,
1672 1946 1681 1963 ‘
1695 1956 1777 1988 quo-

1074 2005 1147 2026 rum
1170 1995 1242 2026 liaec
1269 1994 1333 2027 suit
1363 1996 1494 2036 oratio,’
1519 1999 1528 2013 ⁸
1545 1996 1600 2038 qui
1625 1997 1668 2028 ad
1687 1997 1775 2029 hunc

1074 2047 1210 2078 modum
1237 2047 1342 2078 locuti
1370 2047 1479 2078 suntz'
1510 2051 1544 2078 et
1567 2048 1698 2079 similia.
1736 2048 1777 2079 Iu

1075 2098 1197 2139 quibus
1214 2099 1285 2129 sinc
1304 2099 1472 2129 Mstorum
1497 2107 1663 2129 consensu
1686 2099 1778 2130 inno·

1075 2157 1156 2178 vare
1187 2148 1313 2188 aliquid
1345 2146 1396 2178 fas
1424 2157 1490 2178 non
1518 2153 1583 2188 est,
1609 2149 1776 2189 quomodo

1075 2198 1167 2230 Clar.
1203 2198 1337 2230 Cortins
1361 2197 1401 2228 ad
1423 2199 1562 2230 Sallust.
1578 2198 1657 2239 Jug.
1673 2210 1703 2231 c.
1721 2202 1775 2231 62.

1075 2250 1084 2266 ‘
1105 2250 1295 2280 Mittuntur
1330 2249 1447 2289 legati,
1482 2249 1539 2290 qui
1571 2249 1775 2290 Jugurtham

1076 2299 1242 2339 imperata
1261 2298 1429 2330 facturum
1448 2299 1624 2339 dicerent,'
1649 2304 1778 2331 temere

1076 2353 1194 2379 contra
1221 2358 1336 2379 omnes
1364 2349 1486 2388 luston,
1509 2359 1528 2380 e
1553 2352 1650 2380 textu
1676 2349 1779 2390 ejecit

1076 2399 1129 2438 qui
1144 2399 1292 2429 dicerent.

1119 2453 1136 2480 5
1164 2450 1241 2479 Cum
1262 2450 1389 2489 reliquis
1408 2449 1533 2489 Belgis]
1555 2449 1620 2480 Ms.
1638 2449 1777 2481 Norvic.

1076 2510 1143 2531 cum
1175 2500 1287 2539 Belgis
1318 2500 1466 2540 reliquis,-
1500 2499 1665 2530 editiones
1694 2500 1779 2532 anti-

1076 2551 1243 2591 qnissimae
1274 2551 1370 2581 Rom.
1398 2550 1484 2580 Ven.
1515 2550 1671 2582 Beroald.
1709 2560 1779 2582 cum

1077 2601 1188 2641 Belgis
1214 2601 1420 2641 reliquisque:
1457 2610 1557 2641 quam
1594 2601 1778 2632 lectionem

1076 2651 1148 2692 ipse
1169 2651 1375 2682 verissimam
1401 2651 1566 2681 arbitror:
1592 2659 1667 2681 nam
1693 2650 1781 2683 Ger-

1077 2701 1179 2742 mani,
1204 2701 1261 2742 qui
1297 2701 1345 2732 cis
1379 2701 1529 2732 Rhenum
1568 2701 1777 2739 incolebant,

1077 2762 1151 2785 sese
1176 2762 1252 2785 cum
1282 2751 1399 2793 Belgis
1429 2752 1697 2793 conjunxerant3
1730 2751 1780 2785 illi
