1818 3131
313 175 407 205 Llss.
433 174 538 204 vlu.
570 171 677 202 cAP.
707 161 777 201 50.
811 172 873 201 DE
909 171 1063 202 BELLO
1095 171 1324 202 GALLICO.

107 276 177 300 nec.
197 268 415 308 spoliarentur.
462 266 614 297 Andinus
637 268 746 295 tamen
772 269 807 295 et

110 318 223 349 Oxon.
247 328 322 348 cum
351 317 472 347 Petav.
498 319 635 346 servant
657 314 807 353 exspolia-

107 371 188 399 rent.
233 369 347 398 Valer.
377 367 467 397 Max.
490 375 514 396 1.
540 368 568 395 l.
585 365 600 404 §
615 366 668 394 20.
693 365 702 380 ‘
717 363 806 393 The-

108 428 206 449 sauro
249 418 464 457 Proserpinae
507 413 714 455 spoliando?
750 413 805 444 ubi

107 467 262 499 Harlem.
303 466 386 497 Cod.
425 470 460 496 et
499 465 557 495 alii
598 464 805 504 exspoliando.

106 518 196 549 Vide
214 519 253 549 ad
281 528 344 550 vu.
359 521 412 548 77.
436 518 444 534 ‘
457 517 530 547 Hos
546 521 661 547 vestro
682 516 805 546 auxilio

108 568 325 608 exspoliare!
391 568 552 598 Ceterum
590 570 735 607 exceptus
771 570 806 597 et

107 627 203 660 seqq.
227 628 332 659 usque
357 619 398 649 ad
419 619 522 649 verba
548 619 603 649 illa
627 628 655 649 c.
671 621 722 648 53.
748 628 806 657 quo

105 668 249 708 majores,
273 668 396 699 desunt
413 669 445 698 in
474 669 581 708 Bong.
603 678 669 698 sec.
692 667 805 697 Vossi-

105 718 192 758 anis,
220 719 387 759 Egmund.
412 719 571 759 Gottorp.
600 717 695 749 Leid.
723 722 805 749 tert.

106 772 143 799 et
160 769 223 799 Ed.
240 768 312 799 Inc.
337 769 464 799 Verum
484 773 632 808 exparte
648 768 806 806 leguntur

106 816 148 847 ad
162 816 263 848 finem
278 819 373 859 hujus
399 818 474 849 libri
505 817 657 855 adtexta,
684 827 805 858 nempe

109 867 151 898 ad
167 869 272 900 verba
289 879 319 901 c.
336 873 388 901 52.
421 872 429 887 ⁴
445 880 520 901 cum
549 870 693 901 caesaris
710 879 804 899 caus-

106 918 199 957 sam,'
223 919 272 950 ita
287 925 322 949 ut
339 919 499 950 deficiant
519 920 551 950 in
565 919 692 960 syllaba
712 920 792 949 Coee.

150 971 189 999 17
215 969 364 1009 Ereptum
395 970 484 1009 Serg.
532 970 641 1000 Galbae
671 970 803 1000 consula-

104 1017 184 1057 tum]
230 1019 357 1049 Contra
379 1019 557 1050 Suetonius
580 1019 702 1051 Galbae
727 1030 756 1050 c.
773 1021 804 1049 3.

105 1067 115 1084 ‘
133 1066 242 1107 Hujus
258 1078 362 1107 nepos
374 1069 483 1108 (serg.
498 1069 626 1107 Galba)
637 1069 680 1099 ob
694 1069 805 1108 repul-

105 1126 174 1148 sam
190 1119 382 1156 ,consulatus
404 1118 554 1149 infensus
576 1119 646 1150 Jul.
663 1118 804 1156 Caesari,

105 1167 202 1208 cujus
229 1168 362 1208 legatus
389 1169 422 1199 in
444 1169 558 1200 Gallia
571 1168 698 1206 fuerat,
726 1177 804 1200 con-

105 1217 248 1257 spiravit
265 1227 338 1247 cnm
362 1218 479 1249 Cassio
496 1224 531 1249 et
548 1218 656 1249 Bruto
673 1218 691 1255 ;’
720 1217 804 1248 adeo

105 1270 143 1296 ut
179 1265 361 1298 videantur
398 1272 515 1299 noster
552 1272 589 1298 et
625 1267 805 1298 Suetonius

105 1314 272 1347 frontibus
284 1317 431 1347 adversis
447 1317 621 1348 dimicare.
670 1317 804 1348 Nodum

107 1366 205 1396 solvit
217 1365 281 1396 Ph.
300 1365 485 1403 Rubenius,
503 1367 560 1406 qui
579 1366 688 1397 Elect.
707 1375 731 1396 1.
748 1368 802 1396 27.

106 1414 274 1455 duplicem
292 1415 394 1446 fuisse
421 1417 588 1455 repulsam
615 1415 803 1447 contendit.

105 1463 235 1503 Prima,
260 1475 359 1506 quam
380 1470 545 1495 memorat
563 1466 711 1504 Hirtius,
728 1475 804 1496 eve-

105 1514 166 1553 nit,
182 1524 258 1545 cum
286 1516 402 1546 Caesar
429 1521 521 1546 esset
537 1515 569 1545 in
592 1515 734 1553 Galliis;
759 1516 804 1546 al-

104 1568 225 1603 teram,
242 1565 338 1606 cujus
361 1565 513 1596 meminit
525 1565 718 1604 Suetonius,
733 1565 805 1596 Cae—

107 1623 182 1646 sare
199 1615 271 1655 jam
287 1615 468 1655 dictatore,
479 1616 659 1655 contigisse
673 1620 803 1647 censet.

106 1665 222 1696 Dat-is.

150 1716 189 1745 18
211 1713 282 1745 Sibi
307 1713 499 1754 conjunctus]
549 1715 721 1746 Pronomen
751 1719 805 1746 est

106 1763 295 1803 reciprocum
340 1774 402 1804 pro
453 1765 707 1802 demonstrativo,
746 1765 803 1805 qui

106 1813 243 1854 quidem
273 1813 434 1854 loquendi
459 1814 578 1844 modus
610 1814 664 1844 Fr.
696 1815 805 1845 Hoto-

107 1873 229 1894 manno
245 1863 347 1895 durus
359 1864 506 1902 videtur,
520 1873 582 1895 nec
597 1869 712 1895 tamen
728 1874 804 1895 eum

106 1911 308 1954 refugerunt
322 1913 442 1954 optimi
470 1914 669 1954 scriptores.
715 1915 804 1946 Nos·

105 1966 160 1994 ter
177 1963 266 1994 Bell.
282 1962 392 1995 Afric.
410 1974 440 1995 c.
464 1967 517 1995 49.
553 1966 562 1981 ‘
580 1964 725 2005 Longius
740 1965 804 1996 sibi

105 2012 349 2053 progrediendi
364 2014 561 2054 eripuerunt
578 2013 802 2046 facultatem!

104 2062 274 2104 Sulpicius
289 2064 434 2096 Severus
447 2065 540 2095 Hist.
558 2065 653 2096 Sacr.
671 2074 713 2096 ιι.
728 2068 758 2096 2.
772 2069 803 2096 4.

104 2112 206 2145 ‘Jam
245 2114 396 2145 revelato
426 2114 486 2144 sibi
524 2124 586 2154 per
622 2115 804 2146 Dominum

106 2163 294 2204 mysterio.'
318 2164 415 2195 Idem
437 2164 507 2195 Vit.
525 2165 566 2196 B.
586 2165 726 2196 Martini
743 2173 804 2196 xv.

105 2215 137 2243 4.
181 2214 191 2230 ‘
210 2213 413 2254 Plerumque
439 2220 552 2245 autem
572 2215 807 2246 contradicen-

107 2263 199 2294 tibus
228 2263 288 2294 m'bi
315 2263 470 2295 rusticis!
513 2263 582 2296 Adi
610 2266 714 2296 etiam
741 2265 805 2296 Th.

107 2311 332 2345 Muuckerum
343 2314 385 2344 ad
397 2314 522 2355 Hygini
533 2314 615 2345 Fab.
629 2324 678 2346 lx.
690 2325 724 2356 p.
735 2319 804 2348 108.

106 2361 220 2394 Dat-is.
273 2364 455 2395 Existimat
486 2365 658 2404 Davisius,
685 2376 805 2407 prono-

105 2421 184 2445 men
212 2413 400 2454 reciprocam
428 2413 482 2445 hic
510 2415 651 2455 positum
677 2425 737 2456 pro
753 2418 803 2448 de-

106 2464 332 2500 monstratit·o;
354 2463 413 2494 sed
432 2474 450 2495 a
481 2465 720 2498 Grammaticis
747 2467 803 2498 de·

107 2517 238 2553 ceptus.
296 2515 383 2546 Nam
408 2517 544 2555 proprie
573 2516 635 2547 hoc
667 2517 700 2547 in
729 2518 803 2549 loco

108 2562 188 2602 poni
216 2564 336 2595 debuit
378 2575 563 2605 pronomen
604 2567 804 2608 reciprocum,

108 2617 289 2653 propterea
304 2615 392 2655 quod
408 2617 551 2647 continu·
564 2618 716 2650 oratione
732 2618 804 2648 dix·

108 2666 184 2694 erat
214 2663 357 2705 Hirtius,
381 2668 390 2683 ‘
405 2668 576 2698 Caesarem
592 2667 721 2708 justam
745 2668 805 2699 sibi

107 2721 259 2746 caussam
286 2717 558 2760 existimare,’—‘
581 2720 745 2762 simulque
772 2730 805 2751 se

1440 163 1555 208 1325

860 270 895 295 et
931 265 1088 296 honorem
1118 275 1207 295 ntum
1245 264 1479 297 commendare
1493 267 1555 298 :’—

868 315 920 344 (οἳ
937 315 1150 345 adver-arios
1179 325 1248 345 suos
1265 324 1339 345 esse
1371 316 1557 358 gloriatos‚'

859 364 961 394 -—‘et
999 365 1071 394 sibi’
1098 365 1226 398 (eidem
1256 366 1385 396 scilicet
1412 367 1557 409 Caesari)

857 411 866 428 ‘
884 413 1026 444 Galbam
1042 424 1113 445 esse
1138 416 1356 454 conjunctum
1386 414 1557 448 familiari-

859 463 954 494 tate.’
979 464 1163 501 Cam-rum,
1181 466 1336 504 quoniam
1356 476 1458 497 mera’
1484 467 1558 498 sere

858 513 1011 544 tenebrae
1045 519 1133 551 sunt,
1165 515 1325 555 quicquid
1353 516 1414 546 hac
1446 517 1489 547 de
1520 525 1557 548 re

857 562 946 603 apud
963 562 1212 593 Grammaticos
1230 565 1317 594 inter
1334 575 1368 595 se
1383 567 1556 606 litigantes

858 613 1031 652 reperias3
1058 613 1209 643 breviter
1233 619 1339 644 totam
1364 616 1555 655 hujusmodi

857 662 1066 693 locutionum
1083 662 1247 693 rationem
1262 673 1431 704 apponere
1450 666 1557 697 visum

857 716 920 742 est.
966 712 1149 742 Primarius
1180 713 1285 752 igitur
1313 714 1381 743 sive
1413 715 1558 745 maxime

856 762 1020 792 naturalis
1068 766 1105 793 et
1153 762 1345 803 praecipuus
1394 764 1558 803 Reciproci

858 821 948 850 usus,
971 816 1023 842 est
1040 811 1071 842 in
1087 813 1241 843 sententia
1254 812 1420 852 simplic&
1443 813 1476 844 in
1493 823 1558 854 qua

859 861 978 900 oratio,
990 861 1077 892 unde
1091 860 1193 892 fuerit
1205 862 1393 901 transitiva,
1408 872 1448 894 eo
1458 872 1558 902 prox-

856 910 921 941 ime
946 916 980 941 et
1002 911 1177 942 immediate
1201 913 1309 953 (quod
1339 911 1448 953 aiunt)
1476 913 1559 944 reci·

856 966 1026 1000 precatur.
1072 963 1130 998 Ut,
1149 963 1295 993 Lucretia
1321 973 1356 993 se
1381 962 1557 1001 interfecit:

858 1011 936 1041 Cato
963 1015 1069 1051 pectas
1108 1022 1203 1042 suum
1239 1013 1346 1051 gladio
1386 1012 1558 1054 transfixit.

856 1060 935 1097 rbi,
951 1071 1026 1092 cum
1054 1062 1143 1092 nullo
1169 1062 1268 1092 modo
1291 1061 1373 1092 ferri
1390 1068 1502 1102 queat,
1519 1066 1557 1093 ut

855 1110 1143 1141 Demonstrativam
1169 1117 1314 1151 ponatur
1331 1121 1391 1151 pro
1410 1112 1557 1152 Recipro-

857 1170 890 1190 co
905 1170 914 1189 :
932 1160 1007 1200 quis
1022 1160 1111 1191 enim
1129 1170 1275 1201 unquam
1292 1166 1360 1191 tam
1392 1161 1556 1192 barbarus

855 1209 933 1248 fuit,
962 1215 1000 1241 ut
1036 1210 1180 1249 diceret,
1214 1211 1364 1241 Lucretia
1401 1221 1474 1242 eam
1512 1212 1559 1242 in-

855 1258 991 1298 terfecit,
1023 1269 1084 1300 pro
1124 1270 1165 1291 eo
1200 1260 1289 1302 quod
1313 1264 1378 1300 est,
1406 1270 1438 1291 se
1461 1261 1557 1292 inter-

848 1307 951 1345 fecit?
985 1309 1051 1348 vel,
1088 1310 1166 1339 Cato
1199 1312 1307 1349 pectus
1348 1310 1422 1350 ejus
1450 1311 1557 1350 gladio

855 1357 1028 1399 transfixit,
1066 1368 1127 1398 pro
1159 1368 1199 1389 eo
1237 1358 1326 1399 quod
1358 1364 1420 1399 est,
1447 1364 1558 1400 pectas

855 1417 951 1438 suum
981 1408 1173 1449 tranffixit?
1199 1409 1320 1450 Liquet
1346 1409 1476 1450 utique,
1492 1419 1556 1441 non

855 1467 952 1497 posse
971 1458 1162 1498 promiscue
1179 1459 1334 1499 usurpari
1355 1459 1557 1490 Demonstra-

854 1508 953 1538 tirum
975 1513 1010 1539 et
1028 1509 1227 1549 Reciprocam
1240 1520 1251 1545 ;
1273 1509 1332 1540 sed
1356 1510 1559 1540 Demonstra-

855 1558 953 1589 timtm
977 1569 1112 1600 semper
1137 1559 1375 1590 dernonstratite
1402 1569 1474 1591 esse
1497 1569 1556 1600 po-

856 1608 968 1646 situm,
999 1608 1201 1648 Reciprocum
1230 1618 1363 1649 semper
1393 1609 1557 1648 reciproce.

855 1657 1025 1696 Secundo,
1037 1662 1221 1697 usurpatur
1238 1658 1438 1697 Reciprocum
1452 1658 1556 1689 nihilo

856 1707 965 1737 minus
986 1708 1122 1747 proprie,
1137 1712 1172 1737 et
1199 1717 1316 1738 revera
1340 1708 1503 1748 reciproce,
1521 1708 1556 1739 in

854 1759 1008 1788 sententia
1045 1758 1247 1798 Compositm
1285 1758 1355 1795 ubi,
1392 1759 1455 1789 etsi
1489 1767 1556 1790 non

856 1807 990 1847 quidem
1027 1807 1203 1838 immediate
1233 1807 1340 1847 (quod
1368 1807 1491 1847 aiunt‚)
1520 1813 1556 1839 at

854 1855 958 1887 nihilo
975 1862 1089 1887 tamen
1102 1856 1210 1887 minus
1223 1866 1303 1894 rere,
1318 1857 1553 1898 reciprocatur

855 1916 931 1937 cum
961 1917 1012 1946 eo,
1043 1906 1134 1948 quod
1162 1907 1358 1947 praecessit:
1404 1912 1453 1946 ut,
1483 1911 1554 1939 orat

854 1956 971 1987 Petrus
987 1966 1023 1987 ne
1037 1958 1160 1987 deseras
1184 1966 1231 1987 se.
1277 1957 1378 1996 Nam,
1397 1957 1557 1997 quemad-

855 2006 990 2037 modum
1007 2011 1102 2038 recte
1123 2007 1259 2044 dicitur,
1274 2007 1389 2038 Petrus
1407 2009 1557 2041 sollicitus

854 2060 900 2087 est
925 2058 964 2087 de
989 2066 1047 2095 se;
1070 2057 1227 2088 similiter
1250 2063 1347 2090 recte
1367 2058 1487 2090 itidem
1507 2059 1558 2091 di-

854 2107 957 2145 citur,
971 2108 1124 2138 sollicitus
1139 2110 1184 2138 est
1198 2108 1326 2148 Petrus,
1347 2109 1461 2150 nequid
1474 2109 1556 2142 acci-

854 2159 909 2190 dat
927 2159 1011 2198 sibi;
1034 2161 1187 2191 sollicitus
1212 2163 1270 2199 est,
1286 2170 1324 2191 ne
1350 2161 1474 2192 deseras
1494 2171 1555 2201 se;

853 2212 956 2248 rogat,
980 2219 1017 2240 ne
1041 2211 1162 2241 deseras
1187 2220 1245 2248 se;
1267 2211 1319 2249 ᾄτ.
1366 2211 1407 2241 ln
1432 2210 1554 2252 quibus

853 2258 1006 2290 omnibus
1021 2259 1103 2290 illud
1121 2259 1173 2300 Se,
1188 2269 1285 2301 aeque
1303 2269 1381 2291 vere
1403 2261 1553 2302 recipro-

855 2314 952 2340 catur
967 2320 1042 2341 cum
1073 2311 1289 2351 praecedente
1308 2311 1422 2341 Petrus
1451 2321 1490 2342 ac
1519 2312 1553 2344 in

853 2361 1008 2391 sententia
1043 2360 1196 2401 Simplici.
1251 2360 1349 2392 Quod
1383 2361 1410 2391 si
1443 2361 1555 2402 hujus-

854 2411 1110 2442 modisententiae
1124 2412 1309 2451 Compos-itte
1320 2421 1396 2451 pars
1408 2416 1552 2452 utraque

853 2462 887 2493 in
905 2463 1058 2495 Persona
1072 2464 1175 2495 tertia
1191 2462 1374 2502 efferatum
1399 2469 1446 2501 ut,
1461 2467 1552 2502 rogat

853 2513 969 2543 Petrus
979 2514 1123 2553 Paulam,
1137 2523 1174 2544 ne
1186 2515 1308 2545 deserat
1319 2524 1354 2544 se
1365 2525 1373 2550 ;
1383 2515 1453 2554 jam
1467 2512 1550 2544 illud

853 2562 904 2601 Se,
923 2564 974 2593 vel
990 2573 1065 2594 cum
1094 2565 1198 2604 priore
1214 2569 1249 2594 et
1272 2565 1463 2601 remotiore,
1494 2562 1549 2593 vel

854 2622 928 2643 cum
936 2615 1106 2654 posteriore
1121 2622 1156 2646 et
1169 2615 1325 2656 propiore
1337 2613 1552 2644 Anteceden-

854 2668 900 2703 te,
916 2666 1043 2705 poterit
1058 2675 1154 2706 aeque
1168 2665 1305 2705 proprie
1321 2662 1525 2702 reciprocari
1538 2672 1549 2702 ;

853 2717 892 2745 ut
906 2715 1038 2747 scilicet
1063 2715 1117 2747 vel
1143 2714 1186 2745 ad
1214 2714 1345 2744 Petrum
1361 2717 1550 2753 rogantem,
