1818 3131
346 206 496 235 l‘RAEF.
532 204 625 234 mu.
648 204 755 235 vlu.

111 300 119 315 ‘
135 298 217 332 Qui<
241 308 279 329 eo
305 304 457 339 tempore
477 298 584 330 Persis
598 298 811 337 regnaverit!

114 350 217 381 Corn.
237 351 383 380 Severus
401 351 433 380 in
450 349 539 380 AEtn.
564 359 611 380 vs.
628 351 679 379 17.
705 351 713 365 ‘
727 349 813 379 Ulti-

111 410 163 430 ma
195 401 270 441 quis
300 400 405 430 tacuit
431 400 595 440 juvenum
624 399 813 430 certamina

112 450 277 481 Colchis?
323 451 377 480 Sic
407 450 493 479 enim
527 449 716 488 legendnm,
747 460 811 481 non

111 501 250 538 (folthos,
275 506 310 531 nt
336 500 460 530 habent
481 499 578 538 editi,
605 500 693 531 unde
720 510 813 532 com-

107 551 205 582 moda
223 551 460 590 interpretatio
488 551 631 582 extundi
660 561 725 582 non
754 561 812 592 po-

107 606 184 631 test.
232 600 276 631 At
293 601 324 631 in
351 601 485 632 Caesare
503 601 585 632 nihil
601 611 686 642 opus
702 606 754 633 cst
772 606 809 633 ut

107 651 291 692 quidquam
323 657 502 681 mutemus.
563 652 644 692 Ipse
675 651 812 683 Hirtius

106 701 245 742 hujusce
270 702 347 732 libri
378 712 408 733 c.
439 705 491 732 43.
530 703 676 733 ‘Nullas
708 702 812 734 habet

110 752 226 782 Gallice
239 761 358 792 magno
374 761 476 791 opere
494 761 545 782 res
560 751 694 792 gestas!
711 753 812 784 Corn.

108 802 228 842 Nepos
245 802 372 833 Chabr.
389 812 419 833 c.
433 806 463 832 3.
486 803 495 818 ‘
508 802 695 833 Plurimum
714 804 813 844 Cypri

107 852 220 883 vixit!
259 853 416 884 Lucanus
456 862 534 884 vm.
572 856 645 884 428.
679 855 747 885 ‘Et
785 855 812 886 si

113 902 276 933 Thessalioe
290 902 413 933 bellum
428 902 528 934 civile
546 908 721 943 peractum
736 906 812 936 est!

107 952 164 983 Sic
182 952 403 992 membranae,
419 963 481 984 noc
510 958 584 984 erat
612 964 753 985 necesse
775 960 813 986 ut

109 1002 155 1034 H.
174 1002 310 1034 Grotius
330 1004 527 1034 emendaret
544 1005 713 1036 Thessalia.
759 1005 813 1037 Ci-

111 1062 190 1084 cero
203 1053 302 1083 Tusc.
320 1054 449 1086 Quaest.
466 1063 506 1084 11.
524 1057 575 1085 22.
612 1056 620 1071 ‘
638 1055 721 1086 Cum
751 1056 813 1096 Cy-

106 1103 158 1143 pri
174 1102 208 1134 in
224 1112 340 1134 manus
358 1103 596 1135 Nicocreontis
612 1105 715 1145 Regis
731 1106 814 1137 inci-

111 1152 241 1184 disset?
285 1153 373 1184 'Vide
389 1158 425 1184 et
441 1154 638 1185 Sallustium
652 1155 812 1196 Jugurth.

111 1214 140 1236 c.
158 1208 210 1237 33.
236 1206 347 1238 Βαυὶς.
372 1207 412 1238 Β.
429 1207 504 1239 Civ.
523 1217 577 1238 111.
595 1210 669 1239 106.
693 1210 702 1225 ‘
715 1209 813 1240 Pom-

110 1257 223 1297 peium
253 1257 359 1298 Cypri
383 1258 514 1289 visum.’
557 1259 689 1290 Similia
715 1260 813 1300 plura

110 1307 186 1338 vide
205 1307 293 1348 apud
309 1308 402 1339 Voss.
420 1308 462 1339 de
490 1309 623 1340 Constr.
643 1318 674 1339 c.
699 1312 753 1341 25.
778 1313 813 1340 et

112 1358 152 1389 avl
180 1367 236 1388 ιιι.
265 1361 296 1389 7.
332 1360 340 1376 ‘
360 1359 402 1389 In
430 1359 605 1399 Illyricum
639 1359 812 1399 profectus

108 1409 184 1440 cst?
230 1410 305 1441 Nec
323 1415 418 1449 puto,
441 1408 605 1440 offensum
621 1410 777 1441 Vossium
793 1420 813 1441 a

111 1459 296 1498 Genitivis,
326 1459 368 1489 ab
396 1463 538 1499 utraque
563 1463 663 1500 parte
687 1460 813 1490 nomini

103 1509 245 1550 junctis.
292 1509 374 1550 Ejus
391 1509 480 1540 enim
497 1510 678 1541 locutionis
701 1520 813 1541 exem-

109 1561 167 1601 pla
181 1560 336 1592 dedimus
364 1560 406 1591 ad
435 1569 458 1592 1.
477 1562 527 1591 30.
552 1561 560 1577 ‘⁴
575 1560 813 1592 Helvetiorum

109 1610 240 1651 injuriis
257 1611 373 1651 populi
390 1610 553 1641 Romani!
599 1611 743 1642 Auctior
763 1617 815 1643 est

113 1663 224 1695 Oxou.
242 1663 346 1694 edens
370 1663 379 1679 ‘
393 1663 542 1702 suscepi,
555 1663 697 1694 Caesaris
712 1663 813 1704 quin.

117 1723 238 1743 comm.
257 1712 438 1743 contexui!
486 1713 541 1743 Ml
558 1717 662 1743 muto.

155 1763 229 1794 Non
255 1763 473 1803 comparandos
499 1762 721 1803 superioribus,
744 1763 813 1802 ξω]

111 1813 250 1851 Fateor,
266 1823 317 1842 me
333 1813 407 1843 liaec
424 1821 488 1842 non
506 1812 701 1852 intelligere
717 1815 726 1829 ⁴
740 1813 814 1843 Cae-

110 1864 193 1895 :aris
209 1863 466 1895 commentarios
483 1872 508 1893 r.
527 1873 558 1902 g.
578 1862 619 1893 G.
643 1872 708 1893 non
724 1872 813 1893 com-

110 1913 277 1956 parandos
294 1923 367 1954 sup.
383 1919 483 1954 atque
509 1913 568 1943 ins.
588 1912 661 1952 ejus
675 1912 813 1953 scriptis

108 1964 289 1996 contexui!
313 1963 412 1997 Quod
429 1970 548 1994 notare
565 1963 690 1993 debet:
716 1962 813 1993 Com-

109 2015 293 2047 mentarios
324 2015 365 2046 de
405 2014 548 2046 Caesaris
578 2014 680 2045 rebus
709 2014 813 2053 gestis

111 2065 297 2106 composui,
312 2065 366 2095 vel
390 2064 544 2104 supplevi
563 2074 620 2095 eos
644 2064 739 2102 meis,
758 2063 812 2104 qui

109 2125 177 2147 non
193 2114 412 2155 comparandi
427 2119 502 2144 sunt
520 2113 594 2154 ejus
608 2113 713 2144 libris.
743 2113 812 2144 Sed

111 2168 183 2196 tum
212 2166 332 2195 saltem
362 2163 478 2198 debuit
506 2163 585 2193 addi
611 2163 736 2194 ultimos
757 2163 811 2193 vel

111 2215 289 2245 ultimarum
305 2223 425 2244 rerum:
448 2218 483 2244 at
499 2213 553 2244 vel
570 2212 616 2243 sic
634 2214 724 2243 toret
740 2213 811 2243 hirc

109 2264 236 2295 locutio
266 2263 455 2294 durissima.
511 2263 635 2294 Sensus
664 2263 812 2294 auctoris

109 2322 185 2345 esse
209 2313 322 2351 debet,
349 2323 381 2344 se
395 2314 435 2344 ad
451 2313 695 2344 Commentarios
712 2314 811 2345 (ἴατα-

109 2364 158 2395 ris
186 2365 364 2394 adteruisse
388 2373 460 2394 snos
488 2365 733 2405 commentarios,
759 2364 813 2405 qui

109 2423 170 2445 non
184 2415 380 2455 comparandi
394 2418 466 2445 sunt
481 2414 698 2455 superioribus,
723 2415 813 2456 (scil.

109 2473 176 2496 vn.
206 2466 316 2496 Libris
344 2466 385 2496 de
413 2465 511 2497 Bello
534 2465 697 2507 Gallico‚)
724 2469 814 2507 atque

109 2513 340 2556 insequentibus
374 2516 435 2555 (de
477 2517 574 2547 Bello
603 2516 720 2555 Civili)
752 2518 815 2556 ejus

111 2567 249 2608 scriptis,
271 2568 383 2599 noviss.
407 2568 460 2606 ξε.
485 2571 588 2607 atque
611 2566 660 2597 ita
674 2574 705 2597 se
718 2567 814 2598 inter-

110 2619 247 2658 posuisse
259 2619 382 2658 mediis,
397 2619 464 2658 vel,
488 2622 526 2649 ut
539 2618 596 2648 alii
610 2617 738 2649 habent
753 2618 814 2649 mi-

115 2676 176 2698 nus
187 2669 365 2711 eleganter
380 2679 422 2700 ex
440 2669 740 2710 interpretatione,
753 2678 814 2700 me-

117 2718 215 2760 dium,
231 2719 357 2751 Cauris
369 2721 507 2760 scriptis.
553 2719 601 2752 At
622 2720 677 2753 hic
698 2729 814 2753 sensus

114 2776 134 2799 e
165 2768 301 2811 vulgata
326 2770 478 2803 lectione
507 2770 657 2813 exsculpi
683 2771 812 2813 nequit.

791 206 853 234 1)ss
888 206 1042 235 BELLO
1075 207 1099 233 C
1112 207 1134 235 ‚x
1149 206 1303 236 Lmen.

1447 198 1462 237 l
1475 197 1557 239 269

865 300 1091 340 Compar-andos
1117 301 1217 332 etiam
1244 311 1308 331 non
1332 306 1507 341 comparet
1530 303 1561 332 in

864 349 946 379 Mss.
966 351 1027 380 nisi
1053 351 1302 382 1·‹·‹·‹·nii‚.simis.
1352 353 1564 391 (.'mn1mr·‹111ti-

862 399 916 428 bus
933 404 984 430 est
1003 401 1032 429 in
1053 401 1215 439 lion-gans.
1235 412 1302 432 sec.
1324 402 1444 432 Petav,
1467 402 1568 434 Voss.

863 458 915 488 pr.
944 449 1038 480 Leid.
1058 461 1105 490 pr.
1133 452 1250 491 cujac.
1281 454 1406 483 Lovan.
1434 462 1473 484 ac
1502 462 1561 484 sex

862 500 935 531 aliis
965 506 1000 530 et
1030 501 1116 532 Eud.
1149 504 1352 534 Beroaldinn
1382 503 1563 544 prioribus.

863 551 1120 591 Compurentibus
1144 554 1250 592 Bong.
1269 555 1366 594 prim.
1412 555 1479 585 Sed
1497 555 1566 586 Ox-

861 601 1008 632 oniensis
1025 602 1162 633 exhibet
1179 605 1413 644 Cannam-undis.
1458 605 1567 636 Sensu

862 651 953 682 claro
984 652 1119 692 quidem
1154 656 1296 685 contexui
1334 655 1568 686 commentarios

866 702 1002 733 Coesaris
1017 714 1075 734 non
1091 706 1315 744 compar-audie,
1334 715 1379 736 sc.
1398 715 1565 737 commen-

864 753 968 792 tariiS,
992 763 1067 785 cnm
1092 755 1195 795 ipsius
1223 756 1399 796 operibns
1425 756 1484 787 sed
1510 756 1567 787 mi-

864 813 925 835 nus
954 805 1119 836 concinna
1148 815 1288 837 casuum
1316 806 1567 846 conjunctione.

863 854 985 886 Latere
1001 861 1114 887 tamen
1127 856 1285 887 mendum
1304 857 1438 887 videtur
1453 856 1486 886 in
1502 856 1566 887 hoc

864 906 1068 946 participio:
1110 907 1233 949 alioqui
1265 908 1433 938 levissima
1461 912 1567 938 muta-

864 956 955 987 tione
973 956 1145 987 emcndari
1163 962 1279 998 posset
1296 958 1401 997 locus,
1419 955 1565 988 scfiben-

864 1005 906 1036 do
921 1006 1158 1037 commentariis.
1189 1007 1342 1037 contexui
1356 1007 1377 1037 i.
1393 1017 1423 1037 e.
1439 1006 1568 1045 addidi,

864 1055 1017 1095 adjunxi,
1036 1060 1071 1086 et
1088 1056 1206 1087 consui
1231 1056 1366 1086 Casaris
1386 1058 1568 1086 commenta·

863 1105 922 1136 riis
932 1115 991 1135 non
1004 1107 1220 1146 comparandos
1233 1115 1278 1136 sc.
1297 1106 1568 1144 commentarios,

863 1156 928 1186 διο.
960 1164 1066 1195 quare
1094 1154 1223 1194 subdit,
1252 1165 1324 1195 quos
1353 1156 1485 1193 utinam,
1514 1157 1567 1195 ὅγε.

863 1205 1050 1246 Eleganter
1079 1210 1192 1236 autem
1222 1209 1382 1237 contexere
1418 1205 1567 1246 adhibet,

863 1255 954 1296 quod
969 1265 1034 1287 non
1050 1255 1149 1286 modo
1165 1255 1357 1296 conjungere,
1379 1255 1441 1287 sed
1464 1261 1500 1287 et
1523 1256 1569 1288 in-

862 1308 1007 1346 terrupta
1019 1306 1218 1337 continuare
1233 1310 1341 1337 notat.

905 1358 926 1385 6
963 1356 1205 1396 Novissimeque,
1237 1356 1430 1396 imperfecta]
1483 1357 1566 1388 Mss.

864 1406 947 1446 Reg.
965 1406 1091 1437 Eliens.
1108 1410 1144 1437 et
1160 1406 1284 1444 Vossii,
1302 1406 1567 1447 Novis-simumque

861 1456 1087 1497 imperfectum,
1102 1459 1155 1496 ᾅτ.
1182 1457 1289 1487 Clark.
1337 1457 1567 1497 Norissimeqne

862 1506 1075 1547 imperfectum
1109 1513 1270 1538 exaratur
1304 1508 1337 1538 in
1376 1508 1459 1538 Mss.
1487 1508 1566 1539 Urs.

863 1556 954 1588 And.
986 1562 1022 1588 et
1053 1558 1162 1589 Oxou.
1196 1558 1229 1588 in
1268 1558 1374 1597 Bong.
1413 1567 1480 1589 sec.
1513 1562 1566 1589 est

862 1607 1005 1647 not-isque
1050 1607 1265 1649 inperfectum.
1327 1607 1441 1638 Ceteri
1480 1607 1566 1639 Mss.

865 1667 981 1688 omnes
998 1663 1034 1689 et
1061 1658 1147 1689 Edd.
1175 1658 1308 1699 primm,
1332 1659 1411 1689 item
1427 1658 1568 1690 Vascos.

864 1717 931 1739 sec.
953 1708 1072 1749 steph.
1089 1709 1231 1750 aliaeque
1254 1709 1506 1749 notissimumque
1521 1710 1568 1740 z'n-

858 1759 1052 1799 perfectum.-
1087 1760 1149 1791 nisi
1178 1760 1267 1801 quod
1300 1761 1333 1790 in
1366 1760 1499 1792 Duker.
1531 1765 1568 1792 et

863 1809 961 1840 Voss.
980 1819 1048 1841 sec.
1066 1820 1105 1840 ac
1134 1811 1196 1841 Ed.
1221 1811 1382 1841 Beroaldi
1408 1812 1451 1842 sit
1476 1822 1512 1842 ηε
1535 1812 1568 1842 in

857 1859 1040 1900 perfectum.
1085 1860 1153 1891 Sed
1174 1865 1242 1891 tum
1266 1861 1456 1901 elegantius
1474 1863 1566 1903 lege-

863 1917 957 1942 retur
971 1911 1169 1942 novissimum
1180 1916 1290 1952 alque;
1313 1912 1403 1953 quod
1417 1913 1568 1954 conjecit

862 1963 1017 1994 Ursinus.
1064 1962 1113 1994 At
1127 1973 1192 1994 non
1210 1973 1294 2004 opus
1315 1967 1367 1993 est
1396 1963 1486 1994 illam
1512 1973 1566 1994 co-

863 2014 976 2053 pulam
992 2013 1153 2044 inserere.
1199 2013 1234 2044 Si
1259 2018 1373 2044 antem
1389 2013 1462 2044 haec
1488 2023 1569 2044 sana

862 2070 950 2101 sunt,
987 2064 1141 2094 ultimum
1171 2063 1291 2094 librum
1320 2064 1489 2104 intelligat
1514 2073 1570 2095 ne-

863 2124 960 2145 cesse
975 2120 1025 2144 est
1045 2115 1133 2145 Belli
1161 2114 1286 2152 civilis,
1310 2123 1455 2155 eumque
1471 2115 1571 2155 inper-

854 2164 976 2203 fectum
1003 2165 1105 2204 dicat,
1133 2165 1191 2206 qui
1207 2164 1331 2195 desinit
1360 2164 1393 2194 in
1417 2164 1568 2202 vocibus,

863 2214 977 2246 ‘Haec
1005 2215 1101 2246 initia
1133 2213 1212 2244 belli
1243 2213 1466 2244 Alexandrini
1497 2212 1567 2245 fue-

864 2264 973 2296 runt:’
1005 2275 1023 2295 a
1050 2265 1169 2305 quibus
1198 2265 1292 2295 illum
1317 2263 1465 2305 perfecit
1488 2264 1568 2295 Hir-

863 2315 941 2355 tius,
967 2326 1060 2356 usque
1089 2317 1129 2347 ad
1160 2316 1289 2352 exitum,
1329 2322 1380 2355 qe.
1440 2317 1568 2346 Verum

863 2367 1000 2397 sueton.
1027 2366 1060 2396 in
1087 2366 1176 2397 Caes.
1202 2376 1233 2397 c.
1260 2369 1313 2396 56.
1340 2366 1467 2397 diserte
1491 2365 1566 2397 haec

862 2417 966 2448 verba
979 2418 1073 2458 cepit
1089 2417 1132 2448 de
1148 2417 1210 2448 hoc
1234 2418 1368 2448 Octavo
1393 2417 1479 2448 libro
1496 2417 1566 2448 sive

865 2466 1118 2498 Commentario
1147 2467 1238 2498 Belli
1270 2467 1406 2505 Gallici,
1431 2467 1566 2497 dicens:

863 2517 872 2533 ‘
887 2517 1040 2548 Hirtium
1067 2520 1121 2559 qni
1149 2517 1253 2548 etiam
1270 2517 1397 2548 Gallici
1414 2516 1494 2547 belli
1510 2525 1568 2546 no-

865 2567 1037 2599 vissimum
1085 2566 1390 2609 imperfectumque
1442 2566 1566 2597 librum

865 2618 1105 2659 suppleverit?
1130 2617 1220 2649 unde
1247 2616 1360 2648 forsan
1390 2615 1568 2655 :egendum

865 2669 1173 2711 ‘novissimumque
1196 2666 1437 2709 inperfectum,
1465 2676 1504 2698 ac
1525 2666 1570 2697 de

866 2718 969 2751 rebus
985 2719 1113 2760 gestis,'
1130 2722 1192 2750 διο.
1237 2717 1328 2748 Hinc
1355 2715 1469 2748 forsan
1483 2716 1564 2749 illud

865 2780 901 2802 ac
912 2769 1029 2812 inperf.
1043 2769 1077 2802 in
1091 2767 1258 2802 nonnulliS
1271 2766 1458 2800 codicibus.
