1818 3131
239 192 352 236 1036

239 297 333 329 tibus.
378 297 560 335 Nimirum,
584 301 642 329 aut
661 308 724 328 vox
740 302 871 338 quatuor
895 299 942 329 in-

240 350 545 387 terpretamentum
584 351 656 384 cst;
709 352 767 378 aut
814 349 939 389 potius,

240 407 315 429 cum
333 399 496 438 scriptum
524 403 625 437 esset,
642 407 713 430 tin.
741 399 880 430 Librarii
895 400 939 430 le-

240 453 363 489 gerunt
403 449 443 478 iis
476 449 529 479 vel
559 448 616 480 hie.
655 449 770 480 Graec.
789 450 939 490 interpr.

239 497 365 537 σπείρας
386 498 479 537 τρεῖς.
515 499 620 533 Clark.
679 499 744 529 His
768 499 940 529 cohortibus

239 548 341 578 etiam
381 548 500 579 Celsus
540 553 576 579 ct
617 548 752 588 plurimi
794 559 939 579 uicorum

241 597 350 629 Codd.
387 598 441 628 vel
474 599 500 628 is
536 608 594 628 seu
629 598 699 629 hiis.
759 600 849 629 'l'ota
878 609 939 629 vox

239 647 339 680 deest
369 649 401 680 in
439 650 574 680 Carrar.
613 655 647 680 et
678 650 742 680 Ms.
771 650 939 680 Saiubuci.

241 698 320 730 Inde
344 698 447 730 habet
480 700 643 739 Egnuuul.
687 700 754 730 Sed
774 705 883 730 tamen
904 699 941 729 τὸ

238 752 372 788 quatuor
383 754 490 780 restat
504 750 536 779 in
551 749 667 789 Cujac.
685 749 833 788 mulino,
850 749 942 780 Leid.

241 800 362 839 primo,
386 800 508 840 Scalig.
537 806 572 830 et
605 800 809 830 Oxonicnsi:
839 810 941 840 quare

240 849 287 880 uil
306 851 437 880 innovo.

283 902 303 929 4
335 899 473 937 Integra?
502 899 540 928 ab
569 899 687 938 labore]
725 898 780 929 Sic
811 909 942 940 quoqne

242 947 374 987 Celsus,
391 948 448 978 scd
467 948 576 978 nullus
595 948 711 979 Codex
738 949 858 980 Mstus.
890 950 943 979 In-

241 999 345 1029 teritae
362 999 414 1029 vel
432 998 588 1030 interritae
605 1000 755 1040 plerique
768 1010 843 1031 cuni
856 1000 943 1032 Edd.

241 1050 339 1081 Vett.
368 1050 428 1082 sed
455 1050 577 1081 Audin.
605 1052 717 1082 Oxou.
751 1052 883 1082 Duker.
909 1056 944 1083 ct

242 1099 341 1131 Voss.
355 1100 522 1132 secundus
546 1102 672 1132 habent
700 1102 839 1137 intritoe:
867 1112 946 1143 quo-

242 1149 342 1181 modo
356 1159 399 1181 ex
414 1151 536 1182 vitiosa
550 1152 606 1182 τοῦ
623 1153 760 1183 inter-itte
774 1153 945 1193 scriptura

243 1201 393 1242 conjecit
415 1201 487 1242 jam
513 1202 591 1233 oliin
616 1203 796 1241 Gruterus,
821 1207 856 1234 et
874 1203 944 1243 plu-

244 1249 339 1281 ribus
356 1251 534 1289 legendum
552 1261 625 1283 esse
651 1252 827 1283 contendit
848 1252 881 1283 J.
907 1253 945 1283 F.

245 1299 393 1331 Gronov.
410 1300 453 1331 ad
469 1301 597 1332 Livium
614 1310 703 1332 xxii.
720 1305 772 1333 39.
818 1303 945 1333 Intritae

243 1358 305 1389 pro
342 1359 407 1380 non
438 1351 544 1390 tritae,
575 1360 639 1381 nou
672 1350 884 1391 defatigatae,
912 1352 945 1382 ἆ-

243 1402 410 1439 κραιφνεῖς,
437 1405 474 1431 ut
510 1401 558 1431 ait
589 1402 732 1432 Graecus
759 1400 945 1443 interpres,

244 1449 341 1489 cujus
356 1450 466 1490 glossa
481 1455 534 1481 est
550 1450 694 1490 integrae.

288 1504 307 1531 8
329 1500 434 1541 Atque
461 1501 510 1531 his
536 1501 710 1542 perruptis]
743 1502 783 1533 In
810 1511 868 1534 vv.
894 1512 946 1534 cc.

245 1556 319 1582 erat
332 1552 501 1591 promptis.
546 1551 645 1582 Unde
662 1552 812 1582 Faernus
838 1563 947 1592 proru-

244 1602 286 1632 tis
308 1601 469 1633 faciebat.
514 1603 586 1641 Ego
616 1603 716 1633 etiam
732 1602 770 1632 τὸ
791 1604 949 1643 promptis

246 1651 388 1691 probum
414 1652 476 1684 aio.
536 1653 651 1683 Caesar
689 1653 864 1693 reciproce
893 1663 948 1693 per

246 1706 282 1731 et
297 1711 352 1741 pro
379 1710 531 1743 usurpat.
577 1703 633 1733 Sic
661 1702 748 1733 dixit
768 1703 948 1743 perturbare

246 1760 307 1792 pro
334 1761 386 1791 eo,
425 1752 515 1793 quod
545 1753 646 1792 vulgo
675 1753 866 1793 proturbare,
899 1754 946 1785 sic

243 1802 389 1842 prosequi
425 1812 486 1842 pro
512 1803 652 1842 persequi
683 1803 806 1842 passim
833 1803 946 1834 habet.

252 1853 385 1883 Vossius.
433 1852 589 1883 Prorutis,
618 1853 703 1883 Haec.
730 1853 830 1884 lectio
848 1853 948 1885 debe-

249 1907 305 1935 tur
321 1902 425 1933 Gabr.
443 1902 563 1933 Faorni
578 1903 663 1934 libro
678 1914 685 1940 ;
712 1903 796 1933 Mss.
811 1905 897 1934 enim
914 1909 949 1936 et

248 1952 332 1983 editi
356 1954 515 1993 promptis
541 1953 727 1991 exhibent3
769 1964 844 1995 quae
869 1965 948 1986 saue

248 2001 351 2033 lectio
383 2002 519 2033 videtur
551 2002 756 2034 reducenda.
814 2004 949 2036 Curtius

249 2059 300 2082 ιν.
321 2055 371 2082 13.
388 2055 440 2083 26.
465 2053 474 2069 ‘
490 2057 592 2094 atque
618 2054 688 2091 ille,
711 2059 859 2094 prorupto
889 2058 950 2087 vol-

249 2101 289 2139 lo,
313 2102 406 2132 exire
425 2102 540 2142 copias
563 2103 685 2143 jubet)
728 2105 864 2136 Tacitus
883 2106 950 2136 An-

251 2152 316 2182 nal.
347 2161 406 2184 xv.
433 2156 486 2183 40.
521 2152 617 2183 ‘finis
646 2153 801 2184 incendio
827 2154 950 2194 factus,

246 2204 408 2244 proruptas
444 2214 506 2243 per
533 2204 730 2235 immensum
762 2205 948 2237 aedificiisss

251 2259 286 2285 et
314 2254 403 2284 Hist.
427 2263 449 2284 i.
478 2257 530 2284 86.
555 2254 731 2294 ‘Prorupto
757 2261 858 2295 ponte
875 2257 949 2287 sub-

250 2304 350 2335 licio!
396 2304 583 2345 Utrobique
613 2304 741 2335 frustra
772 2315 845 2336 csse.
880 2317 951 2337 cre-

251 2353 396 2384 (liderini
424 2354 528 2385 virum
557 2364 720 2385 summum
746 2356 777 2387 J.
804 2357 840 2387 F.
866 2358 949 2388 Gro-

251 2404 400 2442 novium,
416 2404 470 2444 qui
485 2405 622 2444 prorutis
647 2410 682 2435 ct
703 2410 830 2445 proruto
858 2417 952 2448 repo-

252 2453 314 2485 nit.
340 2455 451 2485 θαι-ἱκ-
498 2454 582 2485 Msti
597 2454 669 2485 t'cre
683 2455 765 2486 (lant
780 2460 950 2498 promptis,

252 2512 351 2545 quam
361 2504 540 2534 lectionem
556 2514 669 2534 sanam
684 2511 783 2544 putat
794 2508 948 2539 Vos-sius:

252 2562 315 2595 ego
341 2564 421 2585 vero
448 2564 513 2585 non
538 2554 629 2586 item.
675 2556 812 2588 Curtius
839 2564 950 2590 tamen

252 2613 303 2635 iv.
335 2607 383 2635 13.
409 2607 460 2635 26.
485 2604 494 2620 ‘
511 2604 625 2645 Atque
642 2605 698 2637 illc
712 2611 859 2648 prorupta
875 2611 951 2640 rullo

252 2654 344 2685 exire
361 2654 476 2695 copias
488 2654 611 2695 jubet?
657 2655 705 2687 At
734 2657 852 2696 optimi
870 2660 952 2691 Msti

251 2707 379 2743 proruto
410 2705 498 2735 rollo.
543 2704 662 2736 Recte.
707 2706 845 2738 'l'acitus
884 2709 952 2740 Au-

252 2753 319 2784 nal.
347 2763 405 2785 xv.
430 2757 484 2785 110.
504 2754 513 2770 ‘
529 2754 620 2786 Finis
648 2754 805 2788 incendio
830 2757 952 2799 factus,

251 2802 410 2845 promptis
446 2813 508 2846 per
545 2803 742 2838 immensum
779 2807 952 2840 aedificiis:

988 403 1079 438 ponte
1116 399 1254 430 sublicio.

984 1900 1222 1932 =Dukerianus
1256 1912 1274 1933 a
1306 1913 1405 1933 manu
1438 1904 1557 1944 prima.

692 204 834 234 NOTAE
871 203 1133 235 VARIORUM
1181 206 1230 236 IN

991 300 1080 339 Lege
1106 300 1257 340 prorutis,
1291 303 1327 330 ut
1354 299 1440 330 bene
1460 300 1494 332 J.
1519 300 1575 332 Fr.
1603 300 1689 332 Gro-

992 351 1118 381 novius.
1166 350 1261 380 ldcni
1288 351 1379 381 Hist.
1406 359 1429 381 1.
1447 354 1499 383 80.
1525 356 1690 392 prompto

1314 399 1432 429 Scribo
1458 404 1587 439 proruto
1615 410 1691 431 cum

991 449 1107 479 eodeni
1126 450 1196 479 viro
1213 449 1420 487 «melissum,
1438 459 1536 490 quein
1554 449 1629 481 vide
1648 449 1690 481 ad

994 498 1113 528 Anual.
1132 503 1221 529 1.(35.
1240 505 1274 529 et
1292 500 1332 529 ad
1353 499 1434 529 Lixii
1450 509 1498 529 iv.
1515 502 1567 529 29.
1594 499 1691 531 Idem.

992 559 1064 579 cuir.
1092 560 1159 580 soc.
1206 550 1371 589 Proruptis
1393 555 1443 580 est
1460 551 1491 580 iu
1518 550 1598 581 Mss.
1625 559 1694 580 oin-

993 599 1090 629 nibus
1132 599 1312 640 primisque
1357 600 1581 638 Editiouibus,
1611 601 1692 631 item

993 649 1152 688 Gryplrii,
1167 650 1307 688 Claudi,
1323 650 1476 690 aliisque.
1523 651 1589 681 Sed
1607 651 1693 682 bene

992 699 1218 737 Vaacosanus,
1236 699 1438 738 Stephanus,
1456 700 1592 739 Brutus,
1617 701 1695 731 Sca-

993 747 1090 787 liger,
1107 748 1331 788 Davisiusquc
1349 747 1575 780 exhibuerunt
1584 759 1693 789 proru-

992 797 1047 836 tis,
1059 807 1240 838 eorumque
1258 798 1426 838 posterior
1440 803 1532 829 recte
1553 801 1695 831 mutavit

995 848 1211 886 sententiani,
1246 853 1281 879 et
1313 849 1486 878 Gronovio
1516 849 1693 882 adsensum

995 898 1151 938 praebuit.
1199 898 1365 929 Proclivis
1404 902 1454 929 est
1481 898 1694 931 librariorum

994 948 1119 988 lapsus,
1158 953 1193 978 ut
1222 949 1370 979 litteram
1403 959 1425 988 p
1461 949 1693 989 interponant.

995 998 1168 1040 Frequens
1191 1003 1244 1028 est
1264 998 1390 1029 locutio
1415 1008 1561 1038 proruere
1583 1000 1696 1030 rollum

995 1054 1029 1079 et
1042 1050 1174 1081 similia.
1193 1050 1325 1081 Praeter
1339 1050 1544 1081 Gronovium
1558 1049 1632 1081 vide
1643 1050 1696 1082 Cl.

995 1100 1172 1131 Drakenb.
1188 1100 1230 1130 ad
1247 1101 1377 1131 Livium
1393 1101 1401 1116 ‘
1420 1105 1558 1140 proruto
1578 1101 1662 1131 vallo
1674 1100 1695 1131 :'

995 1154 1031 1181 et
1057 1150 1174 1181 Silium
1193 1160 1216 1181 1.
1243 1153 1316 1182 373.
1348 1151 1540 1181 ‘Prorutus
1570 1153 1699 1190 agger.’

995 1200 1121 1231 Lucan.
1140 1210 1190 1232 ix.
1207 1204 1281 1233 490.
1309 1202 1417 1231 ‘Saxa
1445 1201 1605 1231 discussis
1622 1211 1696 1241 pro-

997 1255 1072 1281 ruta
1092 1250 1218 1282 muris!
1249 1251 1368 1282 Vellei.
1398 1260 1438 1281 11.
1466 1253 1519 1281 63.
1549 1252 1640 1282 ‘Per
1664 1262 1698 1281 a·

996 1309 1094 1330 versa
1152 1306 1339 1332 castrorum
1399 1306 1540 1341 proruto
1586 1302 1697 1333 vallo.’

997 1350 1151 1381 Frontin.
1169 1359 1208 1381 ιι.
1233 1355 1263 1382 5.
1292 1352 1306 1391 §
1337 1354 1367 1382 8.
1387 1351 1592 1382 ‘Desertum
1623 1362 1698 1392 pro-

998 1400 1065 1430 ruit
1081 1400 1204 1431 vallum
1227 1407 1264 1432 ct
1288 1406 1398 1432 castra
1425 1402 1542 1442 cepit.’
1589 1402 1697 1444 quue

999 1450 1246 1482 restituendum
1285 1452 1430 1483 arbitror
1460 1453 1501 1483 B.
1533 1453 1608 1485 Civ.
1642 1463 1696 1485 ΠΙ.

997 1503 1050 1532 68.
1107 1504 1115 1519 ‘
1135 1503 1283 1543 prorutis
1328 1503 1376 1533 liis
1428 1503 1700 1534 munitionibus?

998 1553 1099 1592 vulgo
1109 1553 1284 1593 ‘protinus
1298 1552 1316 1583 :'
1334 1556 1341 1570 ‘
1355 1559 1494 1592 proruta
1505 1563 1618 1594 opera,
1629 1554 1700 1594 qui-

999 1601 1060 1632 bus
1079 1612 1155 1633 rura
1184 1602 1372 1644 cinguntur'
1409 1603 1497 1634 Plin.
1525 1604 1589 1643 Ep.
1618 1612 1699 1636 vni.

1001 1655 1052 1682 17.
1098 1653 1444 1693 Pet-ruptisdederunt
1466 1653 1583 1691 Aldus,
1601 1654 1700 1685 Plan-

1001 1701 1102 1741 tinus,
1119 1702 1241 1744 aliique
1267 1704 1381 1743 vulgo,
1407 1712 1446 1734 ac
1464 1703 1601 1736 videtur
1634 1706 1701 1746 pla-

1000 1751 1110 1782 cuisse
1137 1752 1191 1782 111.
1222 1753 1362 1783 Heinsio
1393 1763 1458 1785 ur.
1490 1757 1542 1785 83.
1567 1755 1577 1771 ⁴
1597 1755 1701 1786 Nulla

998 1801 1183 1833 munitione
1206 1804 1391 1843 perrupta!

1045 1853 1082 1881 14
1110 1852 1355 1892 Contendcrunt]
1377 1853 1434 1884 Sic
1452 1863 1494 1884 ex
1511 1854 1593 1885 meis
1611 1855 1700 1886 solus

1612 1906 1700 1936 Nam

999 1958 1191 1983 correctum
1215 1958 1267 1984 est
1288 1954 1496 1992 intenderunt,
1519 1955 1607 1995 qumi
1631 1965 1701 1987 ser-

1000 2008 1082 2033 vant
1098 2004 1205 2034 ceteri
1222 2014 1350 2043 omnes,
1371 2010 1405 2034 et
1423 2004 1508 2036 Edd.
1527 2005 1643 2045 primae
1661 2015 1700 2037 ac

1001 2053 1094 2084 Vett.
1117 2054 1301 2095 pleraeque,
1326 2055 1374 2085 uti
1391 2058 1426 2085 et
1443 2055 1602 2095 Gryphii,
1625 2056 1701 2087 Ste-

1001 2103 1115 2142 phani,
1142 2106 1206 2135 Sec.
1263 2105 1383 2146 Neque
1412 2110 1579 2136 mutatum
1607 2105 1638 2136 id
1666 2106 1701 2136 in

1001 2154 1140 2184 contenti.
1157 2154 1318 2193 oportuit.
1357 2154 1560 2185 Intendebant
1579 2155 1700 2188 Petav.

1001 2202 1010 2219 ‘
1028 2202 1215 2234 Intendunt
1253 2202 1334 2244 fuga
1377 2205 1522 2235 salutem
1568 2205 1700 2245 petere’

1001 2252 1090 2282 idem
1119 2257 1183 2292 cst,
1214 2263 1253 2283 ac
1281 2253 1438 2284 intendere
1457 2253 1583 2294 sugam,
1610 2254 1701 2296 quod

1001 2302 1123 2334 crebro
1141 2303 1232 2343 apud
1249 2309 1405 2335 auctores
1422 2304 1582 2336 occurrit.
1617 2305 1701 2336 Cum

1002 2352 1169 2384 infinitivo
1206 2354 1268 2385 hoc
1307 2354 1444 2385 verbum
1474 2364 1565 2394 saepe
1596 2355 1701 2386 etiam

1002 2403 1222 2435 construitur.
1249 2404 1383 2435 Sallust.
1397 2405 1438 2435 B.
1456 2404 1615 2445 Jugurtli.
1630 2407 1701 2436 107.

1001 2455 1009 2471 ‘
1024 2455 1100 2487 Quo
1119 2455 1166 2486 irc
1182 2455 1398 2487 intenderant
1413 2460 1431 2487 ε’
1455 2467 1484 2487 c.
1498 2459 1550 2487 92.
1569 2458 1578 2474 ⁴
1591 2457 1702 2488 locum

1002 2515 1132 2537 sumnia
1157 2507 1188 2537 vi
1218 2516 1342 2547 capere
1373 2507 1542 2538 intendit.'
1586 2507 1700 2541 Tacit.

1003 2555 1092 2586 Anu.
1110 2565 1162 2587 xi.
1179 2560 1231 2587 32.
1256 2556 1265 2574 ⁶
1283 2558 1338 2587 Ire
1354 2557 1486 2587 obviam
1504 2563 1538 2588 et
1559 2558 1702 2599 aspicia

1002 2607 1122 2637 marito
1139 2606 1312 2637 intendit)
1347 2606 1475 2637 Histor.
1488 2617 1525 2637 11.
1542 2611 1592 2638 12.
1616 2608 1626 2624 ‘
1639 2607 1702 2639 Ar-

1003 2665 1081 2687 cere
1098 2656 1306 2687 Othonianos
1322 2657 1491 2688 intendit!
1515 2658 1560 2688 Et
1573 2658 1621 2688 sic
1635 2658 1702 2689 alii.

1003 2705 1149 2736 Consule
1164 2706 1337 2736 sanctium
1354 2706 1388 2736 in
1412 2706 1497 2736 Min.
1519 2716 1558 2738 ac
1575 2707 1702 2738 ibidem

1002 2755 1158 2787 Perizon.
1176 2764 1224 2786 iv.
1245 2759 1275 2787 4.
1292 2757 1308 2796 ξ
1323 2760 1354 2787 8.
1379 2761 1416 2787 et
1439 2757 1493 2788 ΙΙΙ.
1517 2758 1561 2789 N.
1582 2757 1701 2789 Heius.

1003 2805 1045 2837 ad
1077 2806 1192 2838 Valer.
1220 2807 1333 2839 Flacc.
1365 2815 1428 2840 vii.
1456 2811 1530 2841 114.
1569 2808 1701 2844 Eadem
