1818 3131
344 209 437 238 Lm.
470 207 535 237 vr.
567 205 673 235 ων.
703 194 773 235 29.

101 300 202 342 Eg'm·
235 306 270 333 et
298 304 329 333 6.
360 302 446 340 aliis,
478 300 527 330 nti
558 308 619 329 nec
646 298 678 328 iu
707 298 795 330 Edu.

101 352 230 392 primis.
244 353 337 383 Bene
351 352 378 382 si
394 351 507 391 capias
523 350 555 380 in
572 349 688 379 dativo
705 358 798 386 casu,

100 413 303 444 quamquam
326 411 443 433 caussa
471 410 535 431 non
558 405 620 437 est,
649 410 709 430 cur
731 410 797 430 nou

100 462 279 493 sequamur
307 453 445 482 aliorum
477 451 692 490 scripturam,
723 459 797 490 quae

100 501 317 534 confirmatur
331 501 372 531 ab
394 500 519 531 Audin.
546 500 639 530 Leid.
663 502 713 539 pr'.
730 510 797 530 sec.

99 554 222 592 scalig.
237 552 347 584 Oxon.
362 551 515 592 aliisque.
539 550 626 582 Vide
641 550 682 581 ael
696 560 729 581 v.
746 553 796 581 11.

143 604 182 633 18
207 602 244 632 In
272 601 468 640 amplissimis
490 600 587 640 epulis
607 611 664 640 pro
683 600 799 640 poculis

98 651 242 691 utuntur]
276 650 423 681 Isidorus
448 651 544 686 Oria.
562 659 628 681 xn.
648 654 675 681 1.
712 652 720 667 ‘
738 650 798 680 Uri

97 705 247 741 agrestes
278 700 382 731 boves·
416 706 494 731 sunt
533 701 564 730 in
602 700 798 739 Germania,

96 750 262 782 habentes
277 760 403 781 cornua
422 752 454 782 in
478 756 608 781 tantuin
626 756 799 790 protensa,

95 805 135 832 ut
150 800 253 840 regiis
268 801 390 831 mensis
406 800 528 840 insigni
545 801 736 839 capacitate
756 810 797 831 ex

98 850 147 883 eis
177 851 300 888 gerulae
327 850 434 882 fiant.'
477 852 621 890 Legerat
650 850 799 880 Isidorus

97 900 200 931 verba
213 901 318 932 Solini
335 901 493 940 dicentis,
517 902 526 918 ⁴
541 910 665 932 cornua
681 901 712 931 iu
728 906 799 931 tan-

98 955 169 981 tum
197 951 459 991 protenduntur,
483 955 520 982 ut
546 951 660 982 demta
685 951 728 981 ob
752 951 800 981 in-

97 1000 224 1041 signem
239 1002 468 1041 capacitatem
483 1002 572 1032 iuter
584 1002 694 1042 regias
710 1011 800 1032 men-

96 1056 307 1090 mpetuum
331 1051 446 1091 gerula
472 1050 578 1082 fiant.’
618 1051 717 1082 L'nde
743 1052 801 1082 ille

97 1108 159 1142 pro
171 1110 282 1131 cornua
289 1103 418 1140 potuum
428 1101 539 1140 ger-ula
552 1110 672 1131 novam
683 1106 718 1131 ct
727 1101 801 1132 bar-

97 1149 352 1184 baramvocem
373 1151 491 1190 gendoe
507 1150 650 1190 effinxit,
677 1156 712 1181 et
739 1161 801 1192 pro

97 1209 179 1232 vase
195 1206 253 1232 aut
270 1202 392 1242 poculo
406 1201 522 1233 utitur.
557 1202 690 1235 Vossius.
712 1201 801 1233 Vide

99 1250 150 1283 Cl.
167 1249 364 1282 Salmasium
387 1251 537 1282 Exercit.
560 1251 651 1282 Plin.
676 1261 710 1293 p.
726 1254 800 1283 230.

99 1299 142 1332 B.
159 1300 271 1332 Duris.

142 1359 245 1382 xxm.
279 1353 299 1381 2
324 1351 465 1391 Inopiam
485 1351 643 1389 frumenti
670 1352 802 1391 teritus]

100 1398 212 1432 Aliam
224 1400 354 1431 reditus
364 1410 499 1432 causam
509 1400 609 1432 affert
618 1401 709 1432 Dion
719 1402 739 1431 l.
751 1410 800 1432 ιι.

99 1461 134 1492 p.
154 1454 225 1482 13⁵.
258 1451 324 1482 Ἐπὶ
334 1452 367 1482 δὲ
377 1452 426 1489 δὴ,
438 1452 560 1493 inquit,
570 1452 642 1484 τοὺς
653 1452 803 1493 Κελτοὺς,

101 1501 141 1532 ὡς
162 1500 213 1532 καὶ
236 1503 300 1532 τοῖς
326 1501 497 1541 Τριουήροις
518 1505 670 1540 βοηθῆσαι
699 1503 803 1540 ἐθελή-

101 1562 228 1591 σαντας,
244 1552 421 1592 ἐστράτευε,
437 1553 488 1584 καὶ
517 1552 626 1593 ἔπραξε
652 1553 710 1592 μὲν
735 1553 804 1585 οὐδὲ

99 1602 172 1634 τότε
181 1602 280 1644 οὐδὲν,
293 1603 378 1634 ἀλλὰ
389 1604 440 1634 καὶ
451 1604 500 1634 διὰ
511 1604 635 1643 ταχέων
645 1603 733 1644 φόβῳ
743 1606 805 1635 τῶν

100 1653 246 1691 Σουήβων
265 1655 493 1695 ἐπανεχώρησε.
527 1655 670 1687 caesaris
690 1661 803 1686 tamen

100 1705 288 1736 narrationi
301 1705 413 1746 potius
427 1705 632 1737 crediderim
645 1718 653 1744 ς
667 1707 692 1737 is
705 1706 804 1746 enim,

102 1756 205 1796 siquis
221 1756 318 1795 alius,
332 1755 494 1795 intrepidi
510 1761 546 1787 et
569 1756 706 1787 audacis
727 1761 803 1787 erat

103 1807 216 1838 animi.
245 1807 358 1838 Dacis.

116 1881 118 1883 .
142 1859 161 1886 3
178 1857 423 1888 Minimeomnes
435 1857 585 1887 Germana·
599 1858 802 1895 agriculture

99 1907 238 1948 student]
278 1907 412 1947 Lipsius
443 1907 674 1947 reponendum
704 1912 802 1948 putat

100 1958 226 1989 minime
261 1959 406 1989 omnium.
459 1958 546 1989 Mihi
584 1959 802 1991 scribendum

99 2008 248 2046 videtur,
261 2009 385 2039 niiiiirne
396 2009 546 2040 homines
561 2009 725 2049 Germani,
736 2014 801 2042 διε.

99 2058 189 2091 Vide
218 2069 319 2100 supra
348 2069 379 2091 c.
404 2062 457 2092 22.
505 2059 605 2098 Idem,
634 2069 706 2091 cur.
735 2070 802 2092 sec.

101 2109 228 2141 Merito
251 2115 412 2150 suspecta
436 2114 490 2141 est
510 2120 578 2140 vox
600 2120 701 2141 omncs
722 2111 802 2141 viris

102 2158 224 2198 doctis,
265 2169 366 2200 quam
406 2169 470 2191 nec
507 2161 660 2200 agnoscit
691 2161 803 2192 Meta-

102 2209 270 2250 pbrastes‚
279 2220 341 2241 nec
356 2210 428 2250 ipse
438 2211 553 2242 Caesar
565 2220 593 2242 c.
602 2213 655 2241 22.
680 2212 690 2228 ⁴
702 2211 802 2251 Agri-

104 2260 246 2292 cutturae
258 2270 326 2291 uon
341 2260 504 2297 student:
517 2270 617 2301 quern
632 2262 740 2292 locum
757 2262 804 2292 in·

103 2309 178 2340 nuit
194 2314 324 2340 auctor.
369 2310 483 2342 Quare
500 2310 528 2340 si
544 2311 597 2340 vel
613 2311 730 2341 unicus
746 2311 804 2342 ad-

102 2358 235 2391 diceret
269 2358 399 2397 Codex,
435 2359 621 2399 reciperem
655 2361 803 2391 homines.

103 2408 190 2440 Vide
213 2408 257 2439 ad
278 2418 308 2440 c.
333 2411 383 2440 18.
422 2409 431 2426 ‘
456 2409 560 2440 Natio
581 2414 634 2441 est
656 2410 804 2441 omnium

102 2458 304 2490 Gallorum!

145 2512 169 2540 6
196 2509 328 2541 Partem
356 2510 497 2542 ultimam
516 2511 621 2551 pontis
642 2511 808 2553 rescindit]

105 2559 314 2601 Notandum,
327 2560 419 2601 quod
435 2561 551 2592 Caesar
564 2571 633 2593 non
649 2562 744 2593 dieat
759 2572 806 2593 re·

104 2609 196 2649 cidit,
235 2609 296 2642 sed
325 2612 491 2644 rescindit:
527 2612 610 2644 licet
636 2613 807 2643 rescindere

107 2663 230 2700 m
254 2666 353 2695 uotet
384 2664 522 2704 penitus
551 2663 742 2704 destruere,
770 2667 807 2695 et

110 2709 250 2745 mucre:
286 2713 421 2747 recidere
451 2717 576 2755 pontem
604 2719 739 2756 partem
773 2714 807 2746 ei

112 2759 254 2796 auferte.
309 2765 402 2797 Hinc
430 2765 522 2807 apud
558 2766 650 2799 Flor.
689 2775 717 2797 1.
754 2768 804 2797 10.

809 205 871 234 DE
905 206 1060 235 BELLo
1092 205 1151 234 CA
1164 205 1319 234 Lmen.

1436 194 1457 234 1
1465 193 1548 236 175

853 305 948 330 recte
978 298 1052 329 Yiri
1089 298 1181 329 docti
1220 298 1409 328 docuerunt
1440 297 1551 336 legen-

848 350 926 380 ‹iuni
951 361 1024 379 csse
1039 354 1130 390 ponte
1148 350 1243 380 ret-iso
1255 361 1265 380 .·
1292 348 1347 378 nbi
1365 348 1466 377 otiam
1481 347 1549 378 duo

848 400 944 429 voss.
986 401 1068 430 Mss.
1109 401 1207 439 male,
1242 399 1376 429 reu-isso.
1423 399 1552 429 Contra

849 448 881 478 in
899 449 989 488 Nep.
1008 450 1098 480 Milt.
1123 460 1152 480 c.
1165 454 1195 480 3.
1224 451 1321 480 I'onte
1338 450 1474 488 reanum,
1491 448 1550 480 alii

848 499 956 530 codd.
985 505 1021 530 ct
1051 501 1084 530 in
1114 501 1152 531 iis
1185 502 1276 532 Lcid.
1306 501 1431 531 liabent
1457 499 1552 531 recino

849 560 912 580 nou
929 550 1024 580 bene.
1059 551 1187 582 Noster
1213 552 1307 582 13.(;.
1333 561 1355 582 1.
1374 555 1405 581 7.
1435 554 1443 568 ‘
1463 551 1551 582 Pon·

847 606 915 631 tem
945 601 1047 640 jubet
1079 602 1249 632 rescindi:
1284 611 1331 631 n.
1353 604 1404 631 37.
1438 603 1445 617 ‘
1470 608 1552 641 pon-

850 657 986 691 temque
1016 651 1176 682 rescidit)
1203 655 1333 682 x‘11.3.'›.
1357 652 1365 666 ‘
1385 651 1550 690 pontium,

849 710 932 741 quos
958 700 1201 732 rescindendos
1224 701 1424 731 curaverat.'
1457 701 1553 731 c.58.

850 753 858 767 ‘
879 755 1066 791 pontesque
1091 751 1162 790 ejus
1188 750 1304 790 oppidi
1331 750 1477 780 rescindi
1497 750 1552 790 ju-

851 801 952 832 bent.'
1003 802 1128 832 Verum
1160 807 1253 832 recte
1280 800 1552 831 animadverten-

850 852 940 887 dum,
957 854 1124 883 Caesarem
1142 852 1194 882 hic
1211 862 1276 882 non
1299 851 1413 881 dicere
1429 853 1553 890 pontem

850 903 1011 938 rescindit,
1040 901 1098 933 sed
1113 905 1234 942 partem
1255 901 1360 941 pontis
1381 899 1555 934 rescindit,-

850 952 941 994 quod
966 952 1054 983 idem
1077 962 1116 983 ac
1143 953 1168 982 si
1197 951 1338 982 dixisset
1358 953 1483 991 pontem
1505 959 1554 980 re-

850 1003 938 1033 cidit.
967 1001 1070 1032 Ovid.
1089 1002 1229 1032 Metam.
1248 1010 1270 1031 1.
1290 1003 1361 1032 190.
1397 1002 1406 1016 ‘
1422 999 1490 1030 Sed
1505 999 1554 1030 in-

851 1051 1053 1083 medicabile
1065 1052 1200 1088 vulnus,
1217 1051 1306 1080 Ense
1320 1048 1553 1087 recidendum,

851 1111 894 1132 ne
909 1111 987 1141 pars
1003 1101 1135 1131 sincera
1153 1099 1329 1131 ti·abatur.'
1360 1099 1427 1129 L‘hi
1441 1098 1556 1129 forsan

850 1151 983 1189 melius,
1013 1150 1102 1191 quod
1130 1150 1202 1181 Cel.
1230 1150 1445 1179 Burmannus
1474 1157 1553 1188 pro-

852 1201 943 1241 tulit,
958 1201 1015 1232 vel
1038 1210 1146 1240 corpus
1167 1199 1221 1230 vel
1244 1198 1412 1229 membrum
1435 1198 1555 1229 rescri-

849 1252 921 1283 bas.
961 1252 1111 1282 Recidere
1127 1250 1293 1281 membrum
1309 1249 1364 1280 vel
1380 1258 1489 1289 corpus
1505 1253 1558 1279 est

851 1307 986 1343 partem
1011 1302 1043 1333 ei
1067 1310 1231 1333 resecare.
1247 1300 1397 1331 -Lucan.
1422 1308 1462 1330 11.
1482 1301 1556 1330 141.

852 1353 861 1369 ‘
874 1352 1019 1393 dumque
1036 1352 1134 1383 nimis
1150 1352 1222 1392 jam
1249 1350 1387 1391 putrida
1402 1349 1557 1380 membra

853 1402 988 1441 recidit,
1011 1403 1171 1433 Excessit
1195 1400 1366 1432 medicina
1394 1399 1554 1440 modum‚’

853 1455 917 1483 (xc.
936 1453 1039 1483 Plura
1052 1452 1094 1482 de
1104 1451 1166 1482 bac
1180 1450 1497 1492 significationeribu
1509 1459 1558 1480 re-

852 1502 954 1533 cidere
976 1507 1012 1533 et
1029 1502 1198 1533 rescindere
1228 1500 1304 1531 vide
1333 1499 1424 1540 apud
1449 1499 1557 1531 Gron.

855 1554 1000 1586 observ.
1014 1563 1052 1587 11.
1067 1556 1119 1585 22.
1135 1559 1172 1584 et
1189 1562 1237 1584 ιν.
1255 1555 1306 1583 16.
1322 1552 1484 1592 aliosque.

896 1607 915 1635 7
947 1604 1079 1644 Ripam]
1111 1604 1164 1634 Sic
1190 1603 1274 1643 Reg.
1290 1603 1356 1633 Ms.
1380 1601 1437 1632 Al.
1462 1602 1558 1642 ripas.

832 1657 835 1659 ’
855 1654 939 1687 Quae
953 1660 989 1685 et
1004 1654 1116 1684 verior
1127 1652 1230 1684 lectio
1246 1657 1311 1683 est.
1340 1652 1430 1683 Vide
1443 1651 1521 1683 adl.
1534 1661 1560 1683 1.

853 1705 868 1744 ξ
883 1707 936 1735 28.
968 1704 1078 1735 Clark.
1113 1704 1229 1744 Ripam
1243 1703 1356 1740 etiam,
1373 1702 1506 1733 Duker.
1525 1706 1562 1733 et

854 1754 942 1785 Edd.
972 1754 1071 1785 Vasc.
1096 1753 1242 1792 Stradae,
1272 1753 1391 1792 Steph.
1420 1751 1558 1793 Gryph.

854 1809 945 1844 post.
962 1804 1126 1844 aliaeque:
1152 1803 1213 1834 sed
1235 1802 1291 1832 adi
1313 1801 1356 1832 ad
1380 1801 1522 1832 citatum
1538 1810 1559 1832 a

854 1855 992 1886 Clarkio
1005 1854 1116 1885 locum
1128 1864 1158 1884 c.
1170 1856 1223 1884 37.
1259 1852 1332 1882 ‘Ad
1343 1852 1434 1892 ripas
1450 1850 1562 1882 Rheni

854 1904 1074 1937 consedisse.'
1109 1903 1234 1934 Statim
1250 1904 1259 1919 ‘
1272 1902 1314 1933 ab
1331 1902 1414 1942 ripis
1430 1900 1561 1932 Rheni!

897 1959 936 1987 13
966 1956 1016 1986 Aa
1040 1955 1152 1986 bellum
1173 1953 1366 1992 Ambiorigis
1388 1950 1562 1993 profectus]

854 2006 983 2038 Vocem
994 2005 1167 2047 projectus,
1183 2014 1258 2045 quae
1276 2009 1311 2035 et
1331 2003 1366 2034 in
1389 2008 1506 2034 nostro
1525 2006 1563 2034 et

854 2058 887 2088 in
917 2057 1057 2088 aliorum
1081 2055 1256 2087 codicibus
1284 2053 1474 2094 legebatur,
1503 2062 1562 2084 ex-

854 2109 976 2149 punxit
996 2107 1030 2138 in
1053 2116 1113 2138 sua
1134 2105 1284 2137 editione
1299 2104 1464 2145 Scaliger,
1479 2103 1562 2134 alio-

854 2169 927 2190 rum
953 2162 1258 2190 commentatorum
1284 2153 1482 2196 opinionem
1511 2162 1563 2184 se-

854 2214 963 2241 cutus.
1009 2208 1123 2239 Movit
1144 2217 1214 2246 eos,
1237 2205 1329 2247 quod
1350 2205 1467 2236 Caesar
1487 2204 1562 2245 ipse

854 2259 1028 2301 profectus
1051 2268 1118 2291 nou
1141 2263 1206 2298 est,
1225 2257 1284 2288 sed
1301 2256 1452 2288 Basilum
1475 2265 1561 2297 prae-

854 2312 954 2343 misit.
986 2312 1116 2343 Verum
1131 2319 1231 2351 quam
1244 2312 1480 2348 argumentum
1497 2307 1562 2338 hoc

854 2361 1014 2393 ficulnum
1044 2361 1099 2399 sit,
1125 2359 1334 2391 ostendimus
1363 2367 1387 2389 1.
1420 2360 1471 2390 12.
1502 2356 1561 2389 ubi

857 2412 972 2444 Caesar
988 2411 1140 2443 concisos
1153 2420 1172 2441 a
1185 2420 1220 2441 se
1236 2409 1414 2450 Tigurinos
1429 2413 1560 2446 narrat,

857 2462 947 2503 quod
966 2472 986 2493 a
1009 2461 1159 2493 Labieno
1179 2459 1332 2491 factum:
1365 2468 1443 2490 nam
1466 2465 1560 2490 recte

856 2511 922 2543 sibi
932 2512 999 2553 ipsi
1010 2511 1176 2542 adscribit
1184 2511 1381 2551 imperator,
1395 2508 1485 2550 quod
1497 2517 1561 2549 per

855 2563 1004 2594 minores
1015 2562 1118 2594 duces
1131 2561 1226 2593 facit.
1271 2562 1358 2592 Sane
1371 2566 1406 2592 et
1418 2560 1560 2591 Graecus

855 2613 1021 2654 interpres
1055 2622 1171 2644 vocem
1198 2611 1356 2653 profectus
1383 2608 1563 2649 agnoscit3

854 2672 933 2694 nam
955 2663 1145 2702 transtulit,
1167 2660 1259 2693 αὐτὸς
1278 2660 1312 2692 δὲ
1339 2659 1388 2690 ἐπὶ
1409 2658 1464 2688 τὸν
1477 2656 1561 2688 κατὰ

853 2713 911 2744 τοῦ
922 2712 1127 2755 Ἀμβιόρυγος
1142 2712 1296 2752 ἐξώρμησε
1310 2710 1459 2747 πόλεμον.
1489 2707 1560 2746 Sed

855 2769 1000 2806 aggerat
1030 2764 1207 2806 quispiam,
1236 2761 1328 2803 quod
1365 2761 1481 2793 Caesar
1508 2758 1561 2792 ait
