1818 3131
342 214 434 243 Lus.
467 212 531 241 ιν.
564 210 669 240 οΑΡ.
700 199 769 239 17.
804 209 866 238 nu
901 209 1055 238 nunno
1087 208 1315 238 cAmeo.

99 310 306 339 annotarunt
319 305 509 338 Vossius'et
521 301 710 342 Davisius,)
719 301 796 332 sub-

96 359 178 390 licas
204 358 264 388 bas
293 357 334 387 ad
360 355 536 393 inferiorem
559 356 690 393 partem
721 353 794 383 Plu-

95 408 201 447 minis,
225 406 347 447 opponi
373 405 487 436 alteris
512 404 577 434 illis
605 412 682 434 mox
700 412 794 443 supra

92 461 230 499 pontern,
247 457 308 487 hoc
323 459 387 494 est,
399 455 430 484 iu
445 452 598 494 superiora·
611 455 701 493 par-le
718 453 792 484 Flu-

96 508 200 547 minis,
212 506 351 537 adactis.
377 504 488 542 Adde,
499 503 588 544 quod
602 513 667 534 vox
683 502 793 543 proxi-

95 567 161 596 ma,
188 557 284 587 nihilo
311 556 421 594 secius,
445 554 628 586 manifesto
666 552 793 585 referat

94 608 180 646 haec,
195 616 259 638 nou
283 607 324 637 ad
350 606 395 645 id,
413 605 501 646 quod
523 605 651 636 dictum
675 608 725 635 est
750 604 792 635 de

92 657 226 688 materia
249 657 380 695 directa,
402 656 460 687 sed
486 655 527 686 ad
550 654 584 686 id
609 653 698 696 quod
715 658 793 685 ante

91 711 264 738 narratum
295 710 347 737 est
378 706 421 736 de
444 708 534 736 tanta
562 705 663 745 operia
687 704 795 745 firmi-

92 758 224 788 tudine:
254 760 290 788 ut
317 756 402 787 adeo
437 756 540 787 etiarn
575 755 792 786 Latinitatem

95 806 240 838 Caesaris
266 806 458 846 corruperit
490 806 542 836 vir
569 805 792 836 doctissimus.

97 858 205 889 Clark.

136 911 179 939 26
213 908 292 944 Quae
316 918 374 949 pro
405 907 525 948 pariete
554 905 713 946 subjectae]
752 904 794 936 In

94 957 168 989 aliis
198 958 373 989 codicibus
404 963 478 989 erat
505 967 562 997 pro
597 956 707 987 ariete.
750 956 796 985 Et

93 1008 237 1040 Graecus
251 1008 356 1039 habet
370 1008 398 1038 oi
407 1007 492 1044 δίκην
501 1007 583 1047 κριοῦ
593 1006 651 1042 τὴν
659 1004 797 1045 γέφυραν

94 1056 267 1097 ἐρείδοντες.
313 1058 397 1089 Mihi
421 1057 503 1088 illud
526 1068 583 1098 pro
600 1057 722 1097 pariete
738 1055 796 1086 mi-

92 1108 182 1141 nime
199 1109 324 1149 placet.
371 1108 416 1138 Et
438 1111 549 1138 tamen
569 1116 611 1137 ne
628 1107 670 1137 de
687 1108 794 1138 ariete

96 1159 229 1200 quidem
243 1159 324 1190 satis
347 1159 439 1190 clara
461 1167 514 1188 res
537 1161 600 1188 est.
646 1158 794 1198 Magnus

93 1208 270 1240 Turnebus
286 1207 430 1239 Advers.
448 1216 547 1239 xxrv.
564 1210 615 1239 30.
637 1207 722 1238 illud
737 1218 795 1248 pro

92 1259 188 1302 ariete
204 1258 403 1290 tantundem
416 1258 471 1290 hic
487 1267 559 1289 esse
571 1261 683 1298 putat,
696 1268 795 1299 quam

95 1318 158 1350 pro
178 1308 384 1348 defensione,
406 1312 464 1339 aut
487 1308 707 1339 munimento.
753 1309 797 1339 Et

96 1359 181 1390 citat
194 1360 306 1390 locum
323 1359 495 1390 Ciceronis
511 1359 545 1389 in
566 1357 718 1398 Topicis,
739 1358 797 1388 ubi

96 1409 164 1440 ait:
197 1409 313 1440 ‘Nam
337 1409 456 1449 jacere
482 1409 586 1439 telum
614 1409 798 1440 voluntatis

95 1462 165 1495 est3
193 1456 299 1488 ferire
323 1467 423 1498 quem
451 1458 613 1496 nolueris,
640 1457 796 1488 fortunae.

94 1509 148 1539 Ex
163 1517 229 1548 quo
244 1508 331 1539 aries
356 1507 412 1538 ille
428 1507 604 1547 subjicitur
626 1507 660 1537 in
678 1507 798 1538 vestris

97 1557 298 1597 actionibus,
310 1558 337 1588 si
352 1557 455 1588 telum
466 1566 566 1587 mauu
575 1555 663 1597 fugit
678 1557 797 1598 magis,

95 1617 195 1649 quam
212 1607 321 1649 jecit!
365 1606 432 1637 Sed
456 1607 521 1637 alio
538 1607 706 1647 respicere
722 1608 799 1638 Tul-

94 1659 176 1689 lium
209 1658 280 1698 jaru
324 1656 462 1697 egregie
496 1656 712 1687 observatum
744 1662 798 1688 est

96 1708 324 1739 Hotomanno.
358 1707 491 1738 Vossius.
545 1706 594 1737 Ut
625 1707 719 1747 tigna
741 1708 798 1738 illa

96 1761 339 1789 sustentarent.
397 1757 506 1787 Miror
533 1765 613 1787 sane
646 1757 797 1796 Lipsium

94 1810 168 1840 haec
191 1818 257 1840 non
283 1807 505 1847 intellexisse,
528 1811 631 1847 prout
648 1807 796 1847 ingenue

96 1858 226 1891 fatetur
240 1857 386 1889 Poliorc.
403 1858 424 1888 l.
441 1865 481 1888 11.
502 1856 590 1888 Dial.
607 1859 636 1888 5.
665 1856 707 1887 In
723 1857 796 1889 aliis

96 1908 202 1942 Codd.
225 1912 278 1940 est
300 1917 357 1949 pro
383 1908 494 1947 ariete,
513 1907 796 1949 quemadmodum

95 1959 198 1991 etiam
212 1959 296 2000 legit
311 1957 577 1998 Metaphrastes.
612 1957 678 1989 Sed
696 1967 738 1989 ex
756 1967 797 1989 ea

96 2009 243 2040 lectione
280 2017 412 2039 sensum
447 2007 603 2038 idoneum
635 2017 702 2039 non
739 2017 796 2039 ex-

97 2060 269 2100 sculpsere
295 2059 357 2090 viri
382 2058 521 2099 eruditi,
547 2059 632 2090 licet
657 2068 796 2099 operam

100 2110 232 2141 dederit
257 2111 346 2140 iuter
371 2109 452 2140 alios
480 2109 588 2140 Hadr.
617 2109 796 2140 Turnebus

102 2159 247 2192 Advers.
263 2168 364 2191 xxiv.
379 2162 444 2190 30.»
458 2159 569 2191 Daris.
592 2158 646 2190 Ad
668 2164 798 2191 susten-

102 2209 206 2241 tanda
233 2210 339 2250 tigna.
369 2210 452 2240 Mss.
484 2209 568 2250 Reg.
599 2210 725 2241 Eliens.
762 2214 800 2242 et

101 2259 224 2301 Vossii,
238 2264 274 2291 et
294 2260 392 2290 Vett.
414 2258 524 2290 Editt.
548 2259 720 2300 pleraeque
740 2270 798 2301 pro

100 2310 206 2342 an'ete.
251 2309 393 2341 Gra-cus
431 2307 517 2346 δίκην
552 2309 645 2349 κριοῦ.
691 2310 798 2342 Clark.

101 2360 253 2392 Maximo
278 2368 381 2400 opere
410 2358 464 2390 liic
500 2358 709 2390 desudarunt
734 2360 799 2391 viri

101 2411 216 2449 docti3
244 2411 348 2441 nihilo
370 2410 479 2441 minus
501 2418 618 2450 pamm
644 2409 800 2449 profece-

103 2464 202 2492 runt:
225 2461 304 2492 dum
320 2460 417 2490 nimis
435 2459 648 2491 adhaerentes
662 2460 802 2491 vocibus

103 2512 144 2542 ud
157 2510 334 2550 infer-imvm
346 2521 378 2551 p.
393 2510 538 2551 fluminis
552 2514 587 2541 et
599 2520 657 2551 pro
677 2511 801 2551 pariete

102 2561 298 2594 subodorari
313 2562 537 2603 nequiverunt
551 2561 630 2593 alibi
644 2561 800 2594 mendam

103 2613 222 2654 latere,
242 2622 317 2654 quae
343 2613 451 2644 locum
473 2612 589 2644 reddit
610 2613 801 2644 obscurissi-

104 2667 205 2704 mum,
233 2664 292 2696 sed
326 2670 363 2695 ut
389 2673 502 2705 spero,
529 2665 697 2696 Mstorum
734 2675 799 2706 ope

105 2713 240 2745 tandem
263 2714 413 2746 tolletur.
454 2715 579 2747 Editur
603 2716 704 2756 vulgo
729 2715 798 2747 sub-

104 2765 172 2796 licae
195 2764 313 2804 obtime
334 2765 554 2805 adigebant-m:
566 2766 709 2799 &bum
727 2766 799 2798 sive

190 2817 303 2861 Delph.
317 2821 347 2849 et
367 2819 441 2850 γαν.
458 2820 541 2852 Clas.

770 2821 797 2853 C
797 2831 877 2853 cesar

1438 197 1552 241 1057

841 301 1000 342 suffliquae,
1029 307 1068 334 ut
1097 299 1266 333 exaratur
1287 299 1320 332 in
1359 301 1550 333 veterrimis

842 353 1047 384 membranis
1081 352 1315 390 LeidensibuS,
1348 351 1443 391 (vide
1469 350 1550 383 Sca-

843 403 898 442 lig.
930 403 971 433 nd
1005 404 1213 442 Festum,)si
1253 402 1426 443 proprium
1455 402 1551 433 vocis

842 461 938 482 usum
954 458 1102 492 spectes,
1126 463 1304 494 numquam
1326 453 1461 493 oblique
1479 452 1550 484 adi-

842 506 977 542 guntur,
999 503 1056 533 sed
1083 504 1198 533 dirme
1223 505 1262 533 cul
1287 503 1554 544 perpendimclum,

841 553 1016 593 sicutipse
1033 554 1186 594 loquitur
1203 560 1332 588 auctor.
1347 560 1382 585 ut
1403 550 1551 585 sublicas

841 604 1028 644 distinguat
1045 604 1086 634 ab
1111 605 1183 634 aliis
1206 605 1353 635 trabium
1370 605 1551 635 iufixarum

843 653 970 685 formis.
989 654 1029 684 B.
1055 654 1127 685 Civ.
1149 663 1204 685 ιιι.
1223 658 1276 686 49.
1322 657 1331 671 ⁴
1349 655 1493 686 Sublicis
1516 655 1552 686 in

844 708 969 735 terram
999 703 1177 735 demissis!
1225 704 1316 736 Quid
1344 705 1451 743 ergo?
1485 705 1557 745 pri-

844 764 934 785 mum
965 755 1073 796 Boug.
1112 755 1208 796 prim.
1238 755 1394 785 Vossiani
1423 764 1552 795 omnes,

846 805 941 835 Leid.
959 815 1025 837 sec.
1043 810 1077 836 et
1099 810 1180 837 tert.
1199 804 1366 845 Egmund.
1385 804 1538 845 Gottorp

846 854 975 886 Lovan.
1003 855 1149 886 Dorvill.
1175 855 1309 886 Duker.
1336 854 1496 893 Bouhier,
1516 860 1554 885 et

844 904 914 941 alii,
943 904 1024 935 item
1057 904 1144 935 Edd.
1177 904 1294 944 primxe
1327 904 1423 934 Rom.
1456 902 1552 935 Med.

847 955 920 986 Ine.
936 955 1023 985 Ven.
1049 955 1098 985 uti
1121 959 1155 985 et
1180 956 1219 985 R.
1244 953 1406 994 Stephani
1422 952 1556 987 addunt

847 1005 1002 1045 copulam
1019 1007 1049 1035 et
1066 1008 1142 1044 post
1164 1003 1298 1034 subticae.
1345 1003 1458 1034 Recte
1485 1011 1554 1033 om·

846 1056 940 1086 nino.
986 1055 1069 1086 Nou·
1084 1055 1156 1094 jam
1173 1054 1336 1084 demissas
1353 1053 1386 1083 in
1409 1052 1552 1083 fundum

848 1107 961 1137 trabes
980 1105 1139 1145 iutelligit
1155 1105 1293 1141 Caesar3
1311 1103 1429 1144 quales
1441 1106 1553 1140 erant,

847 1167 921 1197 quaev
939 1156 991 1187 vel
1012 1155 1073 1186 sub
1096 1159 1201 1195 ponte
1226 1159 1262 1184 et
1280 1153 1434 1184 trabibus
1458 1152 1554 1192 bipe-

847 1207 977 1238 dalibus
994 1207 1127 1238 directe
1148 1206 1262 1237 infixae
1286 1208 1376 1243 sunt,
1401 1204 1456 1234 vel
1473 1208 1554 1234 ante

846 1264 984 1299 pontem
1011 1259 1045 1289 iu
1070 1257 1244 1298 superiore
1271 1260 1367 1297 parte
1394 1253 1554 1286 fluminis.

846 1309 913 1339 Sed
931 1309 1094 1348 intelligit
1112 1308 1224 1339 trabes
1243 1307 1370 1337 Oblicas
1383 1305 1455 1336 sive
1478 1304 1554 1335 ohli-

847 1369 921 1398 quas
946 1359 988 1388 ad
1012 1358 1205 1389 inferiorem
1231 1355 1380 1387 fluminis
1406 1359 1554 1396 partem,

849 1417 913 1438 non
942 1417 982 1438 eo
1009 1407 1122 1446 modo,
1140 1417 1206 1447 quo
1230 1406 1292 1436 viri
1320 1405 1414 1436 docti
1439 1403 1555 1435 existi-

848 1463 954 1497 mant,
982 1462 1116 1489 notatas
1146 1457 1180 1487 in
1209 1456 1340 1486 Tabula
1369 1455 1414 1486 N.
1441 1454 1478 1485 F.
1509 1452 1557 1484 ad,

848 1507 943 1546 tigna
969 1507 1111 1547 singula,
1138 1505 1196 1536 sed
1225 1505 1373 1535 adnexas
1399 1503 1495 1544 ponti
1519 1503 1555 1533 in

849 1557 1095 1597 longitudinem
1112 1556 1154 1587 ab
1172 1556 1305 1587 Gallica
1321 1554 1394 1594 ripa
1408 1553 1452 1585 ad
1468 1553 1555 1584 Ger-

849 1608 1028 1647 manicam,
1044 1612 1146 1648 atque
1168 1607 1216 1637 ita
1239 1615 1316 1637 cum
1339 1605 1429 1636 omni
1447 1613 1554 1644 opere

848 1659 1061 1698 conjunctas,
1089 1663 1126 1688 et
1157 1666 1218 1697 pro
1247 1656 1381 1697 pariete
1411 1655 1553 1695 positas.

848 1708 883 1738 Si
902 1707 1049 1747 Obliquas
1062 1707 1192 1737 sublicas
1213 1706 1306 1746 capis
1329 1713 1369 1735 ea
1391 1704 1554 1744 positura,

849 1767 949 1798 quam
966 1758 1066 1798 vulgo
1082 1755 1259 1796 effingunt,
1276 1764 1340 1786 nec
1363 1754 1484 1785 Latine
1507 1753 1557 1785 lo·

848 1810 947 1838 cutus
964 1813 1017 1838 est
1034 1812 1171 1844 auctor,
1188 1814 1252 1836 nec
1272 1804 1357 1846 quid
1376 1802 1556 1845 sequeutia

847 1857 1054 1898 significent,
1084 1856 1250 1897 intelligo.
1297 1854 1437 1894 Obliquoe
1462 1853 1553 1887 enim

847 1907 962 1938 trabes
978 1910 1152 1948 nequeunt
1168 1905 1236 1937 dici
1253 1905 1334 1944 inae,
1349 1914 1425 1946 quae
1441 1904 1475 1934 in
1490 1902 1554 1934 flu-

846 1957 945 1988 minis
959 1957 1114 1996 fundum,
1132 1965 1201 1988 non
1223 1955 1354 1986 directo
1370 1954 1555 1995 perpendi-

848 2008 923 2038 culo
939 2006 1061 2038 defixae
1085 2011 1186 2045 sunt,
1210 2015 1288 2036 nam
1309 2015 1360 2036 eae
1385 2008 1552 2036 vocantur

843 2067 962 2098 pronae,
982 2057 1162 2098 fastigatoe,
1187 2057 1319 2097 supinae,
1339 2055 1489 2095 adclices,
1515 2060 1552 2087 et

847 2108 1012 2140 similiter.
1055 2106 1105 2138 At
1134 2107 1264 2147 obliquoe
1291 2110 1382 2145 sunt,
1412 2115 1487 2146 quae
1517 2105 1553 2136 in

847 2158 1092 2199 longitudinem
1115 2162 1151 2189 et
1173 2157 1216 2188 ad
1238 2158 1327 2188 latus
1353 2156 1468 2197 operis
1494 2156 1552 2188 ad-

848 2209 1031 2249 plicantur.
1075 2209 1133 2239 Sic
1156 2207 1244 2239 naris
1263 2207 1393 2238 dicitur
1405 2207 1554 2248 obliqw;

849 2260 983 2301 quando
1006 2270 1071 2291 non
1097 2265 1215 2291 contra
1236 2258 1382 2290 fluminis
1404 2268 1552 2299 cursum,

848 2310 901 2340 vel
917 2311 1078 2341 undarum
1098 2310 1251 2351 inpetum
1268 2313 1362 2340 recta
1378 2308 1550 2350 dirigitur,

849 2360 909 2391 sed
921 2361 1030 2393 latere
1045 2361 1112 2392 vim
1125 2369 1285 2403 aquarum
1298 2360 1438 2401 excipit.
1461 2360 1551 2391 Vide

849 2414 947 2442 notas
969 2411 1012 2442 ad
1038 2412 1166 2442 Lucan.
1183 2419 1238 2442 111.
1254 2413 1330 2442 628.
1352 2411 1363 2427 ‘
1381 2410 1451 2441 Per
1467 2410 1551 2441 obli-

849 2471 952 2502 quum
978 2461 1118 2493 crebros
1157 2462 1247 2492 latus
1283 2461 1410 2502 accipit
1440 2460 1553 2493 ictus!

850 2511 913 2542 Cui
927 2513 1005 2543 navi
1021 2511 1205 2553 obponitur
1218 2512 1336 2543 directa
1351 2511 1443 2552 apud
1457 2512 1554 2543 Hirt.

849 2561 890 2592 Β.
906 2561 1006 2594 Alex.
1029 2565 1082 2595 64.
1104 2571 1171 2593 vn.
1194 2564 1248 2594 73.
1270 2563 1280 2580 ‘
1297 2562 1441 2603 obliquis
1462 2561 1552 2592 ordi-

850 2611 979 2644 nibusz'
1003 2613 1061 2645 ubi
1076 2614 1167 2645 vide.
1192 2612 1282 2644 Κατὰ
1292 2611 1428 2651 πλάγιον
1442 2611 1550 2642 vertit

851 2662 992 2695 Graecus
1016 2664 1213 2705 Interpres:
1239 2673 1357 2694 sensus
1377 2672 1458 2703 ergo
1473 2662 1548 2694 Cae-

849 2714 932 2745 saris
947 2719 1020 2753 est3
1044 2715 1159 2747 trabes
1175 2721 1343 2756 praeterea
1364 2716 1395 2744 et
1413 2712 1550 2751 adinfe-

848 2765 960 2798 riomn
979 2771 1102 2808 partem
1127 2776 1217 2806 esse,
1236 2768 1266 2796 et
1283 2765 1330 2796 ud
1347 2763 1552 2805 superiorem:

1383 2821 1401 2849 3
1426 2818 1459 2850 X
