1818 3131
375 202 467 230 hur
501 199 564 229 vn
597 187 899 228 cAr.33.nn
936 198 1089 228 nanno
1122 199 1348 229 GAinnco.

143 293 236 325 fecto
262 294 380 324 crebra
410 291 570 333 repetitio
599 290 844 331 prmpositionis

142 346 195 383 ad,
212 353 311 385 quam
330 343 439 374 forsan
459 341 600 373 Librarii
628 341 839 380 adjecerunt,

142 394 334 434 ignorantes
348 393 483 423 verbum
499 392 637 429 adiacere
651 401 747 431 posse
764 400 843 421 con—

140 444 225 474 strui
250 454 324 474 cum
344 442 564 477 Accusativo3
595 441 649 482 qui
666 451 761 471 casus
779 440 842 471 fre-

140 503 246 535 quens
264 499 327 530 est,
344 493 375 522 in
394 492 507 532 primis
526 491 668 530 Avieno,
686 501 760 521 cum
778 492 840 521 hoc

140 543 338 583 composito.
375 542 460 572 Vide
485 542 605 572 Dcscr.
631 542 716 572 Orb.
740 542 839 572 Tcrr.

138 595 270 623 vs.564.
286 596 358 622 5250.
377 595 450 622 812.
468 595 542 622 837.
573 592 767 623 Noctuinus
785 601 840 622 vc-

136 641 273 673 risimile
305 647 370 681 est,
388 643 529 682 primam
554 642 724 683 ¹lelabam
749 643 839 673 vocis

135 692 313 723 Aduatucos
349 693 532 723 exclusisse
566 692 837 733 praepositionem

133 743 185 781 ud,
212 747 247 772 ct
273 743 550 783 praepositionem
576 742 754 783 compositi
776 743 838 773 ite-

135 801 211 822 rare
241 798 331 823 amat
359 798 488 824 auctor.
534 793 619 823 Vide
651 793 693 823 ad
727 802 779 823 ιιι.
806 796 836 823 9.

135 841 295 872 Pluribus
329 843 372 873 de
410 844 472 873 lioc
507 843 581 874 loco
612 843 836 883 disquirentes

135 891 268 922 videbis
313 893 496 933 aliquando
533 893 634 924 Viros
683 893 837 933 egregios

135 942 266 973 Duker.
296 949 330 974 et
358 944 534 975 Drakenb.
552 943 593 975 ad
612 944 684 976 Liv.
703 953 765 976 vu.
785 947 835 975 12.

131 991 141 1007 ‘
156 992 327 1023 Etruriam
345 993 527 1033 ndJacenU

176 1046 193 1073 5
211 1043 280 1082 Ipse
293 1054 361 1073 cum
377 1044 504 1083 reliquis
520 1043 632 1084 trihus]
649 1043 765 1074 Ursini
782 1053 836 1074 co-

131 1094 196 1126 dex
212 1096 460 1127 vetustissimus
477 1097 625 1128 habebat
636 1105 721 1127 vm:
747 1097 836 1127 unde

131 1147 187 1179 ille
204 1148 408 1179 emendabat
423 1157 476 1178 lv:
503 1158 579 1178 unm
595 1148 719 1188 inquit,
736 1148 745 1165 ‘
761 1149 835 1179 Ca*-

130 1207 185 1228 sar
201 1206 224 1228 x
243 1198 431 1235 legionibus
448 1199 480 1228 in
499 1198 611 1229 Gallia
629 1208 697 1229 rem
716 1199 833 1239 gessit,

131 1253 169 1279 ut
197 1247 400 1289 intelligitur
425 1258 466 1279 ex
484 1250 505 1280 l.
523 1258 585 1280 vn.
615 1249 648 1279 in
666 1259 731 1290 quo
759 1254 832 1280 cst:

130 1298 328 1329 Exercitum
360 1299 393 1329 in
425 1299 507 1329 duas
545 1304 659 1339 partes
697 1299 831 1330 divisit:

130 1358 168 1379 1v
193 1349 344 1389 legiones
371 1349 404 1379 in
431 1350 580 1380 Senones
619 1350 832 1391 Parisiosque

134 1398 284 1429 Labieno
296 1398 469 1429 ducendas
485 1399 579 1429 dedit
594 1410 600 1429 :
614 1408 648 1429 Vl
668 1399 834 1430 inArver-

129 1459 202 1490 nos,
218 1453 281 1481 ἀρ.
299 1455 333 1481 et
352 1451 373 1481 l.
391 1459 439 1480 vi.
469 1451 549 1481 duas
578 1451 728 1491 legiones
750 1452 780 1481 in
798 1451 834 1481 fi-

129 1500 227 1531 nibus
252 1501 480 1539 Trevirorum,
507 1501 589 1531 duas
616 1501 649 1531 in
676 1502 832 1542 Lingoni-

130 1550 204 1590 bus,
217 1560 275 1581 sex
290 1551 436 1592 reliquas
454 1551 485 1581 in
501 1552 668 1582 Senonum
686 1551 832 1592 finibus,'

128 1603 192 1632 Sec.
250 1601 392 1641 Magnus
418 1602 569 1641 Scaliger
585 1603 726 1641 margini
744 1603 834 1633 codi-

127 1650 176 1681 cis
203 1655 357 1681 notarum
384 1651 512 1691 Ursini,
534 1661 632 1692 quem
658 1652 831 1692 habemus,

128 1699 201 1730 haec
233 1700 337 1730 verba
369 1700 595 1742 adscripserat
611 1712 618 1732 ι
657 1703 666 1718 ‘
693 1703 832 1743 Magnas

129 1749 287 1781 admovet
305 1751 486 1790 machinas,
503 1756 540 1782 ut
557 1761 592 1782 se
610 1752 831 1783 deridendum

128 1800 299 1840 propinet.
346 1802 434 1831 Nam
459 1801 546 1832 infra
572 1802 699 1833 diserte
716 1803 833 1833 scribi-

127 1854 183 1880 tur
199 1849 241 1880 de
259 1851 301 1882 Q.
315 1850 500 1881 Cicerone:
526 1851 654 1881 nullum
668 1851 832 1890 ejusmodi

126 1909 240 1931 casum
266 1905 482 1941 exspectans,
507 1910 572 1942 quo
601 1909 641 1931 lx
666 1901 831 1941 oppositis

126 1950 328 1991 legionibus,
350 1951 565 1992 maximoque
581 1951 748 1992 equitatu,
764 1954 829 1982 διο.

125 2010 165 2033 lx
181 2001 296 2042 igitur,
313 2012 380 2033 nou
404 2011 428 2032 x
451 2002 600 2041 legiones
626 2006 697 2033 tum
715 2003 830 2033 Caesar

124 2051 294 2083 habebat.’
338 2052 425 2083 Haec
443 2052 609 2092 Scaliger,
626 2052 682 2093 qui
709 2053 829 2083 merito

126 2102 286 2134 Ursinum
310 2103 547 2144 reprehendit:
573 2112 689 2134 verum
705 2107 740 2133 et
757 2103 830 2143 ipse

125 2154 239 2194 lapsus
266 2160 329 2184 est.
377 2155 465 2184 Nam
494 2161 673 2193 perperam
693 2152 829 2194 quidem

126 2202 266 2233 Ursinus
290 2212 351 2243 pro
373 2204 473 2234 trihus
496 2203 671 2233 scribebat
686 2206 828 2243 quatuor.

126 2251 316 2292 Perpemm
341 2257 376 2283 et
399 2253 554 2292 Scaliger
570 2261 609 2282 lx
634 2256 767 2283 tantum
783 2252 830 2283 le-

126 2303 241 2344 giones
264 2308 345 2335 tunc
373 2302 477 2335 fuisse
494 2303 620 2334 Caesari
645 2304 703 2334 ait.
750 2303 830 2343 Ipse

126 2353 243 2385 Caesar
257 2355 320 2385 lioc
337 2355 414 2385 loco
431 2354 516 2385 dicit
542 2353 728 2385 Labienum
753 2362 828 2383 cum

124 2404 234 2436 tribus
264 2404 452 2445 legionibus
480 2404 522 2435 ad
551 2404 727 2434 Oceanum
755 2413 829 2443 pro-

123 2453 268 2486 fectum:
287 2465 403 2495 parem
422 2463 595 2485 numerum
608 2453 725 2484 habuit
745 2453 829 2484 Tre-

123 2504 242 2536 bonius
260 2516 268 2536 :
308 2510 378 2536 tres
417 2505 566 2545 reliquas
597 2504 668 2545 ipse
703 2505 828 2536 Caesar.

125 2554 216 2596 Ergo
247 2564 367 2586 novem
393 2555 448 2586 hic
475 2555 639 2595 legiones,
664 2554 828 2584 decimam

126 2603 243 2636 Cicero
258 2604 391 2644 habuit,
408 2609 446 2636 ut
469 2605 596 2635 diserte
613 2605 666 2635 hic
684 2603 828 2635 affirma-

125 2656 194 2684 tur.
237 2654 359 2696 Itaque
383 2664 464 2686 vere
480 2655 622 2686 Ursinus
639 2663 661 2685 x
679 2655 828 2696 legiones

126 2704 208 2734 tunc
219 2701 320 2736 fuisse
332 2705 459 2737 Caesari
476 2704 536 2745 ait,
548 2704 607 2735 sed
621 2705 755 2746 quando
766 2714 828 2745 pro

128 2758 172 2784 m
188 2753 345 2786 emendat
359 2758 503 2797 quatuor,
530 2759 601 2786 tum
617 2763 684 2786 non
699 2755 829 2796 decem,

1483 189 1597 232 1179

894 292 952 321 ,aed
988 303 1025 324 xi
1061 294 1223 331 legiones,
1254 293 1349 333 fucit,
1378 299 1598 326 annumerata

894 341 948 371 illa
965 344 1018 373 cui
1044 344 1166 373 [icero
1195 349 1350 383 pru-erat.
1399 344 1496 376 Quod
1518 354 1596 376 voro

894 392 1006 422 (Jansar
1035 394 1081 423 ait
1099 405 1157 433 qno
1174 405 1276 424 norem
1303 394 1448 434 oppositis
1469 395 1599 433 legioni-

893 440 958 478 bus,
977 442 1024 472 ita
1055 444 1300 482 accipiendum.
1348 445 1468 474 Cicero
1495 454 1596 485 quum

892 491 1094 523 Cmsarc=1111
1113 504 1146 523 ix
1167 495 1353 531 lvginnibus
1372 496 1412 526 ad
1426 495 1596 527 vexandos

890 541 1004 573 hostes
1033 543 1208 583 profectu<
1237 552 1337 578 esset,
1363 556 1427 576 non
1452 546 1597 585 putabat

891 591 1037 631 objectis
1054 601 1092 623 ix
1120 593 1184 623 illis
1203 595 1389 629 legionibus
1413 597 1527 627 hostes
1551 596 1594 627 ad

890 641 1068 679 decimam,
1084 654 1181 683 (pinni
1208 645 1278 684 ipse
1296 646 1455 685 babebat,
1478 657 1596 687 pervc-

888 692 961 722 nire
980 702 1090 732 posse.
1143 694 1276 725 Vossius.

932 743 984 773 Ad
1001 744 1122 784 flntnen
1148 744 1301 786 ScaIdbn]
1341 747 1379 777 In
1400 748 1523 779 Grassco
1541 758 1595 779 co-

889 792 964 823 (licc
989 793 1084 825 Sabin
1109 793 1185 833 fuit,
1201 800 1235 825 et
1259 796 1292 825 in
1317 796 1387 826 alii<
1414 799 1595 830 nonnullis.

888 844 976 874 Vide
993 845 1187 883 Cluvernm,
1215 851 1249 876 et
1274 846 1403 886 dispice
1421 848 1510 887 quod
1534 858 1592 879 no-

887 904 964 925 men
981 895 1102 927 verius.
1128 896 1224 926 Idem.
1258 897 1433 928 Haben-tn<
1449 899 1594 929 Thomas

886 944 995 975 locum
1012 945 1100 975 hunc
1124 946 1348 986 depravatum
1366 957 1439 977 esse
1464 952 1594 987 censet,

888 1000 923 1025 et
947 1005 1007 1034 pro
1030 995 1140 1026 Scalde
1168 997 1347 1036 legendum
1379 997 1592 1038 .<'11111·71,qu0d

887 1045 1052 1084 hicjuxta
1068 1047 1281 1085 Namurram,
1298 1053 1332 1077 ct
1347 1047 1378 1077 in
1394 1047 1515 1078 linibus
1531 1048 1596 1078 Ar-

886 1097 1014 1126 ‹Inennae
1030 1097 1146 1136 sylvae,
1159 1097 1190 1126 in
1209 1097 1336 1126 Mosam
1356 1096 1483 1127 influat.
1502 1096 1593 1128 Huic

887 1146 1066 1177 sententiae
1098 1146 1162 1177 etsi
1202 1156 1267 1176 non
1305 1147 1414 1186 palam
1457 1147 1593 1178 accedit

886 1197 1058 1227 Henricus
1085 1196 1286 1235 Glareanus,
1313 1196 1441 1226 fatetur
1468 1201 1594 1237 tamen,

885 1247 918 1277 in
936 1247 1058 1278 tabulis
1076 1247 1323 1287 Geograpliicis
1340 1247 1440 1278 hodie
1466 1257 1593 1288 nequa-

886 1307 986 1337 quam
1003 1297 1096 1328 cerni
1125 1307 1235 1337 posse,
1253 1301 1290 1328 ut
1307 1297 1437 1328 Scaldis
1461 1297 1494 1327 in
1521 1298 1594 1328 Mo·

884 1358 954 1378 sam
983 1358 1017 1379 se
1044 1353 1219 1379 exoneret.
1267 1348 1313 1379 At
1331 1348 1508 1379 Gerardus
1525 1349 1594 1380 No-

886 1398 1070 1438 viomaguS,
1097 1398 1148 1428 vir
1175 1398 1397 1437 doctissumus,
1418 1399 1591 1437 vulgatam

884 1447 1065 1478 lectionem
1094 1452 1219 1487 tuetur,
1244 1454 1404 1488 recteque
1422 1449 1591 1480 (ffaesarem

884 1497 1060 1537 scripsisse
1089 1499 1220 1535 asserit,
1252 1499 1386 1529 Scaldim
1412 1499 1442 1529 in
1470 1499 1592 1530 Mosam

883 1548 1024 1587 influere,
1055 1547 1087 1578 id
1119 1548 1208 1588 quod
1238 1547 1298 1579 fiat
1328 1558 1394 1578 non
1425 1549 1543 1588 procul
1573 1559 1592 1579 a

884 1597 1036 1628 Brilenio
1053 1597 1192 1638 oppido,
1214 1598 1270 1628 ubi
1289 1603 1367 1628 ante
1391 1598 1519 1639 aliquot
1536 1607 1593 1628 an-

883 1656 941 1677 nos
961 1652 1052 1677 terra
1076 1647 1170 1687 pagis
1197 1652 1232 1678 et
1247 1648 1380 1678 arcibus
1396 1647 1519 1678 florens
1534 1657 1592 1678 ex-

883 1697 1030 1735 stiterit;
1066 1698 1123 1728 sed
1150 1697 1251 1728 hodic
1278 1703 1410 1727 vastum
1427 1697 1471 1727 ibi
1500 1706 1590 1729 mare

883 1748 988 1787 cerni,
1012 1757 1120 1789 eoque
1138 1747 1224 1788 fieri,
1248 1753 1284 1778 ut
1306 1747 1481 1778 fluviorum
1500 1747 1588 1778 ostia

882 1798 923 1828 ad
942 1803 1097 1829 veterum
1115 1799 1318 1838 praescripta
1335 1798 1515 1828 internosci
1533 1797 1589 1828 vix

883 1852 1021 1888 queant.
1039 1848 1154 1878 Glaml.
1176 1848 1250 1877 Hoc
1265 1846 1446 1878 affirmavit
1460 1848 1588 1885 Caesar‚

882 1897 961 1937 quia
989 1895 1126 1927 flumina
1150 1897 1222 1926 haec
1250 1897 1339 1927 inter
1361 1906 1395 1926 se
1422 1897 1589 1928 aestuariis

876 1946 1111 1987 jungerentur,
1138 1951 1175 1977 ut
1196 1945 1299 1977 docet
1327 1946 1388 1976 Ph.
1408 1946 1588 1978 Cluveriils

882 1997 999 2027 Germ.
1026 1996 1048 2026 l.
1075 2005 1114 2026 11.
1142 2006 1174 2036 p.
1204 1998 1276 2026 135.
1301 1996 1412 2027 Daris.
1447 1996 1507 2036 Iis,
1530 1997 1587 2037 qui

880 2050 1008 2085 negant
1033 2045 1182 2076 Scaldim
1198 2045 1231 2075 in
1247 2046 1379 2076 Mosam
1401 2044 1586 2086 influxisse,

880 2097 1012 2127 accedit
1036 2097 1214 2135 Cellarius,
1230 2106 1334 2138 quare
1360 2097 1463 2127 etiam
1488 2097 1587 2128 Sabin

880 2146 972 2186 legit,
994 2147 1043 2176 uti
1068 2145 1152 2177 fecit
1168 2155 1302 2187 quoque
1328 2147 1584 2187 Memphi-astes

881 2202 916 2228 et
934 2197 975 2228 R.
991 2197 1206 2237 Stephanus:
1233 2201 1268 2227 at
1285 2196 1368 2227 Mss.
1386 2207 1502 2228 omnes
1519 2208 1587 2230 uno

880 2257 1045 2279 consensu
1076 2249 1226 2278 retinent
1257 2247 1398 2278 Scaldem
1424 2249 1477 2289 (ut
1509 2259 1586 2281 cum

880 2298 953 2328 aliis
990 2297 1099 2337 edidi)
1128 2298 1183 2328 vel
1220 2290 1368 2328 Scaldim.
1406 2299 1584 2339 Ast-aldem,

879 2347 1037 2378 Scamium
1061 2346 1149 2378 Edd.
1169 2348 1337 2387 quadam.
1386 2349 1470 2379 x'idc
1493 2354 1528 2380 et
1543 2349 1585 2380 P.

879 2398 1050 2429 Pithoeum
1066 2399 1160 2430 Tom.
1180 2408 1222 2429 ιι.
1243 2400 1339 2430 Thes.
1357 2399 1442 2430 Crit.
1461 2411 1493 2441 p.
1510 2403 1585 2432 782.

879 2454 914 2480 et
930 2449 1008 2480 Pet.
1027 2450 1185 2481 Divaeum
1203 2448 1321 2490 Antiq.
1335 2451 1425 2481 Gall.
1445 2451 1587 2493 Relgica

880 2510 911 2541 p.
935 2503 987 2531 57.
1015 2501 1073 2531 ubi
1091 2501 1193 2532 docet
1217 2502 1225 2517 ‘
1244 2507 1414 2532 extremas
1431 2501 1586 2532 Arduen-

879 2551 930 2582 dae
958 2551 1084 2592 partes’
1103 2561 1169 2582 non
1186 2551 1290 2582 fuisse
1317 2551 1358 2583 ad
1375 2552 1584 2583 confluentes

878 2600 977 2632 Sabis
1001 2606 1036 2632 et
1054 2602 1175 2640 Mosae,
1197 2601 1253 2632 ubi
1279 2601 1393 2641 potius
1423 2601 1585 2632 Meditul·

878 2650 960 2681 lium
977 2649 1094 2691 fuerit,
1111 2651 1171 2682 sed
1199 2652 1300 2691 longe
1328 2649 1465 2681 inferius
1490 2660 1583 2682 mare

878 2710 1005 2741 versus,
1018 2701 1076 2733 ubi
1092 2705 1128 2732 et
1143 2701 1243 2732 hodie
1256 2700 1387 2731 Scaldis
1404 2700 1436 2730 in
1452 2700 1583 2732 Mosam

875 2750 1065 2784 infunditur
1079 2752 1120 2784 ad
1136 2750 1316 2791 Menapios
1332 2754 1367 2781 et
1379 2750 1558 2783 Zelaudos.
