1818 3131
341 197 433 228 mg,
466 196 508 224 v.
539 193 645 224 clip.
674 181 745 223 43.
779 191 840 221 nu
874 192 1028 223 nunno
1059 193 1287 224 GAmeo.

100 290 133 321 ln
150 288 296 322 circuitu
322 293 374 320 est
397 287 540 328 spatium
560 283 795 316 circummuni-

100 339 222 371 tionis:
244 339 355 379 pedum
383 346 436 368 xn
463 341 514 368 est
545 335 578 365 in
607 335 729 366 Petav.
760 334 792 363 in

102 390 210 429 Bong.
229 394 306 420 tert.
319 388 421 419 etiam
439 395 472 417 x.
518 385 568 415 Ex
582 390 696 415 nostro
713 393 792 424 ergo

99 437 326 470 emendandum
341 435 490 473 Orosius,
504 434 559 475 qui
576 434 676 473 vulgo
691 434 792 464 habet

98 488 280 529 quindecim,
301 495 414 517 errore
432 485 655 523 librariorum,
672 488 710 515 ut
734 494 793 524 pu-

100 543 146 578 to,
163 536 402 578 quiajungitur
418 534 486 565 illic
510 536 518 551 ‘
535 535 654 565 vallum
669 534 791 574 pedum

98 596 133 627 Χ,
162 591 197 618 et
228 585 349 616 fossam
381 584 505 625 pedum
535 593 581 615 xv
609 594 671 624 per
702 585 793 615 milia

97 645 253 677 passuum
269 644 315 665 xv
332 635 364 665 in
381 634 525 665 circuitu
551 633 793 674 perfecerunt!

94 685 162 717 Sed
179 695 222 716 an
239 695 318 725 ergo
335 683 583 715 admittendum
606 685 719 724 pedum
746 693 791 714 xv

96 737 150 767 hic
188 736 250 767 loci
286 745 362 767 cum
401 735 574 775 Stephano
612 739 646 766 et
684 736 793 766 Meta-

95 787 254 826 pllraste?
286 786 518 826 Nequaquam.
577 784 667 817 Quia
703 785 792 815 enim

96 837 262 877 significat
297 836 461 866 ‘munitio
490 835 614 875 pedum
639 835 722 865 xvi'
750 845 790 866 an

93 886 182 918 fossa
211 886 425 926 intelligitur,
457 895 498 916 an
528 886 662 925 vallum,
694 895 734 916 an
759 886 791 916 in

95 936 319 975 latitudinem,
342 946 383 967 an
401 936 639 967 altitudinem?
683 936 791 967 Immo

95 987 206 1019 omnia
228 987 338 1026 simul,
365 991 400 1017 et
416 991 524 1018 totum
549 996 643 1027 opus.
689 986 792 1018 Patet

94 1046 174 1078 ergo
190 1037 252 1068 hoc
269 1037 449 1076 inrepsisse
464 1037 496 1066 in
514 1036 624 1068 Mstos
641 1046 683 1066 ex
707 1046 792 1076 prae-

95 1088 250 1127 cedente,
264 1087 400 1127 ubijam
417 1086 552 1117 dixerat
577 1086 618 1117 dc
644 1087 723 1116 valli
747 1088 792 1117 al-

95 1137 297 1170 titudine’et
323 1136 421 1168 fossae
449 1136 639 1168 latitudine.
686 1137 792 1167 Immo

96 1189 206 1220 tullum
239 1193 317 1218 ante
354 1187 473 1218 milium.
505 1187 560 1216 vel
590 1196 651 1227 pro
676 1187 793 1218 milium

94 1238 188 1279 legas
203 1237 256 1269 hic
273 1246 407 1279 quoque
423 1237 456 1267 in
475 1238 600 1269 Lovan.
616 1239 735 1269 Brant.
753 1248 791 1269 ac

96 1289 244 1330 quinque
261 1288 335 1319 aliis
352 1297 428 1318 cum
447 1287 508 1318 Ed.
536 1287 684 1319 Incerta.
728 1289 792 1320 Vel

97 1338 209 1378 potius
235 1343 318 1369 ortae
342 1342 419 1368 sunt
436 1347 453 1367 e
469 1337 593 1369 Glossa
618 1338 737 1369 milium
759 1349 792 1379 p.

99 1397 132 1420 x.
163 1388 205 1419 ad
247 1387 433 1428 marginem
465 1387 520 1417 alii
563 1392 795 1428 exposuerunt

94 1451 249 1481 passuum,
266 1441 320 1471 alii
335 1441 458 1481 pedum,
472 1446 506 1471 et
521 1450 579 1481 pro
594 1449 615 1471 x
635 1446 794 1473 notarunt

97 1491 167 1528 alii,
204 1492 236 1522 iu
265 1491 433 1521 nonnullis
456 1500 529 1521 csse
547 1500 605 1523 xv.
622 1492 661 1523 P.
684 1493 794 1524 adhuc

98 1545 205 1573 restat
221 1541 253 1572 in
271 1541 355 1573 Cod.
380 1540 520 1572 Achillis
549 1542 663 1580 Statii,
685 1543 794 1583 Bong.

98 1602 150 1632 pr.
167 1601 235 1624 sec.
250 1592 350 1623 Voss.
373 1601 422 1632 pr.
440 1592 606 1633 Egmund.
654 1593 794 1623 Rectius

99 1642 215 1674 abesse
225 1643 310 1683 jussi
331 1652 349 1673 e
366 1643 448 1673 Mss.
465 1643 620 1682 optimis;
644 1653 721 1674 nam
738 1654 797 1674 sae-

98 1691 233 1732 pissime
264 1701 406 1732 passuum
435 1691 657 1731 subintelligi,
695 1692 794 1724 docui

92 1745 163 1785 jam
180 1744 221 1775 ad
238 1753 260 1775 1.
279 1747 328 1774 12.
369 1743 584 1774 Constructio
602 1748 653 1774 est
669 1744 796 1774 muniti-

99 1804 184 1825 onem
206 1794 324 1825 milium
349 1802 372 1824 x
387 1793 420 1824 in
435 1793 576 1824 circuitu.
622 1793 698 1824 Non
716 1803 794 1824 vero

98 1849 218 1876 contra
245 1844 353 1874 Mstos
377 1847 413 1874 et
438 1844 544 1874 nostri
570 1853 697 1874 morem
717 1844 795 1883 jun-

98 1892 208 1934 genda
234 1893 352 1924 milium
373 1893 503 1924 circuitu
519 1893 591 1925 sine
608 1894 796 1935 praepositi-

100 1954 176 1983 one,
191 1944 242 1976 uti
259 1948 310 1975 est
327 1943 361 1974 in
380 1943 468 1974 Edd.
484 1944 561 1975 Bas.
583 1944 684 1975 Vasc.
702 1944 795 1983 Aldi,

100 1994 233 2036 Gryph.
248 1994 364 2034 Steph.
381 1994 465 2025 Cell.
480 1994 632 2035 aliisque.
668 1995 797 2026 Contra

99 2046 131 2076 in
146 2045 339 2076 circumitum
352 2045 473 2076 Petav.
491 2049 527 2076 et
538 2045 700 2076 circuitum
716 2046 795 2077 scri-

99 2095 190 2126 bitur
203 2095 236 2126 in
259 2095 340 2126 Mss.
358 2094 586 2135 integerrimis
606 2096 710 2136 Bong.
730 2096 796 2136 pri-

102 2154 167 2183 mo,
190 2155 257 2176 sec.
279 2145 367 2176 And.
395 2144 506 2176 oxon.
525 2146 690 2186 Egmund.
717 2156 796 2186 quo-

100 2194 199 2226 modo
215 2205 305 2235 S'aepe
322 2195 354 2225 ἱη
368 2195 577 2233 latitudinem,
601 2196 797 2227 altitudinem

102 2249 138 2276 et
173 2244 248 2275 alia.
294 2244 361 2275 Adi
391 2244 432 2274 ad
465 2254 504 2276 11.
530 2249 562 2275 5.
610 2244 716 2276 Immo
747 2246 796 2276 sic

102 2294 185 2325 Mss.
216 2299 344 2325 tantum
375 2304 441 2325 non
476 2305 589 2325 omnes
626 2305 706 2326 rur.
742 2299 794 2327 33.

102 2345 110 2361 ‘
128 2343 248 2374 vallum
273 2343 305 2373 in
332 2343 448 2383 oppidi
464 2344 642 2375 circuitum
671 2345 796 2376 ducere

100 2393 273 2425 instituit!
319 2394 360 2425 In
388 2393 548 2425 Ablativo
577 2400 689 2426 tamen
719 2396 797 2426 reti-

103 2448 213 2476 netur.
238 2453 263 2475 1.
287 2446 341 2474 21.
367 2445 494 2485 ‘qualis
516 2445 549 2475 iu
566 2445 712 2475 circuitu
740 2446 797 2476 ad·

103 2497 258 2526 scensus.'
280 2503 323 2525 11.
347 2497 400 2525 29.
427 2494 614 2525 ‘Omnibus
631 2495 664 2524 in
680 2494 800 2526 circui-

105 2548 140 2576 tu
155 2544 306 2584 partibus
319 2544 339 2576 :'
365 2550 399 2575 et
417 2554 446 2575 e.
468 2547 519 2575 30.
541 2546 550 2561 ‘
563 2545 658 2575 Vallo
676 2545 797 2584 pedum

105 2595 216 2632 x11,in
231 2594 374 2626 circuitu
391 2603 438 2625 xv
462 2594 587 2625 milium
601 2595 799 2626 circummu-

107 2643 199 2676 nitiz'
221 2644 290 2682 ubi,
316 2650 354 2676 ut
376 2645 444 2683 hic,
464 2645 536 2676 sine
552 2646 617 2676 τοῖς
636 2655 798 2685 passuum:

108 2693 196 2735 quod
211 2695 296 2726 male
311 2695 498 2727 desiderari
526 2695 669 2736 putabat
694 2695 799 2726 Hoto-

107 2751 255 2777 mauuus.
278 2749 314 2777 et
337 2745 380 2786 B.
396 2745 468 2779 civ.
485 2754 540 2778 ιιι.
555 2748 608 2778 63.
646 2746 655 2763 ·’
670 2745 798 2778 milium

1433 184 1544 226 1117

846 293 999 323 passuum
1019 294 1107 318 xvir.
1131 287 1162 317 in
1179 286 1323 318 circuitu
1340 286 1543 317 munitiones

845 335 1062 373 complexus)
1109 337 1200 368 Hirt.
1230 337 1268 367 B.
1300 336 1400 367 Alex.
1432 345 1463 367 c.
1487 339 1541 367 61.

843 384 852 399 ⁴
866 382 904 412 In
917 384 1057 415 circuitu
1076 387 1214 427 oppidi)
1259 387 1400 418 Variant
1410 396 1543 428 quoque

843 433 926 463 Mss.
946 439 981 464 et
997 436 1083 466 Edu.
1114 437 1204 476 apud
1220 438 1344 468 Melam
1363 447 1385 468 1.
1409 440 1440 468 9.
1457 438 1472 477 ξ
1487 440 1542 468 60.

888 493 991 515 Χιιῐι.
1011 488 1025 514 l
1055 485 1192 526 Septimo
1221 488 1459 527 oppugnationis
1479 486 1544 527 die]

845 533 1008 565 Orosius:
1033 535 1042 550 ‘
1059 536 1101 566 Et
1129 546 1204 566 cum
1225 537 1295 576 jam
1323 543 1453 577 septem
1470 537 1542 568 dies

845 589 1030 625 noctesque
1068 586 1221 616 succidui
1261 586 1405 617 bostium
1445 586 1542 617 cunei

844 634 1056 675 pugnarent?
1103 635 1190 666 Mire
1219 637 1394 676 usurpavit
1425 646 1542 668 vocem

842 685 1009 715 succiduia
1023 685 1236 716 succedendo
1251 697 1257 716 :
1276 687 1333 716 sed
1353 687 1544 718 condonan-

844 735 921 765 dum
948 735 1031 766 illud
1055 745 1128 766 aevo
1148 736 1271 767 Orosii.
1315 737 1459 767 Veteres
1477 737 1544 768 Ro-

843 785 931 815 mani
955 795 1069 816 vocem
1097 786 1186 816 illam
1212 796 1230 816 a
1252 787 1433 817 succidendo
1457 786 1546 818 deri·

843 839 990 873 vassent,
1015 835 1103 866 unde
1119 836 1325 868 succidaneam.
1376 836 1510 867 Vossius,

886 889 905 916 2
929 886 959 917 F
958 890 1094 917 eruentes
1113 887 1205 925 fusili
1221 898 1260 918 ex
1275 889 1387 926 argilla
1401 887 1545 929 glandes]

845 935 967 966 Haeret
984 936 1036 967 hic
1054 937 1286 968 Hotomannus
1302 942 1336 968 et
1355 938 1462 977 primo
1479 948 1545 969 am-

845 986 928 1025 bigit
959 996 1000 1016 an
1029 987 1137 1017 arcina
1159 996 1220 1027 pro
1243 988 1357 1026 argilla
1380 988 1483 1027 legat,
1506 992 1545 1020 ut

843 1046 905 1076 per
922 1037 1072 1067 arvinam
1098 1046 1213 1068 sevum
1237 1037 1431 1069 denotetur.
1475 1037 1544 1070 Sed

843 1087 941 1118 male.
1002 1087 1129 1118 Postea
1164 1088 1173 1105 ‘
1191 1086 1362 1122 ferventes
1386 1087 1545 1128 sulphure

842 1147 883 1167 ex
899 1137 1017 1177 argilla
1033 1137 1196 1177 glandes!
1232 1137 1296 1168 Vel
1313 1138 1361 1168 sic
1384 1136 1544 1175 sert-entes

833 1188 935 1229 fictili
958 1198 997 1219 ex
1021 1189 1134 1227 argilla
1157 1189 1297 1227 glandes.
1344 1188 1480 1225 Nescio,
1504 1198 1546 1219 an

844 1249 984 1280 usquam
1001 1239 1256 1281 legaturfictilis
1270 1239 1405 1278 argilla:
1426 1239 1546 1281 fictilia

844 1299 1023 1321 occurrere
1039 1291 1121 1322 seio.
1160 1290 1321 1331 Denique
1338 1295 1544 1331 postremam

843 1339 939 1370 addit
952 1341 1186 1380 conjecturam
1204 1341 1324 1371 Fusiles
1342 1339 1483 1378 fen-emi
1505 1351 1545 1372 ea:

844 1390 956 1428 arg-illu
969 1391 1105 1428 glandes.
1142 1390 1209 1421 Sed
1225 1391 1318 1421 nulla
1334 1400 1375 1421 ex
1391 1391 1546 1422 omnibus

845 1440 1136 1472 emendationibus
1149 1440 1272 1481 placet.
1311 1441 1484 1473 Quantum
1501 1440 1545 1471 ad

845 1491 995 1521 ultimam
1040 1491 1130 1522 idem
1177 1490 1261 1521 dicit
1298 1490 1547 1530 Hotomannus,

846 1541 934 1581 qumi
953 1542 1069 1572 Caesar
1085 1541 1144 1580 ait,
1168 1550 1244 1571 nam
1260 1540 1287 1571 si
1304 1541 1422 1581 argilla
1435 1539 1547 1572 fundi-

847 1595 914 1626 tur,
938 1600 979 1621 an
1008 1591 1111 1622 liceat
1137 1590 1251 1622 dicere
1276 1590 1385 1621 fusilis
1402 1591 1545 1632 argilla?

845 1641 918 1681 Ego
942 1646 1035 1672 recta
1061 1651 1134 1673 esse
1158 1641 1302 1673 Caesaris
1331 1642 1435 1673 verba
1459 1641 1548 1674 arbi-

846 1695 937 1728 tror·,
962 1697 995 1722 et
1019 1692 1158 1723 innuere
1184 1701 1258 1723 eum
1280 1693 1410 1732 argillae
1428 1702 1545 1733 genus,

846 1742 935 1772 unde
975 1742 1142 1783 hodieque
1177 1747 1298 1774 statuae
1345 1742 1544 1774 funduntur.

846 1791 933 1822 Sane
951 1792 1095 1823 Graecus
1114 1793 1238 1823 vertit:
1272 1792 1431 1833 διαπύρους
1457 1792 1547 1833 σφαί-

846 1853 900 1882 ρας
925 1843 956 1881 ἐξ
980 1841 1141 1883 ἆργύλλης
1162 1842 1355 1882 τετηγμένης
1384 1855 1548 1875 κατεσκευ-

846 1890 1005 1930 ασμένους.
1050 1892 1190 1924 Orosius
1206 1893 1333 1931 habet;
1357 1896 1452 1923 testas
1466 1893 1546 1931 fun-

846 1941 1060 1981 dissert-entes
1075 1943 1233 1974 intorsere.
1270 1944 1368 1974 Idem.
1414 1944 1546 1984 Lipsius

846 1992 1002 2033 Polyorc.
1016 2003 1050 2024 v.
1067 1995 1113 2024 D.
1129 1997 1161 2025 2.
1188 1994 1340 2034 explicat
1356 2004 1433 2025 vasa
1450 1995 1548 2035 argil-

846 2043 941 2074 lacea
958 2042 1105 2075 ferventi
1131 2045 1274 2075 materia
1295 2045 1439 2085 repleta,
1465 2055 1546 2087 quas

843 2094 972 2133 glandes
986 2104 1005 2124 a
1021 2094 1118 2125 simili
1132 2105 1192 2126 usu
1207 2094 1342 2126 dixerit.
1388 2096 1477 2126 Nam
1494 2105 1544 2127 eae

846 2143 927 2174 alias
943 2144 1096 2175 solebant
1121 2154 1193 2175 esse
1217 2144 1398 2184 plumbeae,
1424 2154 1498 2185 quae
1528 2154 1546 2175 e

845 2192 952 2224 sunda
965 2194 1074 2225 missae
1084 2204 1103 2224 a
1116 2194 1227 2235 poetis
1242 2194 1361 2235 passim
1375 2194 1547 2235 finguntur

846 2248 938 2276 motu
971 2254 1029 2275 suo
1057 2245 1263 2276 incalescere
1299 2249 1334 2275 et
1369 2244 1546 2286 liquefieri.

848 2294 991 2326 Consule
1021 2295 1073 2326 Cl.
1104 2295 1281 2327 Drakenb.
1312 2295 1354 2325 ad
1380 2295 1498 2326 Silium
1521 2304 1547 2326 1.

846 2346 920 2374 317.
938 2349 974 2375 et
994 2345 1106 2375 Burm.
1122 2345 1165 2375 ad
1180 2345 1257 2375 Val.
1273 2345 1385 2376 Flacc.
1402 2353 1459 2375 111.
1473 2347 1526 2376 96.

890 2395 935 2425 Et
957 2394 1135 2434 fert-efacta
1156 2395 1277 2435 jacula]
1308 2396 1452 2427 Graecus
1483 2393 1547 2425 διά-

847 2457 926 2484 πυρα
955 2444 1046 2483 βέλη.
1102 2447 1136 2477 Si
1168 2446 1235 2476 vim
1261 2445 1351 2477 vocis
1371 2445 1548 2483 fervefacta

849 2496 1032 2535 examines,
1055 2496 1236 2527 videantur
1255 2496 1363 2527 solum
1389 2495 1546 2536 cuspides

849 2545 1033 2577 candentes
1050 2546 1163 2577 fuisse.
1209 2545 1276 2576 Sed
1294 2555 1358 2576 non
1384 2545 1417 2575 id
1441 2544 1548 2574 voluit

851 2593 975 2635 Caesar,
998 2606 1096 2637 quem
1122 2605 1188 2628 non
1212 2595 1331 2627 dubito
1354 2594 1546 2633 intelligere

849 2642 1019 2684 salamas,
1041 2650 1100 2677 aut
1116 2647 1225 2677 simile
1242 2645 1301 2676 teli
1317 2653 1433 2685 genus,
1455 2643 1547 2684 quod

848 2697 972 2735 stuppa
989 2699 1122 2727 veteres
1139 2693 1434 2733 circumligabant.
1463 2691 1549 2723 Oro-

849 2742 916 2776 sius
933 2743 1094 2786 illustrat‚
1117 2755 1192 2777 cum
1209 2744 1270 2784 ait,
1292 2741 1547 2785 ‘flammataque
