1818 3131
308 265 402 294 mn.
433 262 634 293 v1.·c·A1‘.
664 250 833 291 ‘usna
869 261 1022 290 nmmo
1055 261 1282 290 cAmeo.

68 361 144 394 illos
170 360 203 391 in
230 359 414 391 Germania
442 357 568 398 posuit,
594 364 712 387 verum
735 355 768 386 in

70 410 295 443 Bur-bunensi.
339 409 416 441 Non
443 416 564 447 magna
587 405 768 437 difficultas

55 465 132 492 est.
178 460 266 492 Num
283 468 358 490 cum
370 457 522 489 disertim
537 456 660 488 Strabo
677 456 701 487 l.
717 465 768 487 lv.

66 514 232 542 memoret
248 509 370 540 Volcns
395 508 428 538 iu
453 508 559 548 ipsam
576 506 691 538 Asiam
713 516 769 537 co-

68 559 174 593 lonias
190 559 327 596 misisse,
341 561 442 597 atque
465 556 508 587 ab
533 556 572 586 iis
597 565 769 596 nuncupa-

69 613 133 647 tos,
154 608 213 649 qui
228 608 260 638 in
275 606 426 647 Phrygia
441 606 651 645 Tectosages
671 615 769 636 voca-

67 658 211 690 bantur:
250 661 378 699 quanto
409 656 603 687 credibilius
631 656 665 686 in
695 665 770 695 pro-

50 708 244 750 pinquiora
281 708 355 738 loca
392 706 491 738 facile
527 716 582 737 eos
621 706 769 746 potuisse

50 758 257 799 pervenire.
303 757 428 788 Verum
450 766 517 798 quo
533 757 669 796 proprie
695 756 769 787 loco

65 807 295 846 consederint,
310 817 376 838 non
393 806 491 838 facile
507 806 644 838 dixeris.
678 805 769 837 Rhe-

66 866 171 888 nanus
187 858 219 888 in
234 857 476 889 commentario
494 866 606 887 rerum
629 856 769 887 Germa-

65 907 217 938 nicarum
233 917 289 938 eos
309 907 352 938 ad
371 906 468 939 Nicri
485 906 594 947 ripam
615 906 718 946 locat,
736 906 769 936 in

67 956 363 995 Wirtenbergensi
379 957 522 996 ditione,
532 955 590 987 ubi
601 955 769 997 hodieque

64 1014 126 1037 arx
152 1006 232 1037 Teck
263 1006 496 1047 antiquissima
519 1006 649 1045 visitur,
679 1005 768 1046 quod

66 1056 266 1087 vocabulum
284 1061 383 1096 putat
398 1055 528 1088 factum
553 1058 595 1086 ex
610 1055 769 1096 principe

64 1105 196 1147 syllaba
212 1106 354 1137 nominis
369 1107 583 1146 Tectosages.
639 1106 678 1136 ln
696 1106 768 1136 Cae-

66 1166 141 1188 sare
163 1162 278 1188 nostro
306 1157 373 1187 Ms.
401 1155 542 1196 margini
559 1155 768 1195 adscriptum

65 1211 139 1243 crat
153 1207 378 1247 Tectosagum
401 1211 527 1238 terram
544 1205 768 1237 Franconiam

68 1262 187 1297 postea
215 1256 365 1287 dictam:
402 1256 492 1297 quod
520 1256 548 1287 si
575 1265 703 1294 verum,
727 1265 768 1286 an

67 1307 109 1337 ab
135 1307 174 1338 iis
205 1308 350 1346 vullareis,
366 1307 455 1348 quod
479 1316 603 1338 nomen
626 1307 712 1345 loco,
736 1306 769 1336 iu

66 1366 108 1388 ea
136 1362 240 1395 terra,
268 1368 310 1389 ex
345 1357 506 1388 Volcarum
533 1357 667 1387 nomine
694 1366 770 1397 per-

70 1407 216 1438 mansit?
244 1408 334 1438 Sane
348 1411 477 1438 temere
494 1417 558 1438 non
575 1406 771 1437 adfirmave-

70 1457 146 1489 rim.
189 1456 231 1487 Id
248 1456 347 1487 modo
364 1456 452 1495 dico,
478 1456 592 1486 mirari
609 1465 673 1494 me,
689 1455 770 1496 quid

69 1516 183 1538 causae
207 1507 380 1548 Scaligero
399 1505 516 1545 fuerit,
540 1506 629 1547 quod
653 1506 687 1536 in
711 1516 771 1537 sua

68 1557 171 1587 etiam
189 1556 338 1588 editione
355 1556 574 1596 depravatam
601 1556 692 1586 illam
717 1565 771 1586 vo-

68 1615 144 1638 cem
160 1608 250 1646 vulgo
266 1607 453 1647 reliquerit,
467 1615 542 1636 cum
557 1606 772 1646 reperiantur

70 1656 155 1688 Mss.
193 1657 250 1698 qui
295 1655 447 1688 diser-tim
490 1656 617 1687 liabent
660 1657 771 1687 Volcae.

72 1707 162 1740 Quin
179 1712 215 1739 et
231 1707 372 1738 Graecus
399 1706 503 1738 vertit
531 1706 644 1737 Βόλκαι
669 1707 719 1737 καὶ
745 1709 773 1737 οἱ

70 1755 265 1796 Ten-raama
280 1756 398 1789 ἄποικοι
423 1758 479 1793 τῆς
503 1758 654 1787 Γαλατίας
676 1757 772 1797 ὄντες,

71 1807 132 1838 sed
149 1811 330 1847 corruptus
350 1807 454 1846 locus,
476 1811 512 1837 et
530 1816 707 1847 perperam
734 1808 771 1837 il-

71 1856 129 1887 lud
155 1856 205 1887 καὶ
233 1857 412 1897 repetitur.
457 1856 575 1887 Scribe
603 1856 717 1887 Βόλκαι
744 1857 773 1887 οἷ

70 1907 274 1946 Τεκτόσαγες.
329 1906 403 1938 Nisi
430 1906 518 1937 forte
549 1907 582 1937 in
610 1906 771 1947 deprava-

73 1963 145 1993 tum
173 1957 323 1990 codicem
349 1956 517 1988 inciderat
544 1957 614 1995 ille,
645 1957 678 1987 in
703 1967 771 1998 quo

71 2007 248 2048 legebatur
275 2007 377 2039 Volcoe
400 2010 430 2039 et
450 2006 648 2045 Tectosages.-
683 2007 770 2047 quod

70 2057 144 2090 fieri
160 2058 282 2098 potuit,
300 2062 337 2088 ut
353 2066 396 2088 ex
412 2062 585 2097 postrema
601 2057 700 2088 litera
716 2066 772 2087 vo-

72 2109 121 2141 cis
139 2109 250 2147 Volcoe,
264 2112 299 2140 et
315 2109 420 2149 prima
437 2108 580 2139 nominis
595 2108 774 2146 Tectosages

74 2156 276 2190 conflaretur
299 2159 464 2198 particula
486 2161 528 2196 et,
549 2168 625 2199 quae
652 2168 772 2198 perpe-

75 2218 148 2240 ram
174 2208 296 2239 deinde
323 2209 460 2240 inserta.
505 2208 554 2239 At
579 2208 660 2239 illud
683 2209 773 2247 vulgo

74 2258 236 2298 originem
264 2258 368 2288 traxit
391 2267 433 2288 ex
464 2258 581 2297 Volgae,
607 2258 654 2289 ita
685 2259 773 2288 enim

75 2308 230 2349 plerique
272 2307 356 2338 Msti
388 2307 526 2346 habent,
563 2317 624 2348 pro
657 2307 774 2345 Γρᾶ-ιε,-

72 2359 121 2390 sic
138 2358 334 2399 plerumque
359 2358 392 2388 in
418 2358 537 2388 iisdem
564 2357 662 2389 codd.
680 2366 776 2398 repe-

75 2408 143 2440 rias
157 2408 331 2447 Beuoragi,
347 2418 406 2448 pro
424 2408 579 2439 Belloraci
591 2419 601 2439 .·
629 2413 668 2440 ut
682 2418 774 2449 saepe

55 2468 98 2498 ,ἕ
110 2459 211 2491 litera
224 2468 285 2499 pro
297 2470 313 2490 c
329 2464 474 2499 ponatur
488 2470 496 2489 z
522 2459 610 2500 quod
627 2459 776 2499 quamvis

73 2509 161 2549 lette,
175 2509 358 2540 notandum
376 2513 488 2540 tamen
504 2519 512 2546 ;
537 2514 574 2539 ut
590 2508 775 2548 videamus,

75 2568 177 2599 quam
190 2568 280 2599 saepe
297 2558 436 2589 minutae
461 2568 588 2590 caussa*
612 2559 776 2599 originem

78 2608 244 2640 erroribus
260 2608 448 2649 praebcant.
496 2609 628 2641 Vossius.
679 2610 778 2640 l'olcoe

62 2661 175 2688 erecte
189 2667 209 2688 e
223 2658 305 2702 Mss.
322 2659 465 2690 rescribi
485 2660 586 2699 jussit
613 2660 751 2691 Ursinus
768 2671 774 2690 :

54 2743 58 2749 Ι
80 2706 250 2747 quodjam
266 2709 465 2740 exhibuerat
482 2710 631 2741 Florent.
650 2716 683 2741 ct
697 2711 777 2742 Vm<-

61 2761 284 2798 .cqqauu§‚at
306 2758 492 2790 Beroaldus
521 2760 638 2798 Volgae,
665 2766 700 2790 ut
724 2766 776 2791 est

61 2805 115 2839 ,iu
131 2805 225 2837 voss.
242 2816 292 2847 pr.
316 2809 413 2848 Egm.
431 2813 467 2840 et
483 2809 567 2840 aliis.
613 2810 776 2849 Per-tolga*

164 2859 276 2899 Daph.
291 2865 321 2893 ct
343 2862 416 2894 Var.
435 2863 517 2896 Clas.

755 2866 860 2895 Cccsar

1403 251 1519 293 1169

820 356 966 387 Airnoin.
1012 356 1051 387 In
1070 357 1238 398 plerisque
1251 356 1352 395 vulgo.
1396 355 1437 386 In
1456 355 1521 386 Pe-

818 409 888 437 tav.
924 406 1030 444 Vulgo.
1090 408 1201 445 Belgae
1235 407 1332 437 Voss.
1365 415 1434 437 sec.
1458 406 1519 437 sed

823 457 924 487 γοα-(ε
949 458 1096 488 servavit
1123 458 1220 489 Leid.
1247 467 1315 489 sec.
1343 462 1381 488 ut
1407 456 1521 489 debet.

821 506 1016 546 Tectusages,
1039 508 1228 547 Tecti-rages,
1252 509 1439 547 Toctusages
1453 508 1523 548 pl'e·

817 556 912 598 rique
929 557 1085 595 Codices,
1102 568 1118 587 ο
1139 563 1174 589 et
1189 570 1220 597 u,
1232 570 1246 589 c
1263 564 1298 589 et
1311 569 1335 597 g
1352 568 1412 599 pro
1428 567 1521 589 more

819 606 977 638 confusis.
1024 607 1063 637 In
1089 618 1147 638 suo
1173 613 1286 638 autem
1312 608 1430 639 codice
1447 608 1521 639 Me-

819 657 1016 698 taphrasten
1035 657 1154 698 legisse
1171 662 1201 688 et
1221 659 1413 697 Tectosages,
1438 658 1523 689 indi·

819 708 870 739 cio
886 707 996 738 adhuc
1012 717 1087 738 esse
1110 712 1221 748 potest
1239 708 1471 746 Dukerianus,
1488 708 1523 738 in

819 767 884 798 quo
901 757 1000 798 plane.
1017 760 1048 787 et
1069 757 1318 797 interponitur:
1357 767 1460 798 qnare
1489 758 1524 788 in

820 817 860 838 eo
886 807 934 837 nil
963 812 1114 846 mutem3
1152 808 1235 839 lieet
1267 808 1354 838 male
1383 817 1424 838 ex
1456 817 1522 838 uno

820 859 946 899 populo
961 857 1067 890 faciat
1081 858 1186 890 duos:
1226 859 1316 900 quod
1342 858 1464 898 saepius
1487 858 1523 888 in

820 908 939 948 priscis
954 907 1082 940 factum
1099 909 1295 940 auctoribus
1308 909 1523 939 librariorum

819 958 933 998 culpa,
958 958 1068 989 sciunt
1093 958 1198 990 docti.
1243 958 1291 990 At
1314 967 1396 990 vero
1419 963 1524 994 negat

820 1008 873 1039 Cl.
899 1007 1076 1039 Cluverius
1103 1008 1136 1038 in
1155 1008 1272 1039 Germ.
1296 1007 1379 1039 Ant.
1396 1017 1452 1039 lu.
1470 1011 1523 1040 30.

818 1056 924 1089 fuisse
943 1058 1050 1089 Volcas
1064 1058 1260 1097 Tectosagas,
1274 1057 1307 1088 id
1325 1063 1389 1097 est,
1405 1058 1524 1089 Gallos

819 1107 1027 1145 Braccatos;
1065 1106 1123 1138 sed
1147 1106 1264 1144 Bojos,-
1285 1116 1389 1147 quare
1414 1116 1526 1137 ernen-

820 1158 891 1197 dat,
905 1158 992 1198 Boji,
1006 1158 1123 1189 Celtica
1147 1167 1224 1197 gens
1243 1168 1346 1198 occup.
1373 1167 1392 1188 e
1406 1157 1526 1189 Tacito

820 1208 937 1239 Germ.
955 1217 984 1239 c.
1002 1210 1055 1239 28.
1073 1208 1226 1249 aliisque.
1279 1207 1358 1240 Non
1382 1207 1462 1239 mihi
1487 1207 1525 1239 li-

820 1262 915 1298 quet.

865 1310 904 1338 10
923 1308 1071 1348 Nuncque
1084 1308 1116 1338 in
1131 1307 1447 1348 eadem—patientia,
1464 1317 1525 1348 qua

823 1357 985 1396 Germani,
1019 1358 1375 1398 permanent.-Gallis
1409 1362 1526 1397 autem,

820 1406 888 1446 Esca]
914 1407 1057 1438 Codices
1073 1407 1240 1444 nonnulli;
1268 1408 1368 1444 Nunc,
1386 1407 1475 1448 quod
1493 1409 1527 1438 in

821 1457 1200 1498 eadem—patientiaque
1230 1457 1380 1488 Germani
1404 1467 1525 1497 perma-

820 1510 894 1538 nent
906 1506 1067 1543 ,·—Gallis
1092 1510 1204 1547 autem,
1229 1508 1281 1546 ᾅϊ.
1338 1506 1453 1548 Atque
1477 1508 1527 1538 ita

821 1557 956 1588 omnino
990 1556 1171 1597 legendum
1202 1557 1375 1588 existimat
1407 1557 1440 1590 J.
1472 1557 1523 1589 M.

821 1607 959 1638 Brutus.
1003 1607 1131 1637 Verum
1149 1611 1255 1638 totam
1281 1607 1457 1647 periodum
1473 1612 1524 1638 at-

822 1657 947 1688 tentius
975 1657 1214 1697 perpendenti,
1244 1658 1435 1698 apparebit,
1458 1658 1526 1689 isto

822 1707 934 1747 modo,
963 1717 1072 1749 neque
1101 1708 1185 1738 illud
1215 1707 1308 1738 Nunc
1338 1713 1419 1747 apto
1448 1717 1525 1739 esse

822 1756 895 1786 loco
914 1757 1060 1796 positum
1083 1755 1280 1793 (dicendum
1298 1756 1386 1787 enim
1410 1757 1524 1796 potius

821 1805 952 1844 fuisset,
976 1807 1034 1846 Et,
1057 1808 1137 1847 quod
1153 1816 1230 1836 nunc
1247 1807 1291 1845 in,
1315 1806 1388 1845 ξε.)
1413 1816 1525 1847 neque

822 1856 854 1885 id
872 1856 960 1896 quod
976 1857 1141 1897 sequitur,
1162 1856 1346 1895 Paullatim,
1358 1858 1410 1895 ᾅϊ.
1427 1862 1525 1887 recte

822 1906 1012 1937 cohaerere:
1049 1905 1230 1937 dicendum
1267 1906 1356 1936 enim
1392 1905 1526 1945 fuisset,

822 1956 871 1986 111·
884 1957 1059 1996 paullatim,
1075 1957 1128 1995 850.
1166 1956 1272 1986 Clark.
1319 1956 1434 1996 Longe
1455 1956 1526 1996 plu-

822 2007 897 2037 rimi
915 2007 999 2037 Mss.
1015 2006 1142 2037 habent
1155 2006 1232 2046 quod
1249 2015 1325 2036 cum
1342 2005 1428 2036 Edd.
1445 2006 1529 2036 mul-

823 2056 878 2095 tis,
893 2056 1033 2096 quoniam
1050 2055 1146 2087 Leid.
1162 2065 1212 2095 pr.
1229 2060 1264 2085 et
1280 2055 1370 2086 Scal.
1395 2054 1525 2086 Natum

822 2106 886 2137 boc
918 2105 1009 2145 inde,
1040 2105 1131 2146 quod
1164 2106 1198 2136 iu
1235 2105 1405 2137 nonnullis
1437 2111 1528 2137 esset

823 2157 987 2198 scriptum
1032 2157 1243 2197 patientiaque
1290 2156 1395 2197 (quod
1430 2157 1528 2188 vitio-

822 2217 894 2238 sum
910 2216 983 2238 esse
999 2212 1092 2238 recte
1107 2207 1236 2239 monuit
1255 2206 1326 2247 jam
1346 2205 1504 2247 Ursinus)
1518 2217 1526 2238 :

825 2261 861 2289 et
888 2257 1121 2298 intelligerent
1142 2257 1191 2288 fle
1219 2257 1419 2295 Germanis;
1451 2267 1528 2288 cum

825 2312 943 2339 auctor
959 2308 1116 2348 loquatur
1133 2307 1242 2339 adhuc
1259 2307 1302 2338 de
1316 2307 1432 2338 Volcis
1446 2317 1454 2338 :
1490 2311 1529 2338 ut

826 2356 912 2388 bene
948 2357 1091 2388 Graecus
1133 2357 1385 2398 Memphi-astes
1423 2357 1529 2397 cepit.

828 2408 966 2449 Optime
998 2419 1079 2449 ergo
1118 2410 1239 2440 Petav.
1279 2419 1356 2440 nunc
1391 2419 1529 2449 quoque.-

828 2459 916 2499 quod
933 2460 1062 2490 auctori
1075 2459 1208 2490 restitui
1226 2468 1286 2499 pro
1299 2459 1438 2490 rancido
1459 2459 1529 2489 isto

828 2519 971 2550 numque,
995 2509 1077 2540 licet
1104 2510 1322 2541 Hotomanno
1350 2509 1527 2550 placuerit.

829 2559 906 2590 Non
933 2559 1020 2590 male
1051 2560 1155 2601 etiam
1182 2559 1294 2591 Oxou.
1326 2559 1528 2598 simpliciter

828 2608 933 2639 habet
961 2619 1049 2639 nunc.
1111 2609 1325 2639 Dukerianus
1354 2617 1432 2637 nunc
1463 2606 1529 2646 qui·

828 2660 919 2689 dem:
939 2659 1028 2700 quod
1046 2661 1149 2691 etiam
1162 2659 1295 2690 admitti
1313 2664 1445 2698 posset:
1471 2667 1529 2696 qua

829 2714 939 2740 autem
963 2710 1115 2750 praebent
1132 2711 1216 2740 Mss.
1240 2709 1305 2739 niei
1322 2717 1456 2738 onmes:
1492 2712 1530 2739 et

829 2760 916 2791 Edd.
932 2760 1046 2800 primae
1061 2771 1068 2790 :
1102 2768 1280 2799 perperam
1298 2757 1458 2797 deinceps
1473 2767 1530 2797 pa-

829 2810 998 2851 tientiaque
1014 2810 1206 2842 ediderunt.
1254 2808 1340 2840 Vide
1365 2808 1407 2839 ad
1430 2818 1460 2840 c.
1476 2811 1528 2842 22.

1368 2864 1387 2894 4
1411 2861 1441 2894 E
