1818 3131
306 227 504 258 1.1n.vu.
535 225 643 256 mr.
673 215 743 255 74.
777 225 839 255 nn
874 225 1027 256 annno
1059 226 1287 256 GALuco.

74 324 233 366 (quorum
269 322 513 365 longitudinem
541 321 592 352 ln‘c
620 329 686 351 non
716 320 771 351 de-

76 379 345 411 monstraveram
389 377 487 404 erant
523 376 634 402 autem
672 371 770 410 paulo

76 425 219 465 amplius
256 433 371 455 senum
408 422 550 462 pedum:
597 420 635 450 ab
667 420 771 461 infimo

74 473 236 514 (scrobis)
248 474 321 512 solo,
341 471 533 503 stabiliendi
555 480 669 509 eausa,
683 470 772 509 pedes

77 527 141 554 ires
157 522 259 554 fuisse
271 526 355 553 terro
382 522 564 552 esculentos.
609 521 663 551 Sic
681 520 770 550 enim

77 576 114 603 et
137 571 295 608 Graecus·,
327 569 400 610 πρὸς
425 568 463 599 τὸ
489 569 624 608 γήπεδον
662 571 773 600 ΤΡΕΙΣ

76 620 172 653 πόδας
201 620 381 659 ἔπεχώννυε.
423 621 530 651 Clark.
581 621 678 651 Pedes
713 624 775 651 tres

77 672 238 704 exhibent
254 682 387 713 quoque
409 671 532 711 Scalig.
550 671 661 703 Oxon.
678 670 774 702 Leid.

78 724 176 765 prim.
189 728 224 754 et
238 722 416 761 secundus,
427 731 466 753 ac
480 722 684 752 Petavianus
700 730 775 751 cum

80 774 168 806 Edd.
184 774 284 804 Vasc.
303 771 414 803 Strad.
440 772 558 812 Steph.
584 776 620 802 et
643 770 775 810 Gryph.

77 829 206 866 poster.
240 822 463 855 Nihilominus
480 822 635 862 pessime,
651 820 678 852 si
697 820 776 861 quid

78 874 188 906 video.
233 873 360 904 scrobes
381 873 428 903 illi
451 877 580 908 tautum
597 871 656 902 alti
680 875 778 901 erant

80 929 144 956 tres
155 926 256 965 pedes,
272 928 306 955 et
320 924 441 964 stipites
464 922 658 953 eminebant
678 921 778 953 modo

79 983 118 1006 lv
146 975 275 1014 du'gitis:
309 975 367 1015 qui
392 983 474 1013 ergo
503 973 676 1013 potuerint
705 981 778 1002 esse

77 1034 180 1056 senum
193 1025 316 1064 pedum,
333 1024 384 1053 vel
409 1027 473 1054 tres
495 1023 588 1063 pedes
610 1027 701 1052 terra
724 1030 780 1052 ex-

79 1074 218 1106 enlcari.
262 1072 353 1104 Illud
379 1075 444 1103 tres
460 1078 577 1102 natum
593 1076 644 1101 cst
662 1080 679 1101 e
698 1079 780 1100 voce

81 1127 177 1161 terro,
193 1132 292 1164 quam
317 1121 393 1153 ideo
416 1130 481 1152 non
507 1120 608 1151 habet
627 1120 781 1151 Leidens-

81 1174 180 1215 prim.
197 1177 232 1203 et
248 1181 314 1203 sec.
339 1171 379 1201 In
395 1171 517 1201 Petav.
530 1175 581 1201 est
597 1174 690 1200 αντα»
702 1173 782 1200 tres:

81 1223 115 1254 in
140 1222 272 1254 Duker.
299 1222 332 1253 iu
357 1225 460 1252 terra:
485 1221 518 1251 in
541 1221 630 1252 scal.
648 1229 781 1261 quoque

82 1277 118 1305 et
131 1272 225 1304 Leid.
242 1282 294 1312 pr.
311 1277 364 1302 est
377 1271 494 1310 singuli
505 1274 546 1301 et.
586 1271 677 1302 Puta
689 1272 782 1312 pedes

82 1332 156 1354 esse
179 1321 433 1353 nominativum.
478 1320 604 1360 Singuli
623 1321 714 1359 pedes
729 1330 781 1351 ex·

82 1371 280 1403 culcabantur
304 1374 405 1401 terra:
439 1369 472 1400 id
499 1375 562 1408 est,
586 1370 618 1399 in
647 1379 780 1410 quaque

82 1423 201 1454 scrobe
232 1431 315 1452 unus
341 1430 401 1461 pes
428 1421 481 1451 vel
511 1419 656 1460 spatium
683 1419 780 1450 unius

83 1471 179 1512 pedis
193 1470 398 1510 inplebatur,
420 1474 454 1500 et
476 1468 665 1499 firmissime
680 1468 782 1509 stipa-

83 1523 186 1554 batur
200 1526 304 1560 terra,
317 1530 382 1561 quo
396 1519 525 1550 stabilis
540 1523 649 1550 staret
664 1518 782 1558 stipes,

83 1571 134 1603 nti
150 1571 278 1611 optime
304 1574 422 1601 contra
446 1569 710 1606 Hotomannum‚
725 1567 782 1598 de-

82 1623 153 1654 lere
181 1622 349 1652 volentem
377 1620 467 1660 pedes
492 1623 588 1658 terra,
617 1617 784 1658 explicuit

81 1670 158 1703 sere
189 1671 342 1711 Lipsius:
379 1679 580 1711 quamquam
605 1669 632 1701 si
652 1669 784 1700 abesset

85 1731 149 1752 vox
163 1722 266 1761 pedes,
282 1730 348 1751 non
363 1720 603 1750 desiderarem.

129 1773 171 1802 22
199 1770 354 1809 Virgultis
382 1769 593 1810 integcbatur]
628 1769 782 1808 Metaph.

85 1819 250 1862 φρυγάνοις
273 1818 476 1850 ἐκαλύπτετο.
522 1820 648 1855 Recte;
682 1823 785 1858 atque

84 1872 134 1903 ita
150 1871 232 1902 Mss.
250 1869 367 1911 Cujac.
380 1868 469 1899 And.
482 1868 606 1908 Soulig.
620 1868 733 1898 Oxon.
751 1872 786 1898 et

88 1920 183 1953 Leid.
209 1920 307 1960 prim.
329 1918 491 1958 tegebatur
515 1927 649 1959 quoqne
676 1918 784 1957 Bong.

85 1971 185 2012 prim.
211 1974 247 2001 et
272 1969 397 2001 I’etav.
413 1968 581 2006 frondibus
601 1978 676 2007 quas
689 1966 787 2005 fossis

87 2020 289 2062 super-iecerat
313 2020 347 2050 ln
374 2019 473 2050 simili
490 2028 526 2049 re
546 2018 697 2049 Frontin.
716 2027 738 2048 1.
754 2022 786 2048 5.

87 2071 105 2111 ξ
131 2073 184 2102 11.
210 2068 307 2100 Infra
328 2078 359 2100 c.
385 2072 439 2099 79.
462 2067 612 2099 ‘fossam
639 2067 787 2099 cratibus

89 2120 264 2161 integunt?
286 2120 328 2151 B.
355 2119 430 2151 Civ.
456 2128 481 2149 1.
505 2122 558 2150 25.
591 2119 600 2135 ‘
619 2118 676 2148 has
698 2123 790 2148 terra

91 2175 194 2212 atque
219 2179 342 2211 aggere
370 2169 571 2210 integebat‚'
604 2174 641 2200 ut
673 2174 725 2199 est
755 2168 789 2199 iu

91 2220 176 2251 Mss.
201 2230 231 2251 c.
258 2222 311 2250 54.
333 2221 342 2236 ‘
361 2229 483 2259 corpus
505 2219 638 2249 navium
663 2218 790 2249 vimini-

91 2270 154 2301 bus
181 2274 379 2301 contextum
417 2270 517 2300 coriis
547 2267 788 2309 integebatur.'

91 2320 132 2352 B.
151 2320 224 2352 Civ.
247 2329 285 2351 ιι.
311 2322 361 2351 15.
385 2320 394 2336 ‘
411 2324 523 2350 crates
544 2319 614 2349 luto
637 2319 790 2358 integun-

91 2369 171 2402 tur!
207 2369 387 2401 Stramenta
403 2373 437 2400 et
454 2369 791 2409 rirgultajunguntur

91 2428 172 2452 vul.
195 2423 247 2451 15.
284 2419 506 2451 Nihilominus
538 2419 675 2449 Vinculi.»-
711 2418 791 2448 «lant

91 2469 201 2511 Bong.
210 2474 247 2501 et
257 2469 333 2501 Pet.
345 2469 443 2500 immo
454 2469 574 2510 reliqui
584 2469 666 2500 Mss.
676 2478 790 2499 omnes

92 2521 130 2551 'et
144 2519 231 2552 Edd.
247 2520 342 2551 vett.
359 2519 487 2550 vinculis
504 2520 556 2549 vel
582 2519 689 2549 vinclis
710 2519 792 2558 inpe-

91 2569 242 2601 diebatur.
267 2580 270 2582 ·
297 2571 424 2601 Forsan
457 2570 640 2610 scripserat
678 2569 793 2600 Caesar

94 2618 251 2660 Virgalis,
263 2619 298 2651 id
308 2624 374 2659 est,
387 2620 501 2660 parvis
514 2619 624 2659 tir-gis,
636 2619 705 2650 sive
724 2619 794 2650 Vir-

94 2668 184 2708 culis,
205 2668 284 2700 hinc
309 2669 447 2700 vinculis.
495 2668 590 2699 Nihil
615 2668 704 2699 enim
721 2677 792 2698 cre-

98 2712 190 2749 brius
213 2723 264 2749 ωε
291 2718 544 2750 conmutatione
569 2719 626 2748 τοῦ
651 2728 676 2757 g
706 2723 740 2748 et
766 2727 792 2747 c.

98 2765 294 2801 Prie-erum
317 2779 394 2801 cum
408 2770 504 2801 Vett.
528 2768 674 2802 Romani
692 2778 708 2800 e
731 2777 793 2809 pro

1404 216 1426 255 l
1435 215 1517 256 251

820 330 843 357 g
861 321 1088 360 adhibuerint,
1102 327 1139 353 ut
1163 321 1196 352 in
1210 322 1368 362 pucnamlo
1383 326 1417 352 et
1434 320 1522 352 simi-

824 371 909 401 libus
925 373 1106 403 innumeris
1122 373 1314 412 vocabulis;
1338 373 1426 414 quod
1449 374 1522 414 jam

825 419 989 450 tironibus
1013 427 1140 452 notum.
1188 422 1324 462 Apulei.
1343 423 1484 454 Metam.
1503 423 1526 454 l.

825 477 864 499 ιι.
884 479 914 508 p.
931 472 984 500 22³..
1004 471 1064 500 Ed.
1082 472 1171 501 Prie.
1195 473 1203 488 ‘
1222 473 1347 503 Muscis
1360 478 1395 504 et
1411 472 1525 504 herbis

826 524 861 549 et
878 518 968 550 foliis
996 526 1031 550 et
1056 521 1194 560 virgulis
1212 529 1247 554 et
1264 523 1371 554 sicubi
1399 523 1527 564 pampi-

826 569 876 599 nis
889 569 908 600 :’
932 569 988 600 ubi
1015 569 1076 600 Ed.
1099 572 1174 602 Bas.
1197 582 1246 612 pr.
1263 580 1297 603 et
1316 574 1397 605 Mss.
1415 574 1527 605 Oxon.

826 624 861 650 et
878 619 1036 650 Dorvillii
1052 621 1116 650 mei
1138 621 1302 661 Virgullizz.
1343 624 1419 654 Non
1437 633 1530 664 sper-

827 669 938 700 nenda
953 670 1088 701 interim
1107 675 1233 702 temere
1248 673 1382 703 videtur
1395 682 1529 714 quoque

828 719 928 750 lectio
945 720 1027 751 Cod.
1045 720 1180 752 Carrar.
1205 723 1359 762 denticulis,
1378 723 1466 764 quod
1493 729 1529 755 et

828 769 861 799 in
883 770 1060 801 Pulmanni
1085 771 1226 802 Schedis
1248 772 1394 811 invenio,
1413 773 1528 803 dimin.

829 829 848 850 a
871 820 999 851 Juncis:
1022 821 1065 851 de
1091 831 1156 861 quo
1178 822 1372 852 videndum.
1418 822 1530 854 Quum

830 875 943 900 autem
960 871 1088 902 vinculis
1103 876 1176 902 erat
1193 872 1389 912 repositum,
1410 881 1531 903 conve-

832 919 1206 951 nientiuscredidernnt
1216 921 1346 951 librarii
1357 921 1530 961 inpedieba-

831 974 899 1001 tur:
916 971 1005 1011 quod
1019 971 1104 1001 male
1117 970 1322 1011 praeferebat
1334 971 1531 1002 Sambucns.

834 1020 973 1050 Rectius
992 1025 1062 1050 tum
1086 1020 1214 1059 legeres
1236 1019 1386 1059 virgultis
1404 1021 1534 1059 inaequa-

833 1069 946 1105 batum
970 1074 1006 1100 nt
1025 1069 1065 1099 B.
1080 1069 1152 1100 Civ.
1172 1078 1195 1099 1.
1210 1071 1262 1100 27.
1278 1070 1286 1085 ‘
1300 1069 1386 1099 Haec
1403 1069 1533 1099 levibus

834 1119 983 1150 cratibus
1000 1124 1156 1158 terraque
1171 1118 1342 1158 in‘aequat!
1374 1119 1534 1148 Ceterum

832 1169 946 1208 iidem,
970 1178 1053 1210 quos
1077 1168 1259 1206 nominavi,
1285 1167 1428 1199 Codices
1450 1168 1536 1198 ducti

835 1219 1029 1250 ostendunt.
1077 1218 1214 1258 Reliqui
1227 1227 1301 1248 cum
1315 1217 1403 1248 Edd.
1420 1217 1535 1257 primis

835 1270 930 1300 tincti
955 1269 1008 1300 vel
1029 1268 1146 1307 jum-li,
1173 1277 1215 1298 ex
1240 1267 1414 1307 superiore
1436 1268 1534 1303 loco;

835 1321 844 1336 ‘
863 1319 955 1359 quini
982 1323 1076 1349 erant
1099 1318 1234 1349 ordines
1251 1318 1422 1358 conjuncti
1447 1318 1536 1348 inter

836 1379 870 1400 se
884 1369 904 1406 ;'
929 1369 988 1400 sed
1005 1369 1171 1409 quomodo
1190 1374 1258 1399 tum
1273 1368 1430 1398 distabant
1447 1378 1537 1399 scro-

836 1417 927 1449 bium
943 1417 1100 1449 ordines?
1127 1427 1228 1460 quare
1245 1418 1380 1449 omnino
1397 1418 1535 1459 vulgata

836 1469 1036 1509 praeplacet.

877 1521 918 1549 24
937 1519 990 1548 Ex
1005 1518 1207 1549 similitudine
1214 1518 1308 1558 floris
1319 1518 1418 1549 lilium
1433 1520 1535 1558 appel-

836 1567 956 1607 labant]
993 1567 1116 1607 Acme,
1141 1568 1200 1599 sed
1225 1569 1314 1609 quod
1343 1579 1408 1599 non
1437 1568 1536 1600 facile

942 1644 960 1660 o
1230 1619 1407 1659 quisquam
1441 1618 1538 1649 intel-

849 1635 981 1708 ὣς)
1231 1668 1324 1709 ligat.
1359 1669 1472 1699 Fovea
1488 1669 1537 1708 ip-

879 1707 961 1812 Ἣ
1231 1729 1267 1749 sa
1297 1718 1470 1759 paullatim
1495 1718 1538 1748 ad

1233 1769 1334 1799 imum
1355 1768 1539 1808 angustior,

838 1813 933 1861 cnjus
947 1819 1057 1851 medio
1073 1820 1237 1849 insertum
1251 1819 1376 1858 lignum
1391 1818 1538 1858 paullum

836 1869 1004 1908 exstabat,
1020 1875 1057 1900 ut
1073 1878 1092 1898 e
1109 1868 1167 1898 lilii
1184 1867 1294 1898 medio
1309 1872 1445 1898 exstant
1461 1876 1540 1907 quo-

836 1928 913 1960 que.
959 1918 1123 1949 Videmus
1139 1917 1195 1947 hic
1211 1926 1366 1957 magnam
1387 1916 1540 1947 similitu·

836 1969 962 2007 dinem,
987 1973 1026 1999 ut
1055 1977 1122 1999 non
1150 1967 1302 2008 potuerit
1332 1966 1538 1998 commodius

836 2027 958 2049 nomen
975 2017 1111 2058 imponi.
1161 2016 1298 2048 Vossius.

881 2077 1006 2100 [ΑΚΝ.
1038 2071 1056 2098 7
1095 2066 1308 2106 Coget-entur]
1359 2066 1539 2098 Postulare

837 2119 973 2150 videtur
990 2124 1179 2158 temporum
1204 2117 1304 2155 ratio,
1323 2122 1373 2157 ut,
1394 2126 1436 2147 ex
1456 2117 1538 2147 Mss.

839 2168 965 2200 Eliens.
982 2174 1017 2200 et
1041 2168 1162 2206 Yossii‚
1185 2172 1243 2197 aut
1263 2166 1317 2197 hic
1342 2166 1540 2206 scribamus,

838 2222 1005 2258 cognatum
1042 2224 1100 2249 aut
1129 2218 1203 2258 jam
1235 2216 1334 2257 infra,
1359 2226 1421 2257 pro
1435 2216 1540 2256 jubet,

839 2278 1042 2309 reponamus
1061 2268 1165 2307 jussit.
1192 2268 1300 2298 Clark.
1348 2267 1540 2305 Coget-entur

840 2319 874 2350 in
890 2319 982 2350 nullo
997 2326 1049 2350 est
1064 2319 1158 2349 Msto
1175 2317 1317 2356 Codice;
1341 2317 1400 2348 sed
1413 2325 1540 2355 omnes,

840 2369 930 2410 quod
947 2369 1062 2408 sciam,
1079 2369 1240 2400 exhibent
1255 2371 1396 2407 cogatur,
1412 2372 1540 2408 praeter

839 2419 935 2450 Leid.
949 2429 1018 2450 sec.
1034 2420 1067 2450 in
1082 2428 1146 2460 quo
1159 2421 1319 2458 cogantur.
1355 2418 1444 2450 Quia
1458 2426 1539 2449 vero

840 2469 874 2500 in
906 2470 988 2501 Mss.
1017 2469 1119 2500 etiam
1150 2473 1202 2499 est
1227 2472 1294 2507 aut,
1322 2468 1538 2500 scribendum

841 2520 996 2560 conjicio,
1021 2521 1066 2550 At
1093 2529 1129 2550 ne
1152 2529 1219 2550 cum
1241 2529 1272 2559 p.
1299 2529 1338 2549 ex
1361 2519 1471 2549 castris
1490 2527 1538 2556 eg.

840 2572 989 2608 cogantur
1013 2570 1065 2600 vel
1081 2572 1223 2608 cogatur,
1248 2573 1284 2599 ut
1302 2567 1344 2598 ad
1361 2568 1469 2607 ipsum
1492 2575 1542 2597 re-

840 2618 969 2650 feratur
985 2619 1164 2651 Caesarem.
1208 2618 1275 2649 Sed
1292 2618 1381 2657 prius
1398 2616 1497 2647 malo.

884 2678 989 2700 mxxv.
1006 2673 1025 2700 5
1049 2668 1273 2702 frumentandi
1296 2665 1460 2705 rationem]
1483 2665 1539 2698 Sic

842 2728 918 2750 cum
934 2719 1056 2751 Ursino
1072 2724 1107 2750 et
1120 2718 1252 2749 Faerno
1268 2726 1309 2746 ex
1323 2725 1438 2747 eorum
1456 2715 1540 2748 Mss.

843 2769 994 2811 reposuit
1008 2769 1173 2809 Scaliger,
1199 2775 1274 2798 cum
1297 2766 1398 2807 vulgo
1414 2766 1540 2807 legere-
