1818 3131
339 194 559 226 ΗΒΑ-ιιι.
592 191 696 223 mr.
718 183 759 222 2.
791 192 854 222 un
887 192 1041 222 nunno
1079 191 1306 222 GAmeo.

105 298 174 321 nee.
219 288 312 320 Male
327 299 369 321 ex
386 290 484 321 unico
510 297 615 329 eoque
644 287 804 318 recentis-

105 341 189 371 simo
221 339 338 371 codice
373 340 489 371 delent
527 336 800 379 praepositionem

104 400 125 420 «ι
151 390 214 420 viri
245 389 337 421 docti
360 393 479 420 contra
508 387 611 418 Hirtii
639 391 800 417 mentem.

104 439 254 480 Superior
282 442 372 469 wstas
402 447 466 469 non
497 437 702 476 intelligitur
730 435 800 475 ejus

105 489 182 519 unni
199 495 310 527 amma,
326 488 383 519 sed
401 487 640 528 praecedentis.
688 486 741 516 Ab
761 495 802 516 ea

104 544 225 569 aestate
242 539 367 568 nullum
384 542 516 577 tempus
534 536 682 567 bellandi
700 536 802 566 inter-

102 589 243 619 miserat
259 588 384 627 Casar,
396 597 471 618 nam
485 598 546 628 per
562 588 692 618 hiemen
710 597 800 617 max-

103 638 161 677 imi
204 645 315 669 motus
350 638 523 669 Gallorum
569 643 666 668 erant
706 636 800 667 facti.

103 687 247 719 Consule
265 688 395 719 initium
413 688 487 718 libri
502 688 648 728 septimi.
694 687 801 718 Immo

101 737 183 769 licet
200 738 374 777 capiamus
391 737 433 768 de
456 738 538 768 inita
555 737 704 777 ejusdem
723 737 800 767 anni

103 793 238 826 oestate,
262 790 314 819 vel
341 789 389 819 sic
417 789 498 819 nihil
525 788 675 819 innovari
703 788 799 818 velim

100 843 223 870 contra
239 840 385 880 reliquos
403 841 523 871 Mstos.
571 838 638 870 Sed
657 839 801 879 priorem

100 898 232 920 sensum
261 890 418 930 praet'cro.

144 942 163 969 7
191 939 405 980 Resisttposse
420 940 582 980 Romanis]
606 942 689 972 Mss.
715 942 799 977 Rea.

103 989 230 1020 Ellens.
255 996 289 1020 et
320 991 426 1021 Vossii
443 990 579 1030 babent,
600 992 701 1021 resisti
717 1001 802 1031 posse

99 1049 120 1071 a
144 1039 301 1071 Romanis.
348 1041 433 1073 Quae
457 1043 483 1072 si
512 1051 592 1072 vera
614 1041 716 1071 lectio
745 1041 800 1078 sit,

95 1089 166 1130 jam
185 1089 248 1120 hoc
272 1090 364 1121 dicet
387 1090 537 1128 Hirtius;
563 1092 729 1121 Romanos
747 1100 801 1120 ne-

101 1149 179 1181 que,
196 1139 230 1170 in
246 1149 347 1170 unum
362 1141 476 1171 coactis
498 1140 617 1180 copiis,
644 1140 802 1170 resistere

100 1200 198 1232 posse
239 1195 304 1223 tam
341 1192 445 1222 multis
478 1192 509 1222 in
543 1192 641 1227 locis;
678 1201 801 1232 neque,

98 1241 208 1272 divisis
237 1242 358 1282 copiis,
388 1242 542 1273 resistere
573 1250 670 1282 posse
705 1244 802 1272 tantae

100 1291 305 1323 multitudini.
351 1293 416 1323 Sed
447 1301 553 1333 neque
572 1293 709 1332 vulgata
736 1292 803 1321 lec-

102 1341 149 1372 tio
168 1342 243 1372 loeo
261 1343 436 1373 movenda.
475 1343 582 1373 Clark.
628 1343 656 1372 A
672 1341 803 1371 addunt

102 1403 237 1435 quoque
270 1395 351 1426 Mss.
383 1396 458 1425 Urs.
499 1394 644 1432 Brantii‚
675 1394 724 1424 uti
765 1397 800 1423 et

100 1443 209 1483 Bong.
228 1454 275 1483 pr.
295 1444 414 1475 Petav.
432 1444 527 1474 Leid.
545 1453 596 1483 pr.
622 1444 720 1473 Voss.
748 1452 799 1482 pr.

101 1493 198 1533 Egm.
231 1494 356 1524 Lovan.
381 1499 414 1524 ‹·t
444 1497 462 1524 4
492 1494 548 1524 alii
569 1499 603 1524 et
632 1493 695 1523 Ed.
726 1493 799 1523 luc.

100 1542 252 1574 Praeslat
279 1548 393 1574 tamen
410 1544 618 1583 reliquorum
636 1543 798 1574 Codicum

99 1592 215 1624 lectio.
264 1594 467 1625 Didicerant
484 1594 577 1625 Galli
602 1604 677 1625 cum
706 1594 799 1632 alias,

100 1648 173 1674 ttun
190 1644 398 1683 praecedeuti
424 1649 544 1675 testate
572 1645 613 1675 ad
638 1644 800 1683 Alesiam,

100 1703 136 1725 se
154 1694 310 1725 Romanis
338 1705 437 1735 pares
461 1705 526 1725 non
544 1705 628 1733 esse,
643 1695 668 1724 si
685 1704 799 1725 omnes

99 1746 210 1786 copiae
229 1746 259 1776 in
284 1756 382 1776 mium
401 1748 510 1777 locum
528 1752 639 1777 essent
656 1752 798 1784 coactaw,

100 1795 255 1827 utibene
285 1797 437 1836 esposuit
468 1797 713 1828 Hotomaunus.
758 1796 799 1827 In

98 1845 208 1886 Bong.
234 1855 302 1876 sce.
332 1846 455 1885 legi-tur
481 1850 520 1877 tt.
569 1847 692 1876 Forsan
718 1846 799 1876 olim

97 1894 164 1927 fuit
175 1905 263 1936 posse
278 1906 295 1926 α
309 1906 340 1926 se
360 1897 519 1927 Romanis.
566 1895 653 1926 Illud
667 1906 686 1926 α
709 1896 799 1926 enim

97 1955 166 1978 non
183 1945 319 1977 videtur
334 1955 405 1977 esse
422 1946 463 1976 de
481 1946 594 1977 nihilo.

142 1998 162 2027 S
184 1996 366 2027 Intulissevt
382 1996 425 2036 c.]
455 1997 592 2029 Quanto
609 1996 798 2035 elegantius

99 2045 243 2077 Andinae
260 2051 296 2077 et
313 2046 424 2077 Oxou.
435 2046 639 2077 membranae
650 2046 799 2076 inissent:

98 2096 197 2137 cujus
214 2097 325 2136 glossa
348 2101 398 2126 est
416 2097 602 2128 intulissent.
647 2096 694 2126 Ut
718 2096 799 2126 inire

95 2146 249 2185 pra-lium,
273 2147 319 2176 sic
343 2146 423 2176 inire
447 2146 569 2183 bellum,
591 2146 714 2186 passim
743 2146 798 2176 ad-

97 2196 218 2227 hibent
241 2196 419 2227 Auctores.
465 2197 580 2227 Livius
607 2205 736 2228 xxxxi.
769 2201 797 2228 l.

99 2246 261 2277 ‘Vellent
287 2247 495 2287 juberentne
526 2258 602 2278 cum
625 2247 798 2279 Antiocho

99 2305 182 2337 rege
218 2296 341 2327 bellum
372 2295 483 2327 iniriz’
524 2302 559 2327 et
601 2298 798 2337 saepissime.

101 2346 223 2377 Vellei.
252 2356 291 2377 u.
320 2350 349 2378 3.
377 2347 555 2388 ‘bellaque
582 2357 646 2378 non
671 2349 798 2379 caussis

99 2396 206 2427 inita.’
254 2397 406 2427 Frontin.
424 2406 446 2426 1.
465 2400 494 2427 1.
512 2400 541 2428 8.
565 2398 574 2414 ‘
593 2398 718 2438 majore
731 2397 798 2428 bel-

98 2447 168 2478 lum
181 2448 355 2477 molitione
370 2446 534 2478 inituros?
579 2447 706 2479 Justin.
719 2457 798 2480 vni.

98 2498 132 2528 2.
153 2497 162 2514 ‘
179 2501 229 2527 tot
254 2498 342 2527 bella
358 2497 506 2528 victores
534 2497 590 2527 illo
614 2497 699 2529 duce
717 2499 797 2529 inie-

98 2547 200 2578 rant!
247 2547 346 2578 Adde
364 2555 430 2578 ΧΠ.
449 2550 542 2579 11.6.
561 2557 637 2579 xu.
655 2555 685 2579 et
703 2550 797 2581 alios.

99 2596 180 2637 Ipse
203 2598 337 2629 demum
364 2598 455 2630 Hirt.
486 2599 526 2629 B.
552 2598 661 2630 Afric.
692 2610 719 2631 c.
745 2604 798 2632 91.

101 2646 111 2664 ‘
126 2645 215 2678 Inito
233 2648 339 2679 bello.’

146 2704 186 2727 11.
213 2700 234 2728 2
258 2698 416 2740 Proeficit]
443 2699 499 2731 Ita
515 2701 651 2742 reposui
668 2711 710 2732 ex
730 2702 796 2733 Ms.

103 2744 189 2787 Reg-
219 2747 410 2791 Meliusque
438 2751 599 2782 convenit
640 2762 714 2784 cum
743 2762 796 2793 eo,

1440 182 1550 224 1271

851 287 939 327 quod
953 286 1339 328 sequiturfflroficiscitur,
1349 295 1446 328 qnam
1457 287 1551 324 illud,

851 337 938 376 quod
963 338 1090 368 babent
1122 337 1228 375 Editi,
1256 336 1406 377 praesecit.
1442 338 1550 370 Clark.

851 386 951 416 Errat
993 388 1159 418 Clarkius.
1210 389 1338 419 Passim
1384 389 1551 420 Historici

845 435 995 475 jungunt
1019 439 1232 476 praeteritum
1261 444 1294 469 et
1319 448 1480 478 primvm,
1512 443 1551 470 ut

850 485 1114 526 aliquotiesjam
1133 488 1331 518 monendum
1365 489 1551 520 babuimus.

852 535 939 566 vide
957 541 1085 576 praeter
1110 537 1176 568 alia
1201 539 1241 569 ad
1268 548 1300 570 v.
1329 543 1376 570 ll.
1401 540 1552 582 ‘delegit

852 586 1019 626 etjubet!
1056 586 1163 618 Immo
1180 589 1262 619 ordo
1276 595 1464 631 temporum
1483 600 1554 622 ree·

852 641 886 667 te
920 642 1082 668 servatur.
1145 639 1243 669 Prius
1271 641 1360 670 enim
1393 639 1553 680 praefecit

852 695 950 723 eum;
980 691 1048 717 tum
1075 686 1249 727 profectus
1277 694 1339 719 est.
1385 691 1552 721 Constan-

853 741 905 767 ter
922 737 1023 768 etiam
1046 737 1187 777 prcesecit
1205 745 1340 770 servant
1360 741 1445 771 mss.
1474 741 1553 773 mei.

852 786 952 818 Adde
979 788 1020 818 B.
1047 788 1119 819 Civ.
1146 797 1184 819 11.
1213 792 1265 820 26.
1290 791 1348 819 ‘se
1378 790 1409 820 in
1440 795 1554 822 castra

853 838 984 878 recepit
1001 843 1037 869 et
1054 838 1138 879 Imp.
1155 840 1374 880 appellatur!

899 889 1064 929 Equitatus
1088 890 1249 930 praesidio]
1277 891 1331 921 Sic
1358 892 1434 932 ('uj.
1462 892 1553 925 Scal.

852 938 946 969 Leid.
965 949 1014 978 pr.
1042 949 1117 970 cum
1146 939 1234 970 And.
1263 946 1298 971 et
1327 943 1438 973 Oxou.
1466 943 1555 973 Reli-

853 989 909 1029 qui
925 994 993 1020 tam
1010 990 1163 1029 aliorum,
1187 1001 1283 1031 quam
1302 993 1378 1031 mei,
1404 998 1438 1023 et
1466 993 1553 1024 Edd.

853 1040 945 1070 Vett.
974 1041 1121 1079 equitum.
1172 1042 1227 1071 Ml
1248 1047 1360 1072 muta:
1391 1043 1478 1073 adde
1495 1053 1554 1083 po-

851 1089 950 1119 tiuse
967 1090 1075 1120 tribus
1104 1091 1272 1130 prioribus
1298 1093 1380 1123 Mss.
1408 1103 1488 1131 cum,
1517 1097 1555 1125 ut

851 1138 938 1175 feei3
963 1139 1010 1169 sic
1027 1140 1115 1170 enim
1139 1141 1248 1171 solent
1278 1142 1368 1182 loqui
1387 1143 1501 1173 (tapsar
1518 1148 1554 1174 et

854 1188 996 1220 Hirtius.
1042 1190 1130 1221 Vide
1147 1192 1304 1231 exempla
1330 1192 1371 1222 ad
1402 1194 1553 1226 Frontin.

851 1249 907 1271 111.
924 1242 988 1281 3.§
1018 1245 1046 1272 l.
1073 1243 1180 1273 ‘Cum
1206 1244 1365 1283 praesidio
1395 1245 1554 1285 Epirota-

851 1300 925 1320 rum
943 1292 1058 1322 urbem
1076 1292 1279 1323 obtinebat)
1324 1293 1419 1326 Infra
1446 1306 1475 1327 c.
1500 1299 1553 1328 46.

851 1341 957 1371 ‘Cum
985 1342 1137 1382 equitum
1163 1344 1348 1382 proesidioz’
1375 1346 1431 1376 ubi
1460 1347 1553 1379 Leid-

854 1400 903 1430 pr.
919 1392 1021 1421 etiam
1035 1392 1202 1431 equitatus:
1228 1399 1261 1423 et
1280 1395 1317 1425 B.
1333 1394 1438 1427 Afric.
1455 1407 1484 1428 c.
1500 1400 1553 1428 79.

896 1444 914 1471 3
943 1442 1197 1484 Kal..1ummr11·]
1227 1444 1265 1474 In
1289 1446 1366 1476 Pet.
1385 1447 1460 1478 cod.
1479 1453 1553 1479 erat

853 1491 940 1522 Kull.
977 1493 1142 1533 scriptum
1186 1495 1357 1535 imperitia
1400 1497 1553 1529 librarii:

852 1542 967 1582 credo,
991 1545 1125 1583 putavit
1155 1545 1308 1576 Kolenda!²
1333 1557 1466 1588 quoque
1489 1549 1554 1579 sin·

852 1592 999 1629 gularem
1032 1593 1157 1623 babere
1192 1604 1379 1634 numerum,
1409 1597 1554 1640 ideoque

852 1642 1003 1672 imitatus
1031 1649 1182 1675 veterem
1211 1655 1348 1686 moreni,
1383 1658 1449 1688 quo
1477 1659 1552 1680 coss.

853 1703 913 1733 pro
927 1695 1094 1733 consules,
1109 1705 1169 1726 cos.
1188 1705 1249 1736 pro
1275 1698 1404 1733 consul,
1432 1699 1556 1730 scribe-

853 1743 962 1774 batur.
1003 1746 1134 1775 l'ossius.
1186 1747 1338 1777 ιΙιυιηανίἱ
1368 1749 1450 1781 Mss.
1483 1749 1556 1790 qui-

852 1794 928 1824 dam
944 1799 978 1825 et
996 1796 1146 1836 plerique
1165 1797 1268 1828 Editi.
1292 1798 1349 1828 alii
1370 1799 1552 1830 Januariis:

850 1845 909 1875 sed
935 1846 1108 1876 ,lanuarias
1133 1847 1267 1877 exhibui
1284 1847 1351 1878 fide
1372 1849 1477 1889 Bong.
1502 1859 1554 1890 pr.

850 1895 947 1926 Voss.
973 1906 1025 1935 pr.
1041 1897 1206 1936 Egmnnd.
1225 1897 1322 1928 Gott.
1352 1903 1387 1929 et
1411 1899 1552 1930 aliorum

851 1952 953 1988 atque
976 1948 1062 1979 Edd.
1085 1949 1282 1988 primarum,
1300 1949 1474 1991 Stephani,
1489 1953 1553 1983 &m

849 1998 937 2028 vide
955 1998 1006 2029 cl.
1022 1998 1131 2029 Drak.
1149 1999 1190 2029 ad
1207 2000 1277 2031 Liv.
1295 2009 1342 2031 lv.
1357 2003 1409 2032 37.

892 2051 912 2078 4
949 2048 1000 2078 Ad
1039 2049 1187 2087 legionem
1231 2049 1310 2090 X112]
1354 2051 1552 2091 Legionem,

850 2106 924 2137 quae
939 2107 1015 2127 cum
1030 2099 1068 2128 T.
1083 2099 1198 2129 Sextio
1212 2099 1243 2129 in
1257 2099 1470 2140 Biturigibus
1484 2102 1554 2133 hic-

848 2148 975 2185 mabat,
991 2148 1129 2188 hujusce
1142 2149 1219 2179 libri
1233 2160 1261 2180 c.
1276 2153 1327 2181 11.
1341 2155 1441 2182 vocat
1451 2160 1532 2182 xm.
1546 2164 1552 2182 z

849 2198 933 2229 adeo
957 2205 994 2230 ut
1010 2201 1062 2230 vel
1087 2201 1142 2230 hic
1167 2201 1221 2231 vel
1248 2201 1317 2232 illic
1344 2211 1440 2233 error
1456 2203 1551 2234 sitin

850 2251 1006 2281 numeris.
1033 2251 1144 2282 Daris.
1191 2252 1267 2282 Hoc
1288 2253 1362 2283 loco
1385 2262 1482 2284 error
1499 2261 1551 2284 est

849 2301 880 2331 iu
899 2302 1056 2340 numeris,
1072 2303 1120 2332 uti
1148 2307 1244 2342 patet
1261 2312 1303 2333 ex
1320 2312 1386 2334 vn.
1412 2306 1465 2334 51.
1494 2304 1550 2334 ubi

849 2352 975 2382 mentio
992 2350 1030 2382 fit
1046 2355 1053 2368 ‘
1068 2361 1138 2382 xui
1156 2352 1308 2392 legionis'
1323 2357 1359 2384 et
1373 2353 1497 2393 ‘legati
1514 2355 1554 2385 T.

849 2402 979 2433 Sextii!
1028 2403 1164 2433 Monuit
1181 2403 1331 2443 lraecjam
1346 2403 1552 2439 Glatezruw,

849 2456 885 2482 et
914 2452 956 2483 ad
988 2462 1079 2483 oram
1106 2463 1174 2484 suae
1208 2453 1373 2485 Editionis
1404 2455 1550 2485 decimum

849 2503 974 2533 tertium
1000 2503 1182 2544 adscripsit
1212 2505 1438 2535 Vascosanus.
1484 2504 1550 2534 Ini-

848 2563 902 2584 mo
919 2564 937 2585 e
952 2565 981 2586 e.
998 2557 1050 2586 24.
1062 2561 1158 2595 patet
1172 2555 1358 2586 Labienum
1375 2555 1549 2595 praethisae

847 2603 971 2643 legioni
987 2613 1074 2636 xm:
1104 2605 1131 2636 si
1150 2606 1285 2647 quidem
1313 2615 1393 2636 sana
1418 2612 1469 2637 est
1489 2606 1551 2637 lec-

850 2654 914 2685 tio:
940 2656 1105 2696 X111.jam
1123 2656 1255 2696 recepit
1273 2656 1440 2687 Clarkius.

890 2707 910 2735 ὃ
939 2706 992 2736 Ad
1018 2706 1120 2746 inped.
1142 2707 1256 2736 tuenda
1278 2705 1409 2745 relictis]
1433 2706 1547 2737 Docte

849 2758 884 2785 et
911 2764 1052 2787 nervose
1077 2755 1280 2786 membranae
1308 2754 1452 2786 Andiuae
1481 2766 1547 2788 non
