1818 3131
276 193 368 223 Lim
402 180 843 222 vni.cAP.4l.nss
878 191 1031 221 nanno
1063 189 1290 220 GAnnunL

67 286 239 318 salebrosa
251 287 470 318 constructio.
495 285 570 317 Nec
581 293 660 315 sane
674 288 767 313 recte

67 336 193 368 dicitur
220 337 334 368 Caesar
373 336 407 367 id
437 345 514 366 nnus
542 334 667 373 videre,
697 334 766 363 sine

67 395 189 425 magno
202 386 353 426 periculo
370 385 442 416 fieri
459 395 524 415 non
542 394 638 424 posse
654 394 662 421 ;
679 383 766 423 quod

68 435 184 475 utique
202 439 236 466 et
252 435 362 474 reliqui
378 444 490 472 omne«,
507 437 647 473 propter
663 434 767 463 muni-

67 483 188 515 festam
216 483 461 521 difficultatem,
485 486 625 522 optarent
654 484 766 523 potius

67 544 165 574 quam
197 539 386 574 sperarent.
433 533 480 563 Ut
510 538 621 564 tamen
651 543 766 565 verum

67 582 201 620 faterin
225 592 334 622 neque
367 591 419 621 eo,
447 591 511 622 quo
539 582 627 612 edidi
655 583 766 623 modo,

67 636 162 663 caret
181 631 382 663 difficultate
405 633 478 663 haec
504 632 637 664 locutio.
683 634 766 664 Cum

66 682 155 713 enim
183 682 333 722 proxime
363 687 534 722 sequatur,
561 692 671 721 magno
699 693 767 713 cum

64 731 167 763 labore
190 735 220 764 et
247 734 390 764 continua
413 734 631 770 ditnicutione;
652 744 766 774 super-

65 792 208 813 vacuum
233 784 390 823 judicare
423 785 528 823 possit
559 784 633 825 quis
664 784 766 824 istud,

66 833 137 863 Non
167 833 233 863 sine
263 843 372 871 magno
405 834 552 873 periculo,
582 834 615 864 in
646 834 766 864 eadem

64 886 162 922 parte
178 883 354 913 sentcntiae
379 885 594 923 prat-missum.
642 884 766 915 Quam-

65 931 182 962 obrem
198 938 318 963 notatu
342 934 478 973 (lignum
504 933 650 973 deletur,
676 935 766 975 qnod

64 981 256 1015 observavit
286 984 428 1023 Dionys.
456 984 615 1021 Vossius3
649 984 767 1024 utique

64 1031 182 1062 deesse
213 1032 292 1062 istas
325 1041 433 1070 voces,
464 1033 535 1063 Non
562 1033 627 1063 sine
657 1044 767 1071 magno

60 1081 208 1122 periculo,
233 1082 267 1112 in
297 1082 481 1113 (lodicibus
512 1082 700 1112 Potui-iano
731 1088 767 1113 et

63 1131 315 1171 Bongarsianot
341 1135 378 1161 nt
405 1135 440 1161 et
462 1131 494 1161 in
532 1131 616 1162 Mss.
640 1132 765 1162 Eliens.

65 1185 100 1210 et
128 1181 174 1211 Is.
198 1180 306 1211 Vossii
327 1179 460 1211 desunt.
506 1180 540 1210 Si
563 1181 768 1221 conjecturae

63 1229 240 1269 indulgere
255 1229 370 1269 liceat,
386 1228 460 1260 fieri
480 1228 571 1261 forte
589 1235 715 1270 potest,
731 1236 768 1262 ut

65 1289 108 1312 ex
124 1289 176 1319 eo,
193 1280 282 1321 quod
299 1280 406 1311 tribus
428 1285 506 1320 post
518 1280 615 1311 lineis
631 1281 696 1312 sine
715 1291 768 1321 pc-

64 1329 159 1360 riculo
174 1329 337 1368 scriptum
353 1333 417 1368 est,
434 1329 647 1368 irrepserint.
680 1330 769 1361 Nam

66 1378 100 1409 in
129 1379 196 1409 Ms.
225 1378 309 1417 Reg.
336 1382 372 1408 et
398 1377 452 1408 hic
479 1386 622 1418 quoque⁷
649 1378 770 1408 omissa

65 1428 234 1469 particula
248 1437 320 1467 non,
337 1427 501 1467 scriptum
518 1431 569 1457 est
580 1427 645 1458 sine
661 1437 769 1466 magno

63 1478 224 1518 periculo;
248 1477 307 1508 sed
327 1477 462 1517 judicet
478 1477 586 1507 lector
606 1477 768 1508 eruditus.

67 1527 175 1559 Clark.
209 1526 309 1559 Quod
335 1527 363 1557 si
392 1526 507 1557 durior
536 1525 693 1557 videatur
724 1527 771 1558 lo-

65 1576 188 1617 quendi
216 1575 316 1614 ratio,
341 1575 409 1616 legi
435 1578 547 1616 queat,
567 1579 680 1615 quanto
703 1585 770 1606 cum

63 1627 198 1667 periculo
220 1626 254 1657 id
270 1626 380 1667 fieret,
405 1626 454 1656 uti
478 1624 612 1666 quidem
629 1625 688 1655 dat
704 1626 770 1665 Eg-

66 1676 180 1707 mond.
205 1676 317 1711 Dat-js.
342 1685 414 1706 cur.
438 1684 507 1706 sec.
536 1675 613 1706 Non
631 1675 770 1707 dubium

65 1726 145 1757 mihi
162 1730 215 1757 est
233 1727 312 1767 quin
331 1724 545 1766 Egmundani
563 1724 680 1756 Codic.
706 1726 772 1757 lec-

67 1775 115 1807 tio
130 1776 174 1806 sit
190 1784 208 1806 e
225 1775 388 1806 doctioris
404 1775 546 1815 alicujus
566 1775 708 1806 hominis
724 1776 772 1807 in-

68 1827 308 1867 terpolatione,
340 1827 396 1866 qui
440 1826 584 1865 videret,
627 1826 771 1856 alteram

67 1876 176 1908 minus
192 1884 306 1906 sanam
323 1884 395 1905 esse
411 1885 418 1904 :
443 1883 560 1905 verum
583 1878 697 1905 tamen
716 1884 769 1906 ea-

69 1925 145 1957 dem
161 1929 275 1956 manet
292 1922 484 1955 difficultas.
531 1924 619 1955 Nam
644 1933 719 1954 cum
736 1923 770 1956 id

68 1978 206 2016 optarent
222 1974 320 2006 modo
335 1974 467 2015 reliqui,
481 1975 597 2016 utique
612 1974 772 2006 viderunt

69 2034 201 2066 quoque
223 2024 295 2056 sine
319 2034 439 2064 magno
463 2024 614 2065 periculo
639 2024 673 2054 id
696 2024 772 2057 fieri

69 2083 134 2105 non
150 2083 260 2115 posse.
308 2075 379 2107 Non
395 2074 490 2105 abest
507 2083 641 2115 quoque
666 2083 685 2104 a
710 2074 772 2104 Pa-

68 2123 128 2155 lat.
151 2124 262 2164 Bong.
287 2128 367 2154 tert.
395 2124 528 2155 Cari-ar.
550 2124 658 2154 Dorv.
677 2123 771 2154 Leid.

70 2182 139 2204 sec.
175 2173 282 2204 Immo
305 2172 416 2203 onmia
431 2182 491 2203 non
505 2172 571 2203 sine
587 2182 627 2204 m.
638 2173 773 2213 periculo

71 2222 193 2254 desunt
216 2232 350 2263 quoque
371 2222 413 2253 ab
437 2221 550 2253 Oxon.
567 2220 692 2253 Audin.
709 2223 773 2254 Cu-

66 2273 137 2314 jac.
153 2273 276 2313 Scalig.
295 2272 388 2303 Leid.
413 2282 463 2313 pr.
481 2272 654 2303 Vossianis
671 2274 775 2303 omni-

74 2315 150 2363 bus,
172 2324 299 2354 Lovan.
317 2323 412 2354 Gott.
431 2328 466 2354 et
482 2323 568 2354 Edd.
588 2323 658 2355 Ine.
676 2333 715 2355 ac
734 2324 773 2355 R.

72 2373 259 2414 Stephani3
291 2382 394 2413 quare
424 2373 558 2404 omnino
588 2382 643 2404 eas
675 2383 775 2405 voces

74 2422 307 2464 supposititias
328 2427 364 2453 et
387 2423 512 2454 alienas
535 2424 702 2463 existimo,
717 2433 776 2454 un-

74 2465 190 2514 cisque
218 2473 362 2504 inclusas
397 2473 470 2504 aliis
500 2474 624 2504 litteris
653 2474 777 2505 excudi

75 2522 200 2555 curavi.
244 2524 309 2553 Vel
325 2523 372 2554 sic
389 2529 498 2555 tamen
518 2531 568 2555 ter
584 2525 647 2555 hoc
665 2525 778 2564 capite

76 2565 262 2606 occurrunt
275 2573 342 2604 sine
352 2574 502 2613 periculo.

120 2625 140 2653 5
173 2621 328 2654 Adversus
355 2624 416 2664 vm]
454 2624 580 2655 Audin.
608 2629 644 2655 et
669 2624 780 2655 Oxou.

74 2675 181 2705 eontra
212 2676 355 2714 mntem.
401 2674 488 2707 Quae
509 2674 645 2706 videtur
670 2674 781 2705 verior

79 2721 194 2767 lectio.
235 2722 295 2758 Sic
321 2733 370 2760 1v.
393 2727 446 2758 20.
472 2724 482 2742 ‘
498 2725 681 2767 Regiones,
706 2734 781 2768 quae

1407 180 1517 222 1311

818 288 895 314 sunt
925 290 1044 316 contra
1070 284 1240 316 Galliam!
1261 294 1294 315 v.
1322 286 1374 316 1³.
1412 284 1421 301 ‘
1438 284 1519 316 Ter-

819 333 900 362 tium
929 340 979 364 est
1004 340 1122 365 contra
1149 333 1426 375 septentriones!
1454 344 1520 367 vu.

817 384 868 413 02.
895 384 903 398 ‘
921 384 1048 414 Conna
1071 391 1184 416 castra
1210 385 1372 417 Labieni.’
1389 386 1428 416 B.
1444 385 1518 417 Civ.

818 440 840 461 1.
858 434 909 462 56.
933 434 941 448 ‘
962 433 1088 472 Insula,
1113 445 1187 475 qnae
1211 440 1263 465 est
1287 441 1405 467 contra
1429 436 1520 466 Maz-

817 481 925 512 siliam
940 481 959 520 ;'
975 488 1010 513 ct
1027 492 1082 514 ιιι.
1100 486 1150 514 22.
1175 486 1184 500 ‘
1203 485 1287 516 Qum
1306 489 1425 515 contra
1442 495 1520 525 por—

817 535 885 562 tum
903 533 960 562 Br.
977 533 1050 563 est!
1096 533 1194 564 Adde
1219 544 1247 564 c.
1265 538 1316 565 40.
1340 540 1374 566 et
1398 535 1520 567 Davis.

817 581 858 612 ad
884 582 924 613 B.
950 582 1052 622 Hisp.
1081 593 1110 614 c.
1129 586 1180 614 27.
1213 586 1221 601 ‘
1241 586 1366 615 Contra
1397 585 1521 625 Hispa-

817 630 885 662 lin.’
929 630 1027 662 Adde
1055 637 1170 663 notata
1194 634 1236 664 ad
1263 635 1376 664 Front.
1402 643 1424 664 1.
1441 638 1471 665 4.
1489 638 1520 666 7.

819 680 827 696 ‘
843 680 971 712 Contra
987 680 1159 722 Abydon?

861 732 1004 769 aggeres
1027 733 1161 772 struere]
1188 734 1244 764 Sic
1270 734 1404 774 quidem
1430 734 1518 765 And.

820 778 932 811 Oxou.
950 781 1070 813 l’etav.
1094 783 1190 814 Leid.
1215 793 1266 823 pr.
1291 784 1377 814 Scal.
1403 788 1435 813 ct
1456 784 1520 815 Cu-

812 828 880 869 jac.
905 830 968 861 nisi
995 837 1155 872 excerpta
1179 832 1312 864 fallunt.
1358 832 1406 863 At
1435 834 1518 863 Mss.

820 879 940 920 reliqui
970 885 1003 911 et
1036 882 1123 912 Edd.
1152 883 1268 922 primae
1300 893 1445 922 aggerem
1474 884 1522 913 iu-

818 932 947 960 struere.
992 931 1059 961 Sed
1078 932 1164 962 Eud.
1193 934 1292 964 Vasc.
1311 934 1377 964 Str.
1400 933 1520 973 Steph-

820 983 855 1008 et
886 978 1018 1019 Gryph.
1058 985 1145 1020 post.
1183 983 1325 1020 Aggeres
1358 982 1521 1013 insrrmre.

821 1028 919 1060 Quod
945 1030 1080 1061 omnino
1102 1041 1216 1061 verum
1238 1032 1350 1062 credo.
1394 1032 1521 1062 Saltem

819 1078 970 1109 instrucre
986 1081 1143 1110 revocavi
1157 1091 1165 1117 ;
1191 1081 1280 1121 quod
1297 1081 1520 1120 compositum

820 1128 996 1166 eleganter
1012 1138 1071 1168 pro
1089 1129 1231 1169 simplici
1255 1129 1407 1159 adhiberi
1425 1129 1523 1159 solet.

821 1176 829 1192 ¹
848 1176 1177 1209 Contabulationem'
1201 1179 1255 1209 vel
1281 1179 1290 1195 ‘
1306 1179 1452 1218 parietes
1475 1179 1523 1208 in-

821 1227 965 1257 struere'
978 1228 1016 1258 B.
1031 1228 1103 1259 Civ.
1118 1237 1157 1258 11.
1172 1231 1203 1259 9.
1217 1240 1223 1259 :
1241 1229 1298 1259 ubi
1314 1239 1347 1260 v.
1359 1230 1398 1260 B.
1411 1227 1523 1260 Afric.

821 1285 851 1305 c.
869 1279 922 1306 51.
946 1277 955 1293 ὅ
973 1277 1070 1317 Opus
1091 1277 1305 1309 instruebat!
1348 1278 1416 1308 Adi
1434 1277 1523 1308 viros

821 1324 939 1355 doctos
955 1326 996 1355 ad
1014 1327 1161 1366 Nepotis
1176 1328 1291 1358 Them.
1317 1337 1346 1358 c.
1365 1330 1395 1357 6.
1430 1327 1438 1343 ‘
1456 1326 1524 1357 Au-

822 1372 957 1404 dierunt
984 1384 1096 1406 muros
1126 1376 1244 1406 instrui
1261 1376 1280 1406 :'
1319 1377 1375 1407 ubi
1405 1376 1525 1407 eadem

821 1422 978 1453 varietas.
1003 1424 1120 1456 Front.
1143 1434 1200 1456 111.
1226 1428 1277 1456 17.
1295 1428 1326 1456 4.
1349 1426 1358 1441 ⁴
1375 1425 1525 1456 Instruc-

822 1476 895 1503 tum
931 1473 1060 1514 duplici
1099 1475 1285 1505 munitione
1323 1474 1523 1506 castellum!

822 1522 1083 1554 Restitucndum
1100 1530 1134 1555 et
1150 1525 1212 1555 hoc
1230 1524 1385 1564 Apuleio,
1403 1525 1429 1554 si
1443 1533 1524 1555 vere

821 1571 944 1603 doceat
965 1573 1192 1604 Elmenliorst.
1215 1574 1247 1604 in
1272 1575 1354 1604 Mss.
1382 1573 1470 1604 Flor.
1488 1578 1525 1605 et

822 1622 951 1653 Bertin.
970 1623 1019 1654 ita
1034 1623 1102 1664 legi
1126 1624 1145 1654 l.
1163 1633 1211 1655 vr.
1236 1634 1269 1664 p.
1290 1627 1361 1655 112.
1385 1624 1393 1640 ‘
1411 1623 1525 1655 fanum

823 1671 956 1702 sublimi
985 1671 1115 1704 fabrica
1145 1674 1350 1704 instructum
1368 1673 1388 1703 :'
1424 1673 1524 1713 vulgo

820 1724 992 1754 structum:
1015 1728 1051 1755 ut
1067 1725 1088 1754 l.
1104 1733 1138 1755 x.
1159 1734 1193 1764 p.
1210 1727 1284 1755 232.
1305 1724 1314 1740 ‘
1332 1733 1426 1754 mons
1451 1723 1526 1755 sub-

821 1772 893 1802 limi
923 1771 1052 1804 fabrica
1079 1774 1287 1805 instructus.’
1329 1773 1430 1804 Adde
1459 1783 1527 1804 om·

822 1822 900 1852 nino
924 1822 1070 1854 Scriver.
1099 1822 1141 1853 ad
1169 1824 1293 1863 Veget.
1323 1831 1362 1854 11.
1384 1826 1435 1853 ll.
1474 1823 1528 1852 In-

821 1875 997 1904 structores.
1016 1873 1108 1905 Hirt.
1132 1874 1174 1904 B.
1192 1873 1302 1904 Afric.
1318 1883 1347 1904 c.
1364 1876 1417 1905 20.
1434 1873 1527 1915 offici-

821 1932 876 1954 nas
882 1922 1038 1961 ferrarias
1052 1924 1214 1955 instruere.

865 1976 884 2003 7
909 1974 1131 2013 Decurrentes,
1157 1973 1222 2004 sine
1240 1973 1380 2014 periculo
1403 1973 1528 2013 proelia-

823 2021 1203 2058 bantur5-vulnerabant
1218 2034 1228 2053 .·
1263 2023 1305 2053 Ut
1336 2025 1438 2052 tamen
1468 2032 1527 2053 non

822 2071 1143 2111 deter1·erentur,85c.]
1182 2072 1266 2102 Mss.
1293 2073 1376 2112 Reg.
1399 2072 1527 2103 Eliens.

825 2125 860 2152 et
877 2122 1000 2161 Vossii,
1025 2127 1060 2153 et
1086 2122 1197 2154 Editt.
1223 2123 1318 2153 Vett.
1340 2125 1529 2159 ‹leem-rann

824 2172 940 2203 eminus
959 2172 1024 2203 sine
1043 2172 1181 2212 periculo
1199 2173 1383 2212 proeliautur
1395 2182 1407 2208 ;
1428 2173 1531 2203 vulue-

824 2225 916 2254 raut:
932 2223 1004 2253 Non
1015 2223 1213 2253 deterrentur·
1228 2223 1401 2261 ὶαιηεη,ᾃ·ε.
1421 2223 1530 2254 Clark.

830 2271 872 2302 Ut
883 2274 1049 2303 tamennon
1061 2273 1298 2303 dam-eremum
1310 2272 1375 2302 Ms.
1389 2271 1530 2303 Nervic.

826 2321 936 2361 prima
951 2331 1033 2353 voce
1049 2322 1182 2358 omissa,
1200 2321 1338 2353 exhibet
1355 2331 1414 2351 uon
1429 2324 1532 2352 tamen

825 2372 1032 2404 detestentur.
1076 2373 1183 2404 Editt.
1214 2373 1316 2403 Rom.
1345 2372 1431 2403 Yen.
1464 2372 1530 2403 Be-

827 2421 930 2452 roald.
951 2432 1011 2453 non
1032 2423 1227 2453 deterrentur
1246 2425 1359 2451 tamen.
1403 2421 1529 2461 Vulga-

828 2477 896 2502 tam
920 2477 1031 2503 autem
1055 2472 1235 2503 lectionem
1262 2471 1406 2510 retineo,
1425 2480 1444 2501 a
1465 2479 1531 2511 qua

829 2522 943 2554 abiere
960 2523 1119 2561 Librarii,
1135 2521 1224 2563 quod
1240 2522 1268 2562 ej
1276 2532 1312 2552 us
1328 2521 1530 2560 elegantiam

830 2582 896 2602 non
926 2573 1169 2613 intelligerent.
1204 2572 1316 2603 Daris.
1347 2571 1530 2609 Vulgarem

824 2622 898 2661 jam
920 2621 1102 2653 lectionem
1126 2632 1144 2652 e
1169 2622 1252 2652 Mss.
1277 2620 1404 2659 Ursini,
1420 2623 1455 2650 et
1470 2619 1532 2649 Fa·

830 2671 903 2702 erni
927 2672 1059 2712 recepit
1087 2672 1215 2712 primus
1241 2670 1403 2709 Scaliger,
1424 2677 1530 2708 eaque

831 2721 1047 2755 confirmatur
1062 2723 1146 2755 Mss.
1162 2720 1287 2754 Audin.
1305 2718 1417 2752 Oxou.
1436 2716 1534 2753 Lem.
