1818 3131
219 174 331 216 1150

219 291 281 313 nec
300 282 368 312 ulla
383 290 480 312 sacra
502 280 574 312 sine
602 290 642 312 ea
670 280 790 312 fronde
819 281 920 313 confl-

219 332 325 372 ciunt,
349 336 385 362 ut
410 331 487 361 iude
519 331 683 371 appellati
714 341 848 372 quoque
872 332 920 362 in-

218 381 465 422 terpretatione
489 381 613 411 Graeca
631 381 761 421 possint
778 381 918 421 Druidae.

221 431 348 462 videri.'
395 430 451 461 01>
478 431 638 461 eximium
670 431 757 462 hunc
791 431 918 461 cultuni

220 481 331 512 robori
347 480 549 520 exhibitum,
574 481 722 512 nonnulli
747 485 920 521 putarunt,

219 540 383 572 quercum
399 530 441 561 ab
461 530 500 560 iis
529 539 590 570 pro
617 530 796 562 simulacro
823 529 919 562 ,lovis

219 582 380 612 habitam.
426 580 596 612 Maximus
623 582 743 622 Tyrius
775 581 919 612 nissen-r„

221 633 241 663 l.
277 640 436 664 xxxviii.
479 643 512 674 p.
555 634 628 663 400.
672 632 735 662 Ed.
775 630 917 662 cantab.

220 683 335 714 Κελτοὶ
350 681 477 719 σέβουσι
490 682 548 722 μὲν
563 682 634 722 Δία,
650 681 779 721 ἄγαλμα
802 680 833 711 δὲ
849 679 921 711 Διὸς

220 734 374 765 Κελτικὸν
409 735 477 775 δρῦς
514 733 626 773 ὑψηλή.
693 732 782 764 Quin
817 730 920 761 etiam

219 785 335 816 Graeei
360 795 416 816 eos
440 784 610 826 Σαρωνίδας
634 782 693 814 ἀπὸ
717 784 778 812 τῶν
794 779 922 820 Σαρωνί-

219 837 277 866 δων
299 846 318 866 ιι
339 836 507 875 quercubus
524 838 699 865 vocarunt.
747 831 921 862 Diodorus

218 886 351 916 Siculus
367 885 458 916 Bibl.
475 886 495 916 1.
525 895 557 915 ν.
583 894 614 924 p.
641 886 715 914 308.
741 882 804 913 Ed.
834 881 922 912 Rho-

219 935 307 966 don).
325 934 492 975 Φιλόσοφοί
517 933 554 966 τέ
567 933 647 965 τινές
664 933 721 964 εἶσι
747 932 796 964 καὶ
817 932 921 963 θεολό-

218 998 270 1026 7¹⁰²
299 989 446 1027 περιττῶς
472 986 643 1025 τιμώμενοι,
679 985 730 1017 οὓς
752 987 921 1026 Σαρωνίδας

222 1037 418 1078 ὀνομάζουσι.
463 1038 551 1068 Vide
575 1037 669 1069 Guil.
688 1035 920 1068 Cambdenum

220 1088 306 1118 Brit.
317 1098 348 1128 p.
365 1091 415 1118 10.
430 1092 544 1128 seq.et
558 1086 653 1117 Edni.
664 1086 921 1118 Dickensouuiu

220 1140 347 1180 Delph.
365 1140 565 1170 Phoeniciss.
580 1149 613 1179 p.
634 1142 705 1170 188.
743 1139 856 1169 Dat-is.

263 1193 283 1221 9
307 1190 410 1221 Rebus
431 1190 546 1221 dicinis
570 1189 739 1229 intersunt]
762 1188 922 1229 Explicat

220 1240 343 1273 Strabo
359 1242 488 1281 Geogr.
504 1241 526 1271 1.
546 1249 593 1271 iv.
611 1250 642 1280 p.
662 1242 732 1270 198.
758 1238 861 1270 θύεται
891 1237 922 1269 δὲ

219 1292 274 1322 οὐκ
291 1291 363 1323 ἄνευ
377 1292 523 1332 Δρυΐδων,
546 1292 635 1333 quod
659 1300 783 1331 ponere
802 1292 922 1330 visum,

221 1352 262 1373 ne
279 1352 353 1373 cum
381 1342 598 1373 Hotomauno
620 1345 672 1382 (et
697 1340 857 1381 Brantio)
880 1340 923 1371 de

220 1393 366 1424 veritate
384 1393 483 1433 hujus
501 1391 657 1423 lectionis
674 1390 839 1430 ambigas,
867 1396 924 1421 aut

215 1447 354 1484 praxum
379 1453 439 1483 pro
462 1443 616 1473 intersunt
641 1440 810 1472 emendes.
853 1441 923 1471 Vos-

219 1494 292 1524 sius.
350 1494 436 1524 Vide
473 1498 509 1524 et
554 1493 746 1524 Diodorum
772 1492 921 1523 Siculum

222 1544 310 1577 Bibl.
330 1545 349 1575 l.
367 1553 400 1575 v.
418 1553 448 1584 p.
465 1547 539 1575 308.
584 1542 696 1574 Ducis.

264 1598 302 1626 14
328 1594 364 1625 Si
390 1596 427 1625 de
443 1593 578 1636 finibus]
603 1594 751 1624 Primam
768 1593 921 1624 voculam

220 1655 238 1676 a
255 1645 503 1677 recentioribus
529 1654 665 1684 prorsus
682 1643 837 1674 omissam
855 1642 921 1674 fide

220 1695 288 1726 Ms.
306 1695 412 1726 Norv.
431 1700 465 1726 ct
479 1695 578 1726 editt.
594 1700 676 1725 vett.
691 1693 919 1724 restituimus:

221 1756 286 1786 quo
324 1745 438 1783 niodo,
484 1750 519 1775 ut
567 1745 714 1783 videtur,
752 1743 922 1774 sententia

220 1797 319 1838 longe
346 1802 399 1827 est
418 1795 618 1836 elegantior.
653 1795 766 1825 Dacis.
811 1794 923 1825 Vocu-

221 1847 300 1886 lam,
335 1847 376 1885 si,
422 1856 441 1876 a
478 1846 651 1885 scaligero
681 1851 717 1875 ct
754 1845 919 1876 recentio-

221 1896 314 1930 ribus
357 1896 524 1933 omissam,
578 1896 619 1925 ad
656 1895 920 1926 concinnitatem

220 1951 332 1978 autem
363 1946 542 1977 sententian
573 1946 777 1985 permultum
805 1944 920 1976 confe-

224 2002 367 2035 rentem,
396 2005 438 2026 ex
466 1996 530 2026 Ms.
571 1996 699 2027 Eliensi
736 2002 770 2026 et
810 1995 919 2026 Editt.

222 2045 612 2086 Vett.optimerestituit
626 2045 795 2076 Davisius.
813 2045 919 2075 Clark.

220 2097 366 2128 'remei-e
422 2096 519 2127 nimis
571 2095 713 2126 Davisio
772 2095 921 2126 credidit

222 2148 388 2180 Clarkius.
435 2148 522 2178 Nam
539 2146 619 2177 illud
637 2147 663 2176 si
680 2146 742 2176 hoc
766 2146 838 2176 loco
856 2155 920 2175 nou

222 2203 409 2238 comparet,
448 2203 608 2237 quantum
647 2196 729 2233 scio,
772 2195 804 2225 in
854 2195 922 2225 ulla

221 2249 394 2284 Editionc.
422 2254 479 2278 aut
503 2253 617 2278 vetere
633 2251 691 2277 aut
709 2245 896 2276 recentiore
912 2255 919 2282 ;

221 2308 325 2340 quare
343 2299 467 2335 nescio,
484 2308 566 2338 quas
584 2297 727 2327 Veteres
746 2295 920 2326 Editiones

221 2349 276 2381 hic
300 2349 467 2389 intelligat
495 2347 661 2378 Davisius.
708 2346 785 2377 Non
804 2355 921 2376 exara-

223 2406 294 2432 tum
312 2400 413 2431 etiam
439 2405 491 2431 est
519 2399 551 2430 in
581 2399 649 2428 ullo
674 2399 767 2428 Msto
796 2402 922 2437 praeter

221 2451 326 2482 solum
356 2450 639 2489 Egmnuxluuuui:
678 2457 783 2488 quare
808 2456 921 2477 rursus

221 2499 345 2542 ejicere
374 2501 477 2538 nolui,
501 2508 601 2540 quum
629 2497 805 2538 eleganter
830 2506 923 2537 rrpe-

222 2555 326 2583 tatur.

266 2604 305 2632 15
331 2598 529 2638 Decernnnl]
553 2599 662 2639 Bong.
688 2598 786 2638 prim.
811 2598 922 2628 Vossi-

223 2651 290 2691 nni,
309 2651 435 2683 Lovau.
452 2651 548 2690 Egm.
575 2650 687 2679 Oxon.
715 2654 750 2678 et
778 2653 924 2688 quatuor

223 2703 280 2734 alii
306 2713 383 2734 cuni
410 2702 507 2733 Carr.
523 2705 559 2732 et
581 2699 666 2731 Edd.
683 2701 777 2730 Vett.
793 2701 923 2730 discern.

224 2752 392 2795 quomodo
408 2752 550 2783 dicimus
573 2750 744 2782 discerncre
757 2750 843 2781 [ilem
860 2750 924 2780 Ve-

674 186 813 216 NOTAE
853 186 1114 218 VAR10RUM
1162 189 1211 218 ΙΝ

969 291 1041 312 rum
1071 286 1166 313 recte
1197 282 1431 312 Hotomaunus
1454 287 1489 314 et
1513 283 1672 316 Brantius

969 333 1192 364 emendarunt
1211 342 1343 373 quoquc
1358 333 1536 372 decernunt,
1553 339 1589 364 ut
1600 333 1670 374 jam

968 382 1070 414 vase.
1088 384 1204 423 Stepli.
1221 389 1256 414 et
1273 384 1406 424 Grypli.
1433 383 1616 415 ediderunt
1633 394 1671 416 ac

970 439 1104 465 servant
1134 435 1253 465 petav.
1271 439 1305 465 et
1332 435 1454 475 Scalig.
1480 444 1555 465 cuin
1575 434 1671 467 Leid.

971 483 1078 524 primo
1102 489 1137 514 ct
1154 484 1300 522 Audino,
1328 484 1361 514 id
1393 491 1458 522 cst,
1484 485 1671 524 dijudicant,

969 535 1112 564 cernendi
1133 534 1232 574 ‚finem
1257 533 1394 572 faciunt,
1421 534 1507 574 quod
1533 534 1672 574 judiciis

971 589 1006 614 et
1023 584 1272 623 cognitionibus
1295 585 1478 624 proprium.
1525 585 1673 615 Consule

971 633 1107 663 omnino
1139 634 1291 664 Gronov.
1333 633 1419 664 ons.
1451 643 1507 665 ιιι.
1543 638 1592 665 17.
1629 635 1671 665 ad

974 683 1104 714 Livium
1121 692 1185 714 vu.
1201 686 1232 715 9.
1255 688 1290 714 et
1318 684 1409 723 alibi,
1435 694 1474 714 ac
1494 685 1603 716 l’eriz.
1628 685 1671 715 ad

971 734 1084 765 Sanct.
1097 734 1182 765 Min.
1206 743 1261 764 ιιι.
1295 736 1345 764 13.
1379 743 1428 764 iv.
1460 738 1508 765 15.
1535 744 1568 774 p.
1597 738 1672 765 784.

972 784 1099 815 Eadem
1117 784 1269 816 confusio
1297 786 1337 816 B.
1356 785 1430 816 Civ.
1456 794 1479 815 1.
1504 787 1555 816 35.
1576 786 1586 802 ⁴
1605 786 1675 817 Ne-

972 843 1037 875 que
1063 835 1114 865 sui
1136 835 1273 875 judicii,
1302 845 1411 877 neque
1442 845 1577 866 suarum
1600 845 1674 867 esse

973 885 1104 924 virium,
1117 886 1303 918 decernere
1316 887 1335 918 ι’
1361 887 1416 917 nbi
1432 886 1507 916 vide
1525 888 1629 926 plura.

1017 940 1056 968 16
1084 937 1214 979 Siquis]
1237 939 1330 969 Bene
1344 938 1466 970 Audin.
1482 939 1562 969 Lov.
1578 938 1675 978 Egm.

972 990 1008 1017 et
1023 986 1170 1028 quinque
1186 989 1241 1019 alii
1266 989 1319 1029 qui
1343 999 1418 1019 cum
1445 988 1508 1019 Ed.
1528 987 1677 1028 Incerta,

973 1036 1023 1067 uti
1039 1041 1075 1067 et
1093 1037 1205 1068 Oxou.
1224 1049 1262 1069 ac
1282 1038 1376 1069 Leid.
1401 1038 1521 1079 primo,
1549 1037 1581 1068 in
1605 1037 1677 1079 qui-

974 1086 1034 1117 bus
1053 1091 1164 1118 tamen
1185 1089 1213 1118 si
1237 1089 1290 1129 qni
1314 1089 1446 1129 prii-uli.
1494 1088 1532 1119 In
1565 1088 1674 1129 Boug.

973 1146 1023 1177 pr.
1039 1137 1066 1167 si
1081 1137 1155 1178 quid
1183 1148 1332 1178 suprasc.
1360 1142 1474 1169 autem.
1521 1137 1608 1169 vide
1634 1138 1676 1169 ad

973 1197 996 1218 ι.
1027 1191 1078 1219 46.
1103 1190 1111 1205 ⁴
1127 1189 1154 1219 si
1177 1190 1233 1230 qui
1258 1199 1345 1230 equo
1375 1188 1574 1220 deciderat.'
1619 1188 1675 1220 Sic

974 1237 1055 1268 Mss.
1074 1239 1177 1269 etiam
1193 1240 1207 1279 §
1223 1242 1254 1270 9.
1279 1240 1287 1256 ‘
1303 1239 1329 1270 si
1355 1240 1410 1280 qui
1428 1238 1590 1270 excellit!

1017 1288 1179 1329 Publicus]
1207 1289 1352 1320 Codices
1369 1290 1518 1320 nonnulli
1537 1290 1676 1329 populus.

977 1339 1083 1368 Clark.
1130 1339 1269 1379 Populus
1285 1339 1455 1370 invenitur
1482 1349 1615 1380 quoque
1642 1339 1675 1379 in

974 1388 1040 1418 Ms.
1067 1388 1214 1427 mantii,
1244 1389 1324 1419 item
1360 1389 1468 1429 Bong.
1505 1398 1555 1429 pr.
1587 1388 1677 1420 And.

975 1438 1069 1470 Leid.
1086 1449 1135 1478 pr.
1152 1440 1240 1470 Scal.
1259 1440 1369 1470 Oxou.
1388 1441 1484 1470 Voss.
1504 1449 1555 1480 pr.
1579 1440 1676 1472 Leid.

974 1494 1054 1520 tert.
1074 1489 1161 1520 Edd.
1174 1490 1262 1520 Ven.
1279 1489 1500 1530 Aldi,Stepli.
1515 1490 1676 1531 Gryphii,

972 1539 1194 1581 aliorumque,
1227 1546 1264 1572 ut
1299 1546 1334 1572 et
1366 1540 1534 1572 Aimoini:
1574 1541 1675 1582 idque

973 1590 1077 1622 etiam
1120 1591 1250 1631 placuit
1287 1591 1512 1623 Hotonianuo.
1574 1592 1675 1624 Quod

973 1639 1118 1672 sortasse
1136 1646 1218 1685 tota:
1236 1642 1392 1673 civitates
1418 1652 1436 1672 a
1453 1642 1557 1674 sacris
1582 1652 1676 1674 arce-

973 1696 1105 1731 rentur,
1121 1696 1154 1722 et
1166 1692 1308 1732 publicus
1330 1701 1396 1723 non
1413 1692 1461 1723 ita
1477 1693 1594 1724 dicant
1612 1694 1676 1724 La-

961 1742 1047 1779 ‘tini‚
1077 1751 1137 1782 pro
1168 1743 1310 1782 homine,
1347 1744 1402 1783 qui
1440 1744 1675 1783 magistratum

972 1797 1078 1831 gerat,
1095 1792 1126 1821 in
1153 1793 1399 1832 oppositionem
1425 1794 1564 1834 pria-uli:
1587 1794 1677 1833 δημό-

971 1853 1029 1878 την
1053 1841 1201 1872 reddidit
1217 1842 1378 1880 Graecus3
1404 1844 1531 1874 rectius
1557 1845 1676 1875 vertis·

972 1897 1025 1922 set
1040 1890 1195 1929 δημόσιον.
1242 1893 1327 1923 Milli
1345 1903 1438 1931 vero,
1466 1894 1545 1924 licet
1569 1895 1676 1926 rarior

973 1942 1015 1972 sit
1031 1942 1169 1981 locutio,
1186 1951 1251 1973 nou
1268 1943 1427 1983 displicet
1449 1936 1591 1983 paiblicus
1615 1955 1676 1985 pro

973 2000 1024 2031 eo,
1040 1992 1096 2032 qui
1115 1992 1287 2032 publicum
1305 2003 1423 2024 munus
1451 1999 1547 2034 gerat
1563 2006 1569 2025 2
1595 1995 1672 2035 quia

973 2041 1026 2072 hic
1044 2051 1119 2073 cum
1142 2043 1279 2082 privato,
1302 2049 1338 2074 ut
1355 2044 1465 2075 solent
1483 2045 1677 2077 sexcenties

972 2093 1024 2124 11ae
1052 2102 1163 2133 voces,
1194 2094 1318 2133 jungit.
1387 2095 1524 2136 Populus
1561 2101 1676 2128 autem

973 2143 1115 2183 inrepsit
1132 2143 1164 2173 in
1182 2144 1290 2174 Mstos
1305 2146 1574 2183 uetustissimum
1598 2146 1678 2187 quia

972 2192 1085 2224 forsan
1111 2195 1287 2235 scripserit
1319 2197 1436 2227 Caesar
1460 2197 1617 2237 Poplicus,
1640 2200 1678 2227 ut

972 2244 1005 2275 iu
1030 2245 1131 2277 Ennii
1155 2256 1252 2276 versu
1279 2246 1368 2287 apud
1397 2247 1556 2278 Ciceron.
1583 2247 1677 2278 Fam.

978 2297 1039 2335 Ep.
1069 2305 1132 2327 vii.
1156 2299 1187 2327 6.
1214 2301 1249 2326 et
1272 2296 1305 2326 in
1333 2297 1492 2337 lnscript.
1521 2297 1676 2328 Gruteri.

973 2345 1061 2377 Vide
1092 2347 1143 2378 (ΣΙ.
1176 2347 1354 2378 Drakenb.
1383 2347 1426 2377 ad
1452 2347 1567 2378 Silium
1594 2347 1615 2377 Ι.
1635 2355 1675 2378 n.

975 2395 1055 2429 Init.
1079 2397 1236 2437 Poplicola
1253 2401 1288 2428 et
1312 2407 1362 2427 vs.
1385 2400 1458 2427 251.
1504 2397 1537 2427 Si
1564 2399 1674 2427 tamen

975 2447 1048 2488 quis
1064 2447 1277 2478 nihilomiuus
1301 2447 1428 2477 mavult
1450 2446 1589 2486 populus,
1612 2455 1675 2486 per

974 2506 1028 2527 mc
1052 2497 1155 2528 licet:
1181 2497 1280 2528 modo
1311 2503 1380 2527 tum
1408 2496 1505 2526 simul
1532 2496 1624 2535 legat
1648 2496 1676 2525 si

973 2547 1024 2587 qui
1053 2547 1181 2588 privati.
1228 2547 1272 2577 Et
1302 2545 1413 2586 potuit
1436 2554 1579 2585 sequens
1611 2544 1675 2575 sin-

975 2598 1043 2639 gul.
1084 2607 1242 2628 numerus
1263 2597 1351 2627 stelit
1376 2595 1587 2636 corruptioni
1620 2605 1677 2626 an-

976 2659 1046 2679 sam
1065 2648 1198 2678 dedisse
1216 2647 1358 2678 librariis
1376 2646 1586 2687 pritantibiiS‚
1604 2651 1676 2678 tum

976 2698 1132 2729 debuisse
1157 2697 1223 2728 dici
1239 2700 1405 2728 steterunt.
1450 2697 1516 2728 Sed
1535 2696 1612 2728 vide
1630 2696 1673 2727 ad

976 2757 1051 2789 cap.
1068 2757 1169 2789 pru-c.
1183 2752 1218 2778 et
1236 2755 1286 2778 iv.
1305 2749 1355 2778 11.
