1818 3131
258 217 372 259 1246

261 319 373 360 potuit
398 320 431 350 in
455 318 562 355 sossae.
607 318 694 349 Vide
720 318 763 349 ad
788 319 906 350 Front.
933 327 958 349 1.

259 374 290 401 5.
305 374 335 401 S.
354 371 362 387 ‘
379 370 514 400 Fossam
530 374 754 400 transversam
767 369 855 401 inter
869 380 960 401 mon-

260 428 311 453 tes
336 420 482 462 pressit!
527 420 615 451 Pliu.
644 422 709 461 Ep.
733 429 768 452 x.
795 424 849 453 69.
871 422 880 438 ‘
896 419 960 452 sos-

259 482 329 503 sam
352 471 490 509 ducere,
514 475 549 502 et
572 471 678 502 artius
702 481 852 512 pressam
877 471 958 502 mari

261 521 419 563 aequare!
471 522 604 553 Hirtius
641 531 773 563 quoque
809 531 887 552 vin.
926 524 957 552 9.

257 573 266 589 ‘
282 572 404 603 fossam
433 572 580 603 derectis
606 572 769 604 luteribus
794 571 960 612 deprimi!

259 623 316 654 De
331 622 427 660 fossa
444 623 541 654 labris
562 633 620 654 seu
646 623 728 663 ripis
754 623 808 653 adi
834 622 958 660 scalig.

260 672 302 703 ad
320 672 446 706 Auson.
470 673 554 704 Urb.
571 682 602 705 v.
625 675 657 704 9.
679 674 688 689 ‘
705 673 900 712 Moeniaque
926 672 959 701 in

261 725 340 755 valli
370 723 492 755 fossam
521 724 730 755 circumdata
759 722 888 753 labroz'
925 727 960 752 et

259 774 314 806 111.
330 774 442 806 Schel.
461 776 590 806 Comm.
606 774 648 805 ad
674 774 802 814 Hygia.
828 783 860 813 p.
885 776 958 803 119.

260 825 316 856 lta
338 825 425 856 lubra
447 834 608 855 cornuum
632 833 776 855 summas
803 823 960 854 extremi-

261 880 349 907 tates
366 880 465 906 vocat
481 879 600 906 auctor
617 883 662 904 vr.
678 876 730 904 28.

301 930 321 956 6
344 924 506 966 Spatium]
528 925 638 965 Bong.
664 933 715 964 pr.
741 924 835 956 Voss.
862 924 962 964 prim.

260 975 338 1007 Pet.
362 976 489 1007 Lovan.
507 973 676 1015 Egmund.
697 979 732 1004 et
748 977 779 1005 7.
803 973 860 1004 alii
885 984 960 1005 cum

261 1026 358 1057 Carr.
386 1030 422 1056 et
453 1025 517 1056 Ed.
547 1024 621 1056 Ine.
642 1025 754 1065 spatio.
787 1024 901 1056 Oxou.
926 1029 961 1056 et

263 1076 356 1106 Leid.
373 1085 422 1116 pr.
434 1076 571 1116 spatium
586 1085 650 1106 nec.
667 1079 755 1106 esset.
780 1076 869 1106 Puto
882 1075 960 1106 scri-

262 1125 408 1157 bendum
433 1126 553 1166 ³patii;
587 1126 638 1157 uti
665 1131 700 1156 et
730 1127 858 1157 Brutus
885 1135 961 1157 con-

254 1175 355 1216 jecit.
400 1176 468 1206 Nec
491 1181 546 1207 est
567 1185 608 1206 ex
633 1176 866 1206 emendatione
880 1176 962 1208 Jan-

260 1226 378 1266 nocui,
395 1226 502 1266 Lipsii
520 1226 596 1257 loco
620 1226 782 1263 indicato,
806 1225 962 1265 Victorii,

260 1277 373 1316 Bruti,
404 1277 625 1316 Hotomanni,
652 1277 798 1316 Brantii‚
825 1286 963 1308 consen-

261 1327 426 1359 tientibus
458 1328 541 1358 Mss.
574 1332 610 1358 et
639 1327 703 1358 Ed.
731 1327 805 1357 Inc.
838 1333 964 1366 praeter

261 1378 383 1409 Petav.
402 1377 478 1417 an.
495 1377 584 1407 Scal.
610 1376 723 1407 Oxon.
746 1377 841 1407 Leid.
859 1386 910 1417 pr.
928 1381 964 1407 et

264 1438 332 1458 sec.
360 1437 400 1458 ac
427 1427 520 1457 an.
551 1426 584 1456 iu
610 1426 730 1467 quibus
766 1436 842 1457 cum
875 1426 962 1457 Edd.

263 1484 341 1509 ante
371 1478 493 1517 Scalig.
528 1478 665 1518 reliquis
695 1483 749 1509 est
778 1488 826 1510 ne.
870 1479 963 1509 Male

261 1529 355 1569 cepit
382 1528 557 1568 Interprcs
587 1529 743 1560 Craecus.
798 1529 847 1561 At
878 1530 963 1560 bene

262 1580 403 1611 Vossius
429 1580 503 1611 loco
529 1579 633 1610 Hirtii
657 1580 819 1620 explicat.
865 1581 964 1612 Cete-

264 1641 335 1662 rum
354 1640 414 1671 pro
431 1641 506 1671 opus
521 1630 554 1661 in
572 1631 711 1662 aliorum
728 1634 762 1661 et
780 1631 862 1661 meis
879 1631 962 1662 Mss.

264 1682 290 1712 si
327 1682 479 1722 excipias
513 1682 629 1722 Cujac.
663 1681 758 1712 Leid.
792 1691 843 1722 pr.
878 1681 963 1712 Scai.

264 1732 379 1763 Oxon.
407 1737 442 1762 et
468 1731 653 1771 Andffium,
679 1732 762 1763 item
787 1732 874 1763 Edd.
899 1732 964 1773 pri-

262 1782 337 1822 mis,
363 1786 400 1812 ut
424 1787 459 1813 et
480 1783 653 1821 Ber-oaldi,
678 1783 816 1813 Vascos.
835 1787 888 1813 est
903 1792 965 1813 cor-

259 1843 329 1873 pus,
344 1833 510 1873 probante
525 1833 645 1863 eodeni
660 1833 823 1872 Victorio‚
834 1838 869 1862 et
883 1833 964 1864 Jan-

263 1882 390 1921 noetio,
417 1882 476 1913 sed
507 1881 702 1922 refragante
728 1882 963 1920 Hotomaun03

262 1932 340 1973 quia
365 1943 438 1972 opus
459 1932 650 1963 sexcenties
675 1932 738 1962 hac
761 1932 793 1961 in
817 1941 851 1961 re
870 1941 964 1962 usur-

261 1992 345 2023 pare
376 1983 463 2014 solet
490 1984 616 2014 (tapsar.
660 1983 788 2012 Verum
812 1982 874 2013 hoc
898 1991 963 2011 non

262 2033 488 2073 inpedit‚quo
505 2033 613 2062 minus
641 2032 696 2063 hic
722 2042 796 2072 opus
821 2033 965 2062 munitio-

263 2093 333 2114 num
349 2084 566 2123 conjunctum
594 2088 629 2114 et
655 2088 853 2114 contextum
875 2082 967 2123 quasi

264 2143 374 2174 corpus
400 2134 590 2164 vot-merit:
618 2132 708 2173 quod
739 2132 870 2163 doctius
902 2137 966 2168 est,

264 2193 362 2224 quam
390 2189 424 2213 ut
447 2194 465 2213 e
483 2183 696 2214 librariorum
713 2183 856 2213 cerebro
872 2183 965 2213 nasci

265 2237 427 2277 potuerit.
471 2238 542 2275 Ego
559 2246 637 2267 sane
656 2241 707 2267 tot
723 2246 861 2265 numero
881 2245 966 2274 prar-

264 2286 543 2317 stautissimorum
573 2286 734 2317 Codicum
760 2286 964 2316 auctoritate

264 2342 373 2368 motus
390 2338 422 2367 in
443 2343 571 2367 textum
597 2336 724 2376 recepi,
741 2336 823 2366 satis
841 2346 964 2375 gmirus

264 2397 370 2428 corpus
388 2388 499 2418 vocari
525 2396 622 2427 posse
637 2396 734 2417 omne
757 2386 802 2424 id,
817 2386 904 2426 quod
923 2395 964 2416 ex

265 2438 419 2478 plurimis
446 2438 605 2468 membris
636 2437 669 2466 in
700 2446 800 2466 unum
825 2436 966 2474 coaluit,

268 2489 355 2519 unde
386 2498 494 2527 corpus
520 2487 562 2517 de
597 2486 876 2526 Rep.‚exercitu,
909 2496 965 2525 po-

267 2539 358 2579 pulo,
377 2539 468 2568 libiiS
493 2537 698 2577 conjunctis,
714 2543 748 2567 et
773 2537 845 2566 aliis
866 2537 964 2567 rebus

266 2589 334 2620 dici
363 2588 543 2629 saepissime
570 2587 732 2617 monitum
764 2593 816 2617 est
841 2597 860 2617 a
886 2587 965 2617 viris

267 2639 401 2670 Doctis.
438 2638 583 2669 Consule
611 2638 754 2668 'l'ennul.
783 2638 823 2668 ad
850 2638 964 2668 Front.

267 2698 306 2721 11.
322 2692 352 2720 2.
368 2692 398 2720 8.
424 2690 539 2721 Graev.
558 2689 599 2719 ad
624 2688 733 2719 ciem
753 2689 845 2718 Fam.
862 2698 895 2718 v.
916 2690 965 2719 12.

266 2741 406 2772 Salmas.
435 2741 524 2771 Plin.
550 2741 672 2771 Exere.
699 2740 805 2779 initio,
826 2744 858 2769 ct
884 2749 966 2780 quos

268 2791 401 2822 laudavi
414 2791 457 2822 ad
474 2791 602 2822 Lucan.
619 2793 822 2822 v11.406.‹=t
843 2800 875 2821 x.
891 2793 967 2821 416.

721 226 862 257 ΝΟΤ-Ε
895 226 1157 257 ῩΑΗΙΟΚΙΙἾ
1191 227 1241 257 lN

1009 319 1018 335 ‘
1036 319 1170 350 Latium
1184 319 1231 350 sie
1246 319 1402 351 scindere
1415 320 1564 361 corpus)
1589 321 1710 355 Quam-

1009 378 1107 409 quam
1126 368 1234 400 l'atear
1249 379 1322 410 opus
1349 370 1529 412 aliquando
1550 372 1582 402 in
1604 383 1712 414 corpus

1009 419 1113 449 fuisse
1152 426 1361 461 corruptum.
1427 422 1572 453 Consule
1609 423 1710 454 Viros

1010 469 1128 499 doctos
1152 470 1193 500 ad
1218 469 1343 502 Justin.
1360 471 1454 502 Prol.
1471 472 1480 488 ‘
1499 472 1582 503 Rem
1599 473 1711 513 magni

1010 520 1112 549 animi
1137 525 1173 550 et
1189 521 1300 560 operis
1318 521 1337 559 ;'
1366 521 1421 552 ubi
1444 532 1507 562 ego
1522 531 1654 563 quoque
1677 523 1711 553 iu

1011 570 1092 601 Mss.
1109 570 1238 610 aliquot
1262 572 1374 602 iuveni
1399 573 1544 613 corporis.
1592 574 1713 605 Corona

1010 620 1144 650 militum
1161 630 1236 651 cum
1254 621 1327 652 aliis
1346 623 1471 654 ibidem
1492 623 1578 655 bene
1595 623 1711 654 defen-

1010 671 1060 701 dit
1074 671 1271 709 Victorins3
1297 681 1400 712 quare
1424 674 1470 704 nil
1494 684 1604 706 moror
1620 674 1713 707 Gifa-

1011 723 1099 753 ilium
1123 722 1157 753 in
1180 722 1326 754 Observ.
1349 723 1445 763 Ling.
1471 725 1544 756 Lat.
1565 735 1597 765 p.
1615 729 1668 757 53.
1694 736 1712 756 e

1013 773 1092 804 Vet.
1108 773 1196 805 libro
1213 774 1385 814 legentem
1413 784 1520 814 corpus
1540 774 1713 806 Romanum

1011 834 1101 855 manu
1122 825 1278 855 militum:
1302 824 1390 865 quod
1423 825 1497 866 quis
1525 834 1591 856 non
1619 825 1715 857 videt

1012 884 1054 905 ex
1080 875 1196 915 inepta
1221 875 1344 906 Glossa
1363 884 1436 905 esse
1454 876 1589 906 ortum?
1623 875 1714 907 Hinc

1012 925 1114 955 etiam
1132 925 1165 955 in
1183 925 1292 956 Pulm.
1307 925 1448 956 Schedis
1470 935 1580 966 corpus
1602 925 1716 957 Roma·

1010 985 1118 1006 norum
1133 985 1251 1006 corona.

1056 1026 1123 1056 Nec
1129 1026 1227 1063 facile
1249 1028 1346 1056 totum
1367 1035 1441 1065 opus
1456 1025 1591 1056 militum
1605 1035 1716 1057 corona

1011 1076 1204 1116 cingeretur]
1252 1076 1412 1115 Explicat
1452 1076 1598 1117 Hirtius,
1637 1085 1714 1108 curn

1013 1135 1092 1156 vni.
1111 1129 1161 1157 11.
1188 1127 1248 1164 ait,
1268 1127 1277 1142 ‘
1295 1135 1357 1155 nec
1385 1126 1496 1156 locum
1521 1126 1713 1157 munitioni-

1014 1176 1075 1207 bus
1101 1176 1213 1207 elaudi
1244 1176 1308 1206 nisi
1338 1185 1358 1206 a
1392 1177 1520 1217 majore
1560 1177 1715 1208 exercitu

1014 1227 1137 1267 posse.'
1195 1226 1285 1258 Hine
1323 1237 1467 1258 coronare
1501 1237 1562 1267 pro
1592 1227 1716 1266 cingere

1013 1277 1099 1306 dixit
1115 1277 1244 1307 Statius
1261 1277 1365 1307 Theb.
1384 1286 1422 1308 n.
1441 1280 1450 1294 ‘
1468 1277 1641 1319 densaque
1657 1287 1716 1308 ne-

1014 1337 1085 1357 mus
1101 1327 1247 1358 statione
1263 1327 1447 1359 coronant!
1477 1328 1610 1359 Vmius.
1636 1328 1715 1360 Huc

1014 1377 1167 1417 pertinet
1185 1376 1277 1407 locus
1295 1378 1422 1408 Lucani
1437 1387 1486 1410 vr.
1499 1381 1551 1409 88.
1573 1378 1582 1395 ‘
1599 1378 1716 1418 Agmi-

1014 1436 1125 1468 naque
1148 1426 1290 1458 interius
1318 1437 1414 1458 muro
1444 1428 1597 1460 breviore
1621 1438 1716 1461 rece·

1015 1478 1087 1518 pit;
1126 1477 1275 1508 Densius
1307 1483 1345 1508 ut
1376 1488 1478 1518 parva
1519 1478 1717 1520 disponeret

1015 1538 1107 1559 arma
1133 1537 1256 1559 corona
1269 1527 1290 1559 :'
1324 1529 1378 1559 ubi
1406 1539 1502 1568 cave,
1529 1539 1571 1561 ne
1597 1535 1717 1562 contra

1015 1579 1100 1610 Mss.
1130 1578 1275 1618 recipias
1303 1588 1407 1619 gyro;
1446 1579 1537 1620 quod
1567 1581 1717 1620 conjecit

1015 1629 1210 1661 Markland.
1227 1629 1269 1660 ad
1286 1631 1372 1661 Stat.
1391 1630 1464 1660 silv.
1482 1640 1515 1661 v.
1537 1633 1568 1662 2.
1592 1633 1663 1662 121.
1680 1636 1716 1662 et

1015 1681 1152 1712 consule
1191 1680 1302 1712 Schel.
1341 1680 1384 1711 ad
1427 1681 1556 1722 Hygin.
1599 1681 1716 1714 Grom.
1741 1692 1744 1693 ⁷

1015 1743 1048 1773 p.
1066 1736 1119 1763 61.

1059 1786 1098 1814 10
1124 1775 1214 1814 Duas
1227 1782 1501 1821 fossas—quarum
1524 1782 1717 1824 interiorem]

1015 1833 1123 1863 Fuere
1149 1833 1257 1872 palam
1276 1832 1365 1869 duae,
1382 1842 1445 1862 nou
1464 1842 1541 1870 una,
1558 1838 1595 1863 ut
1612 1843 1715 1873 pravo

1015 1884 1169 1914 acumine
1196 1884 1251 1914 Fr.
1270 1884 1506 1914 Hotomannus
1526 1883 1624 1922 dixit,
1640 1894 1716 1915 nam

1015 1935 1086 1964 vult
1101 1935 1176 1964 duas
1193 1934 1381 1964 nominatas
1406 1933 1571 1973 adspectu
1590 1934 1718 1966 Sectio-

1015 1984 1079 2023 nis,
1095 1994 1170 2024 qum
1195 1994 1213 2014 a
1239 1982 1375 2013 flumine
1401 1983 1511 2013 medio
1535 1982 1643 2023 facta,
1668 1989 1718 2015 at-

1016 2043 1079 2074 que
1096 2033 1173 2063 ideo
1191 2043 1252 2063 nc(-
1270 2033 1446 2063 iamim-em
1462 2032 1598 2073 quidem
1623 2033 1719 2074 legit,

1016 2084 1075 2115 sed
1093 2084 1280 2123 inferiorem.
1317 2087 1402 2117 Quae
1419 2085 1490 2115 haec
1508 2085 1594 2116 mala
1612 2085 1717 2116 libido

1016 2135 1197 2166 innovandi
1221 2135 1293 2166 est?
1318 2136 1421 2166 Certe
1448 2145 1510 2175 pro
1538 2135 1658 2174 tutela,
1681 2139 1718 2166 et

1017 2186 1147 2227 reliqua
1163 2186 1329 2223 dignitate
1351 2187 1477 2225 operis,
1499 2185 1605 2226 magis
1622 2184 1718 2224 fucit,

1015 2236 1120 2267 fuisse
1147 2236 1310 2276 duplices.
1348 2236 1380 2268 J.
1408 2236 1541 2276 Lipsius
1569 2235 1716 2266 Poliorc.

1018 2288 1109 2318 Dial.
1128 2296 1166 2317 ιι.
1183 2290 1212 2317 2.
1240 2286 1351 2317 Dat-is.

1061 2342 1099 2370 13
1130 2338 1216 2369 Huic
1247 2337 1372 2368 loricam
1397 2337 1568 2377 pinnasque
1594 2336 1717 2376 adiecit,

1013 2389 1188 2428 grandibus
1215 2388 1314 2419 ceri-is
1343 2387 1559 2427 eminentibus]
1596 2387 1717 2417 Pinnas

1017 2445 1051 2470 et
1068 2449 1169 2470 cert-os
1185 2439 1382 2478 distinguit:
1410 2443 1578 2476 accurate,
1594 2442 1631 2468 ut
1648 2447 1715 2467 om-

1017 2491 1071 2520 nia
1096 2490 1128 2520 in
1151 2490 1215 2519 hoc
1237 2494 1386 2519 aucune.
1433 2488 1596 2519 Nimirum
1611 2488 1716 2527 pinna·

1017 2540 1158 2571 dire-cta:
1185 2539 1322 2569 stabant
1351 2539 1382 2568 in
1408 2546 1564 2576 supremo
1588 2538 1717 2577 loricae,

1017 2596 1055 2621 ut
1071 2590 1238 2630 hodieque
1253 2589 1388 2628 ‚sepibus
1403 2587 1542 2627 ¹aliisque
1559 2586 1592 2617 id
1611 2597 1715 2627 genus

1016 2639 1142 2670 ferreas
1174 2639 1291 2679 pinnas
1322 2638 1445 2677 imponi
1479 2637 1630 2668 videmus
1659 2637 1716 2668 ad-

1006 2692 1147 2720 ⁴versum
1166 2688 1444 2719 transcensione&
1485 2686 1577 2717 lnl'ra
1596 2687 1715 2727 pinnas

1017 2739 1109 2770 cervi
1137 2742 1245 2775 erant,
1274 2737 1433 2767 videlicet
1457 2737 1545 2768 inter
1564 2736 1718 2768 commis-

1017 2799 1110 2820 suras
1127 2788 1260 2828 aggeris
1277 2793 1310 2819 ct
1328 2788 1531 2828 pluteorum.
1566 2788 1633 2819 Ubi
1649 2787 1716 2828 pri-
