1883 3121
454 214 547 244 Lm.
583 213 614 244 1.
646 214 753 243 GAP.
783 204 854 245 56.
890 215 952 244 nr.
987 215 1141 246 nuum
1174 216 1341 246 elvini.

175 304 283 336 crudo
312 305 403 337 corio
431 315 535 345 genus
565 306 688 347 navigii
717 305 874 346 praebet:

177 355 316 395 Papias,
350 357 359 373 ‘
378 356 529 387 Carabus
565 357 720 387 navicula
749 356 876 387 discur-

176 414 254 435 rens
277 406 310 436 in
326 406 434 445 Pado,
451 406 484 436 id
511 411 564 437 est
591 406 701 436 linter.
734 406 797 436 Est
818 415 874 437 au-

175 459 245 486 tem
261 465 304 487 ex
320 456 442 486 vimine
459 461 494 486 et
510 455 626 486 corio!
652 455 728 486 Non
741 454 873 494 dubito,

176 505 255 545 quin
274 506 413 537 carabus
433 514 497 536 vox
523 505 565 535 sit
590 505 800 545 Britannica,
815 511 873 537 aut

174 555 340 595 Belgica;
365 556 485 596 quibus
507 555 675 597 hodieque
704 558 873 588 Cararelen

173 613 279 642 genus
292 605 389 635 navis
407 609 472 643 est,
487 610 523 636 et
539 606 672 646 quidem
687 605 871 638 fluviatilis.

170 653 309 694 (Anglis
332 655 479 694 Coricle.)
503 656 578 687 Nisi
590 656 686 687 malis
702 666 721 687 a
742 656 873 698 κόραβος

172 704 343 737 deducere
369 706 515 737 carabus:
538 706 626 747 quod
653 707 707 738 alii
732 707 870 740 faciunt.

171 753 259 785 Mihi
275 755 307 784 id
323 764 390 785 non
414 755 537 795 placet.
571 756 660 788 Sane
677 767 742 788 non
761 758 822 788 nisi
838 759 870 789 in

169 804 334 845 sequioris
350 806 415 837 aevi
441 806 663 846 scriptoribus
679 816 752 838 eain
777 818 872 849 repe·

173 855 253 893 rias,
283 860 320 886 ut
344 856 378 886 in
404 857 533 888 Moschi
562 859 667 889 Prato
681 859 870 899 Spirituali,

170 904 229 944 qui
246 905 294 935 ait
316 914 345 936 c.
364 908 416 936 76.
444 907 453 923 ‘
472 907 564 938 Ecce
588 917 649 948 ego
671 909 818 941 ascendo
835 910 869 941 in

169 954 352 985 carabum!
385 956 515 987 Vossius.

211 1007 229 1035 5
257 1005 382 1038 Carinae
408 1007 545 1046 primum
573 1018 609 1038 ac
634 1010 802 1041 statumina
829 1020 869 1041 ea·

168 1053 227 1083 leri
249 1053 310 1094 nn]
346 1054 402 1086 Sic
442 1055 624 1088 ediderunt
658 1059 742 1089 Ven.
776 1063 867 1091 1517.

168 1101 291 1141 Aldus,
315 1104 453 1136 Vascos.
480 1107 679 1147 ceteriqne3
705 1119 778 1148 quae
802 1120 868 1141 non

165 1153 253 1184 male
276 1161 494 1195 propugnant
511 1156 654 1188 Rbellic.
670 1162 706 1188 et
726 1159 867 1191 Hotom.

164 1208 202 1236 et
214 1203 413 1236 confirmant
422 1203 463 1234 τὰ
470 1205 639 1236 statumina
650 1207 734 1238 Mss.
747 1207 867 1240 Brant.

165 1252 285 1294 Cujac.
309 1254 432 1295 Scalig.
457 1255 578 1286 Petav.
607 1256 701 1288 Leid.
726 1267 778 1297 pr.
806 1259 868 1290 Lo-

161 1312 240 1342 yan.
268 1303 366 1335 Voss.
394 1305 521 1335 Verum
543 1305 670 1336 habent
686 1316 726 1337 eo
748 1307 867 1339 ordine

163 1352 295 1385 Carinoe
323 1364 359 1385 ac
380 1356 514 1395 primum
539 1357 708 1388 statumina
732 1358 791 1388 levi
803 1369 814 1394 ;
836 1362 867 1389 et

165 1403 227 1434 leti
253 1404 336 1436 Lov.
356 1410 391 1436 et
415 1406 512 1437 Voss.
556 1407 597 1437 In
614 1407 708 1438 Carr.
725 1413 761 1438 et
777 1408 864 1439 Edd.

165 1454 293 1494 primis,
308 1455 390 1486 item
407 1456 567 1487 Beroaldi
590 1457 715 1488 Carina>
732 1459 866 1497 primum

164 1505 313 1536 stramine
328 1509 357 1537 et
378 1506 436 1537 levi
452 1516 491 1536 m.
526 1507 611 1539 Quae
626 1516 691 1538 vox
707 1508 867 1539 straminis

165 1555 269 1587 etiam
286 1561 463 1597 comparet
476 1557 507 1588 in
523 1558 631 1598 Bong.
647 1559 760 1590 Palat.
773 1559 865 1590 Busl.

162 1604 263 1636 Leid.
293 1615 363 1638 sec.
398 1611 434 1638 et
464 1609 571 1639 Dorv.
600 1608 658 1639 sed
688 1608 711 1639 ii
739 1609 865 1641 habent

164 1664 297 1696 quoque
327 1657 363 1687 C.
390 1667 426 1687 ac
450 1657 585 1696 primum
613 1658 762 1689 stramine
789 1662 819 1690 et
844 1660 864 1690 l.

163 1705 213 1736 At
237 1707 386 1737 stramine
405 1708 571 1748 quomodo
587 1709 725 1749 carinae,
739 1709 865 1741 milites

164 1764 240 1796 quae
261 1756 409 1787 tolerare
432 1756 576 1796 possint,
599 1756 700 1789 factae
723 1757 864 1799 fuerint,

162 1815 230 1836 non
254 1806 416 1848 intelligo.
459 1808 572 1840 Quare
596 1810 763 1840 statumina
793 1811 864 1842 sive

162 1859 260 1887 costas
273 1857 409 1888 omnino
425 1857 568 1890 retineo.
609 1858 732 1889 Latere
750 1864 863 1892 tamen

163 1906 244 1947 quid
260 1907 396 1939 videtur
410 1907 444 1938 in
459 1907 524 1938 illis
537 1918 574 1939 aa·
592 1908 750 1948 primum.-
773 1909 862 1950 quod

155 1956 228 1997 jam
262 1957 461 1989 subodorari
490 1967 634 1999 nequeo,
662 1958 862 2000 indigitasse

159 2007 242 2039 satis
256 2007 393 2039 habens.

204 2061 243 2090 11
271 2058 472 2099 Trans-ducit]
494 2059 550 2090 Ita
578 2059 692 2090 inveni
716 2059 861 2099 primum

159 2107 195 2138 in
211 2108 275 2138 Ed.
290 2108 506 2139 Plautiniana
523 2111 616 2139 1574.
639 2109 775 2140 Priores
792 2119 861 2141 om-

160 2167 221 2189 nes
244 2158 368 2196 traiecit
393 2160 445 2189 vel
470 2160 643 2199 transjecit,
657 2164 715 2190 aut
731 2160 861 2201 trajicit,

159 2214 200 2240 ut
215 2209 352 2240 Vascos.
369 2210 487 2249 Steph.
506 2215 541 2240 et
565 2210 633 2241 alii.
670 2211 745 2242 Nec
762 2221 858 2242 secus

163 2258 298 2289 Carrar.
330 2263 365 2289 et
391 2260 473 2290 Mss.
504 2260 571 2290 mei
601 2269 728 2298 omnes,
756 2271 860 2302 quare

159 2308 297 2349 reposui
311 2318 430 2339 secure
445 2309 613 2348 transjicit.

149 2386 155 2390 .
204 2367 259 2389 ιν.
282 2361 301 2389 3
337 2359 440 2394 Quam
467 2360 654 2400 maximum]
691 2361 768 2394 Non
796 2362 859 2393 hoc

154 2408 363 2448 damnarem,
394 2410 422 2440 si
449 2409 482 2440 in
515 2410 600 2440 Mss.
630 2412 853 2451 reperiretur.

156 2460 246 2491 Vide
258 2461 299 2492 B.
312 2461 356 2493 G.
367 2470 391 2491 1.
408 2464 440 2492 7.
455 2464 508 2496 42.
528 2462 595 2492 Sed
612 2463 754 2502 primum
768 2464 856 2495 hanc

147 2510 341 2543 ,lectionem
352 2512 507 2551 reperiin
522 2512 584 2543 Ed.
595 2511 730 2543 Aldina.
765 2514 856 2545 Prio-

160 2568 226 2599 res,
237 2559 318 2591 item
334 2561 453 2601 Steph.
472 2561 615 2601 Gryphii
640 2567 674 2593 et
690 2563 774 2593 Mss.
790 2564 856 2594 mei

158 2617 274 2640 omnes
309 2607 483 2649 Magnum.-
516 2612 733 2653 rectissima}
771 2612 856 2642 Vide

158 2657 203 2691 ad
229 2667 279 2690 vr.
306 2663 358 2691 26.
388 2669 469 2692 viu.
488 2665 538 2693 11.
567 2663 575 2678 ‘
594 2663 703 2695 Quam
727 2662 856 2703 maguis

159 2707 361 2741 itineribus)
402 2711 442 2742 In
459 2711 580 2744 Petav.
608 2713 730 2753 Scalig.
759 2713 854 2744 Leid.

146 2788 149 2790 .
159 2767 211 2800 pr.
228 2763 264 2791 et
280 2760 549 2802 Levan.,est,1‘am
565 2772 728 2809 magnum.
770 2763 855 2796 Con-

1512 210 1624 252 1379

930 312 982 338 tra
998 308 1088 343 Aia.
1114 314 1148 340 et
1174 314 1249 349 post
1274 319 1350 340 eum
1372 310 1501 350 scalig.
1532 319 1624 344 reete

928 357 1109 389 ediderunt
1134 360 1272 398 cetratis,
1288 360 1369 390 licet
1394 361 1427 391 in
1456 361 1536 392 Mas.
1559 372 1626 393 om-

927 406 1037 445 nibus,
1069 409 1273 450 reliquisque
1316 410 1402 441 Edd.
1438 411 1623 443 invenerim

924 457 1117 497 centuriatis,
1146 460 1240 499 quasi
1280 461 1476 493 centuriatim
1505 463 1625 494 divisis.

925 505 992 536 Sed
1022 506 1056 536 id
1083 513 1200 538 contra
1224 514 1370 540 mentem
1388 511 1531 542 Caesaris
1551 522 1624 544 esse

925 556 1007 586 satis
1024 555 1199 589 declarant
1216 568 1310 600 seqq.
1350 560 1439 591 Alibi
1455 562 1559 592 etiam
1575 562 1623 594 sic

924 612 1109 645 peccarunt
1126 607 1159 638 iu
1182 609 1232 640 his
1247 610 1504 642 Commentariis
1525 612 1626 643 libra·

923 654 973 685 rii.
998 654 1065 686 Adi
1083 657 1180 687 modo
1197 667 1226 688 c.
1243 662 1296 689 48.
1315 662 1323 676 ‘
1341 660 1474 691 Cetrati
1491 663 1625 694 citerio-

922 705 967 735 ris
986 704 1186 747 Hispaniae,'
1203 709 1251 738 uti
1268 714 1301 739 et
1317 719 1345 739 c.
1361 713 1414 741 70.

964 758 984 786 ὓ
999 757 1166 799 Proesidio]
1181 759 1235 790 Ita
1247 769 1288 789 ex
1302 760 1386 791 Mss.
1401 762 1484 801 Reg.
1496 763 1622 795 Eliens.

922 809 957 835 et
974 805 1084 837 Vos-sii
1101 812 1136 838 et
1153 809 1241 839 Edd.
1260 810 1354 840 Vett.
1372 811 1517 842 restitui.
1543 813 1624 843 Sca-

920 855 1006 895 liger
1022 862 1057 887 et
1082 858 1304 891 Recentiores
1334 870 1449 892 omnes
1474 862 1622 894 subsidio.

921 906 1022 937 Quod
1034 907 1097 938 lioc
1114 908 1189 939 loeo
1202 910 1310 940 minus
1322 912 1492 942 convenit.
1513 914 1622 944 Clark.

921 956 1027 987 Recte
1047 959 1194 997 proesidio
1219 961 1369 992 restituit
1391 962 1558 1002 Ciarkius,
1574 968 1623 994 at-

919 1015 984 1046 que
1002 1007 1050 1038 ita
1076 1009 1179 1040 etiam
1196 1010 1281 1041 Mss.
1299 1011 1378 1050 mei,
1395 1016 1430 1042 et
1449 1012 1540 1043 Edd.
1555 1014 1624 1053 pri-

918 1065 981 1087 mae
999 1057 1159 1099 aliaeque:
1183 1060 1318 1092 subsidio
1327 1062 1398 1101 jam
1415 1067 1467 1093 est
1484 1063 1517 1092 iu
1542 1063 1622 1094 ΑΜ.

917 1107 1004 1142 Υεη.
1023 1112 1117 1140 1517.
1145 1111 1279 1142 Manut.
1305 1111 1436 1152 Gry-ph.
1454 1121 1506 1152 pr.
1524 1113 1624 1144 Plan-

919 1155 976 1186 tin.
993 1162 1029 1187 et
1047 1158 1131 1189 aliis.

961 1214 1032 1237 LVI.
1051 1210 1066 1238 1
1103 1209 1315 1241 sslassilienses
1336 1210 1383 1240 usi
1414 1211 1454 1242 L.
1484 1212 1624 1242 Domitii

917 1256 1055 1296 consilio]
1079 1258 1157 1289 Non
1178 1264 1230 1290 est
1247 1260 1279 1290 in
1297 1260 1466 1291 Petariano
1482 1270 1545 1292 vox
1563 1263 1622 1301 nsi,

918 1309 952 1335 et
977 1305 1096 1337 abesse
1125 1313 1252 1348 potest.
1287 1310 1419 1341 Vossius.
1468 1312 1620 1344 Eandem

917 1356 1071 1386 voculam
1095 1358 1224 1389 omittit
1247 1359 1314 1390 Ms.
1340 1361 1480 1392 Norvic.
1506 1362 1622 1393 Dacis.

916 1404 1014 1444 Sapit
1041 1406 1129 1437 enim
1157 1408 1301 1439 Caesaris
1328 1410 1620 1449 perspicuitatem.

919 1454 1025 1486 Clark.
1064 1456 1233 1489 Gruterus
1272 1468 1332 1489 suo
1360 1469 1453 1490 more
1487 1460 1618 1500 abjicit.

915 1503 984 1534 Sed
1000 1505 1092 1545 vide,
1107 1516 1180 1547 qnae
1199 1513 1353 1539 notamus
1368 1509 1410 1540 ad
1428 1511 1468 1540 B.
1487 1510 1531 1542 G.
1549 1519 1572 1541 1.
1585 1514 1617 1542 5.

916 1554 925 1570 ‘
944 1555 1003 1586 Uti
1020 1556 1138 1587 eodem
1154 1558 1205 1588 usi
1221 1559 1381 1590 consilio!

958 1608 976 1635 3
1003 1606 1143 1641 Quarum
1155 1612 1245 1639 erant
1260 1618 1298 1640 XI
1311 1609 1415 1650 tectae]
1439 1610 1531 1641 Alibi
1547 1610 1619 1642 Cae-

917 1665 971 1686 sar
985 1660 1157 1688 constratas
1171 1669 1262 1689 nates
1277 1660 1439 1700 appellat.
1476 1660 1538 1692 His
1558 1671 1616 1701 op-

915 1711 1088 1745 ponuntur
1117 1712 1245 1748 apertoe,
1263 1719 1338 1750 qnae
1372 1709 1501 1741 scilicet
1526 1715 1619 1741 cata-

916 1762 1081 1790 stromata
1102 1769 1170 1790 non
1186 1760 1368 1799 habebant,
1385 1761 1506 1801 quibus
1533 1761 1617 1792 tecti

914 1808 1039 1839 milites
1075 1816 1276 1850 pugnarent.
1322 1811 1434 1842 Livius
1465 1812 1484 1844 l.
1514 1820 1616 1843 xxm.

914 1858 923 1874 ‘
941 1858 1089 1890 Biduum
1116 1860 1150 1890 in
1175 1866 1342 1901 apparatu
1358 1862 1495 1900 morati,
1514 1862 1614 1893 tertio

914 1906 968 1937 die
987 1913 1122 1939 centum
1138 1910 1290 1949 navibus,
1302 1920 1440 1950 quarum
1457 1919 1529 1942 Lxx
1547 1916 1617 1942 tec-

913 1960 958 1988 tae
983 1963 1094 1998 erant,
1110 1964 1235 1990 ceterae
1263 1964 1405 2000 apertae,
1433 1960 1615 1992 Phocaeam

914 2007 1129 2047 petiverunt.’
1149 2011 1195 2040 Et
1206 2010 1342 2040 Hirtius
1355 2009 1397 2040 de
1410 2009 1498 2040 bello
1514 2009 1613 2041 Alex.

913 2066 944 2089 e.
966 2060 1022 2089 -11.
1052 2059 1062 2074 ‘
1080 2059 1274 2100 Magnoque
1306 2060 1436 2099 impetu
1470 2064 1616 2100 quatuor

912 2107 955 2137 ad
971 2116 1044 2138 eam
1066 2114 1248 2140 constratae
1273 2119 1387 2148 naves,
1409 2114 1444 2140 et
1467 2109 1616 2150 complu-

911 2167 965 2188 res
998 2163 1127 2199 apertae
1157 2159 1431 2191 contenderunt.’
1489 2160 1611 2191 Graece

910 2207 1133 2248 κατάφρακτοι,
1150 2214 1188 2240 ut
1212 2220 1231 2240 a
1249 2210 1332 2250 Poly
1340 2210 1407 2249 bio,
1422 2215 1455 2241 ct
1471 2209 1614 2250 ἄφρακτα

911 2258 1082 2291 dicuntur.
1126 2259 1222 2290 Infra
1250 2261 1270 2291 l.
1301 2269 1341 2290 11.
1369 2261 1400 2290 in
1432 2261 1611 2301 principio,

912 2310 1051 2341 ‘Naves
1072 2310 1272 2350 piscatorias
1300 2316 1549 2348 contexerant3
1575 2316 1612 2342 ut

911 2364 1024 2390 essent
1048 2360 1090 2391 ab
1113 2361 1183 2391 ictu
1201 2360 1343 2391 telorum
1360 2361 1505 2400 remiges
1523 2360 1608 2392 tuti.’

911 2408 1070 2441 Ciaccon.
1094 2410 1182 2441 Vide
1197 2411 1298 2442 Joan.
1316 2410 1522 2442 Schefferum
1535 2411 1610 2442 Mil.

911 2460 1031 2491 Naval.
1054 2469 1096 2491 11.
1116 2464 1146 2492 5.
1170 2461 1285 2491 Dat-is.
1321 2461 1409 2492 vide
1436 2461 1539 2494 etiam
1564 2459 1607 2491 ad

909 2511 951 2542 B.
970 2512 1042 2543 Civ.
1056 2521 1096 2542 11.
1114 2515 1165 2542 15.

952 2565 990 2592 11
1015 2562 1314 2602 Ilm—obtinebant]
1346 2563 1429 2593 Mss.
1459 2564 1541 2601 Reg.
1571 2565 1608 2592 et

907 2611 1033 2651 Vossii,
1056 2613 1122 2644 Hic
1136 2614 1303 2645 obtinebat.
1342 2613 1442 2646 Quod
1463 2612 1604 2652 perinde

908 2666 970 2693 est.
995 2664 1102 2695 Clark.
1139 2666 1251 2696 Etiam
1268 2664 1363 2694 Leid.
1381 2673 1448 2694 sec.
1464 2662 1524 2693 sed
1543 2663 1605 2693 Lo-

907 2720 982 2741 van.
1011 2717 1046 2743 et
1071 2713 1170 2745 Voss.
1202 2714 1282 2751 Hec,
1312 2717 1349 2743 ut
1377 2712 1480 2743 alibi:
1514 2711 1605 2753 qnod

906 2761 1044 2803 antique
1077 2763 1133 2798 hic
1161 2773 1293 2804 quoque
1327 2768 1449 2808 posset
1475 2761 1604 2794 dictum
