1872 3115
250 186 335 228 968

250 291 392 324 Rheno.'
417 302 466 324 νι.
498 296 550 324 35.
586 294 663 335 ‘qui
695 300 772 325 sunt
804 297 950 337 proximi

252 342 393 374 Rheno.'
417 344 458 375 B.
486 343 595 374 Afric.
627 353 658 375 c.
685 348 738 376 56.
773 348 951 387 ‘proxime

251 393 383 425 Uzitael
435 395 502 425 Sed
536 395 613 426 vide
653 395 698 426 ibi
737 402 846 429 notas.
905 399 952 431 At

251 444 477 475 rectissimum
517 449 570 475 est
612 447 747 485 proximi
794 447 948 480 Rhenum.

247 493 342 525 Solet
359 495 474 525 caesar
490 494 696 535 adjectivum
711 497 785 536 hoc,
802 507 866 529 non
894 499 950 529 ad-

246 544 412 583 verbium,
429 545 604 577 adhibere.
641 547 696 578 Sic
712 556 767 579 ιη.
782 551 815 579 6.
828 549 837 564 ‘
850 558 948 588 prox-

245 593 332 624 imus
356 604 448 626 mare
485 596 660 627 Oceanum
685 598 717 628 in
751 598 947 639 Andegavis

246 643 438 676 hiemabat!
459 655 508 676 w.
526 649 578 678 31.
601 650 609 663 ‘
625 648 680 688 qui
699 649 843 689 proximi
861 650 947 681 Oce-

247 702 345 725 anum
377 693 546 728 fucrant:‘
585 697 642 728 ubi
682 699 770 730 vide.
831 700 945 741 Atque

711 202 852 232 No'rAE
885 203 1105 237 VARIORU
1117 208 1148 237 M
1187 209 1236 238 IN

1006 300 1054 331 ita
1069 301 1123 332 alii
1151 312 1294 344 quoque.
1320 304 1433 336 Livius
1450 314 1532 337 vm.
1546 309 1600 340 32.
1623 308 1633 327 ‘
1649 309 1707 351 qni

1007 353 1149 391 proximi
1167 354 1313 385 tribunal
1332 356 1523 397 steterant‚'
1546 357 1603 389 ubi
1627 359 1705 391 vide

1006 402 1226 443 Gronovium,
1249 410 1283 434 et
1308 405 1426 437 Heins.
1454 416 1492 437 ac.
1518 407 1703 441 Burmann.

1005 452 1047 482 ad
1065 452 1166 483 Ovid.
1183 454 1259 485 Art.
1275 454 1350 487 Am.
1365 465 1389 487 1.
1411 459 1481 487 139.
1501 467 1540 488 ac
1555 458 1705 491 Gronov.

1005 511 1115 532 rursus
1133 502 1215 534 Obs.
1241 513 1295 535 ιιι.
1321 508 1352 536 2.
1400 506 1540 538 Incolunt
1571 514 1707 541 neutra-

1003 551 1084 582 lite·-
1127 552 1278 591 adhibet,
1320 564 1380 585 suo
1425 561 1459 586 et
1497 558 1705 597 optimorum

1004 602 1205 642 scriptorum
1219 613 1320 634 more.
1335 614 1365 635 c.
1386 608 1465 637 l.et
1489 611 1518 637 5.
1533 614 1568 639 et
1594 618 1632 641 n.
1651 611 1705 640 35.

1003 654 1011 667 ‘
1028 657 1120 682 trans
1137 652 1291 683 Rhenum
1313 654 1490 687 incolunt.'
1515 666 1554 688 ιι.
1573 660 1603 690 3.
1630 659 1638 676 ‘
1657 659 1705 690 cis

1003 700 1153 732 Rhenum
1171 702 1323 735 incolunt
1342 704 1361 735 :'
1385 709 1420 736 ct
1436 708 1639 740 sexcenties.

474 1091 593 1141 DE
661 1094 971 1144 BELLO
1032 1096 1472 1145 GALLICO.

880 1250 978 1288 LlB.
1021 1251 1072 1290 ll.

285 1397 372 1429 CAP.
391 1407 417 1430 1.
434 1402 464 1430 8.
496 1401 620 1432 Partim
637 1404 688 1442 qui
706 1407 738 1434 ut
758 1404 948 1444 Germanos]

243 1447 471 1481 Penultimam
497 1461 614 1483 vocem
644 1456 779 1494 reposui
806 1465 847 1485 ex
876 1456 945 1486 edi-

242 1499 334 1530 tionc
362 1501 507 1538 Veneta,
534 1507 569 1533 et
597 1503 854 1544 Metaphraste;
880 1515 942 1536 nec

242 1549 315 1580 sine
346 1559 386 1581 ca
416 1556 550 1583 constat
576 1554 758 1593 sententia,
788 1559 824 1585 ut
860 1555 945 1586 vidit

242 1601 457 1633 acutissimus
480 1602 531 1633 vir
549 1603 582 1635 J.
616 1604 654 1634 F.
684 1603 873 1635 Gronovius
902 1605 943 1635 ad

244 1651 330 1682 Livii
368 1660 475 1683 xxm.
510 1655 561 1684 27.
607 1654 716 1684 Daris.
780 1655 943 1685 Voculam

240 1700 341 1740 hanc,
375 1701 606 1737 Librariorum
639 1704 769 1735 incuria
796 1705 828 1735 in
860 1706 942 1736 Mss.

242 1751 409 1792 omissam,
435 1763 498 1785 nec
530 1764 548 1784 a
590 1755 762 1795 Scaligcro
803 1756 944 1797 aliisque

243 1802 484 1835 Recentiorum
508 1805 734 1845 observatam,
759 1806 885 1846 optime
902 1816 943 1837 ex

242 1852 366 1884 Graeco
401 1859 436 1885 et
476 1856 570 1886 Vett.
604 1855 803 1896 quibusdam
835 1857 943 1888 Editt.

243 1902 393 1934 restituit
407 1904 580 1936 Davisius.
625 1906 733 1936 Clark.

284 1956 304 1984 9
332 1954 457 1985 Versari
472 1955 648 1996 noluerant]
671 1956 725 1987 Ita
749 1957 880 1988 omnino
897 1958 942 1988 le-

241 2003 389 2043 gendum
419 2014 507 2045 esse,
543 2005 638 2046 (non,
665 2011 702 2037 ut
726 2007 879 2047 Scaliger
908 2012 942 2039 et

241 2053 470 2086 Recentiores
485 2065 612 2098 omncS,
638 2057 778 2098 nollent‚)
793 2057 943 2089 ostendit

241 2107 312 2134 tum
326 2108 515 2145 temporum
533 2107 631 2144 ratio,
653 2107 739 2148 (jam
760 2107 849 2139 enim
863 2113 941 2138 ante

241 2154 342 2193 ejecti
360 2161 457 2187 erant
482 2167 500 2188 e
526 2158 637 2189 Gallia
661 2158 942 2199 Gerniani,)1um

240 2203 392 2245 lntcrpr.
422 2206 580 2248 Graecus,
604 2208 661 2250 qui
692 2209 808 2250 habet,
839 2208 941 2240 nPO'-

239 2258 368 2286 TEPON
399 2257 452 2288 οὐκ
479 2257 717 2298 ἠβουλήθησαν;
749 2265 819 2291 tum
855 2261 940 2291 Mss.

241 2305 391 2346 codices,
436 2308 469 2338 in
503 2309 622 2349 quibus
659 2310 814 2341 omnihus
844 2311 941 2342 unica

241 2359 372 2388 tantum
389 2364 549 2399 corrupta
564 2360 711 2400 liternla,
730 2361 866 2401 legitur,
891 2372 940 2392 vo-

239 2406 371 2437 luerant.
396 2407 493 2439 Idem.
540 2409 734 2449 Legendum
766 2412 939 2449 noluerunt,

241 2460 279 2487 ut
295 2461 389 2488 recte
414 2458 465 2489 Cl.
491 2459 647 2491 Clarkins
665 2472 673 2492 ι
698 2465 734 2492 et
749 2461 798 2492 ita
814 2461 941 2494 dudum

242 2505 425 2538 ediderant
449 2508 624 2548 Gryphius
649 2514 685 2541 et
710 2511 872 2541 Ursinus:
899 2521 940 2542 ex

242 2556 358 2588 Gallia
373 2557 462 2588 enim
486 2558 646 2590 Germani
664 2560 737 2600 jam
765 2567 862 2592 erant
885 2571 941 2593 cx-

241 2607 338 2647 pulsi.
380 2608 478 2640 Mssti
507 2611 677 2642 voluerant.
729 2612 940 2653 l’erpera1113

242 2657 292 2687 ita
316 2663 429 2690 tamen
446 2664 483 2690 nt
505 2660 668 2701 indicent,
692 2672 766 2703 quae
790 2672 871 2694 vera
897 2664 941 2694 sit

240 2707 355 2739 lcctio.
388 2710 501 2742 Daris.
546 2721 616 2742 cur.
653 2721 719 2743 sec.
764 2712 882 2745 Primo
905 2718 940 2744 ut

243 2763 335 2788 recte
353 2759 452 2791 docet
477 2760 554 2793 addi
583 2761 710 2795 debere
735 2763 941 2805 Gronovius,

1001 1403 1059 1434 sed
1075 1403 1162 1434 male
1180 1403 1278 1442 capit
1298 1411 1360 1443 pro
1376 1401 1523 1441 queuntis,
1548 1401 1632 1441 licet,
1647 1399 1704 1432 de·

1000 1458 1121 1493 ceptus
1155 1453 1286 1484 scilicet
1315 1452 1447 1492 vulgari
1477 1451 1622 1482 lectione
1648 1451 1704 1481 τοῦ

999 1504 1123 1534 nollent.
1175 1503 1217 1533 Ut
1242 1503 1316 1543 jam
1343 1502 1471 1534 hahent
1495 1512 1609 1533 omnes
1631 1501 1702 1534 fere

1001 1552 1089 1584 Edd.
1108 1558 1187 1583 ante
1204 1552 1465 1591 Scaligeranam,
1479 1552 1561 1584 item
1574 1553 1701 1584 Lovan.

1000 1608 1035 1634 ct
1071 1603 1204 1634 aneri
1231 1603 1339 1634 Codd.
1396 1603 1538 1634 Ursinus
1574 1604 1702 1643 primns

1000 1652 1087 1683 dixit
1107 1653 1140 1683 in
1167 1653 1234 1684 suis
1263 1652 1350 1684 Mss.
1381 1653 1463 1683 illud
1492 1663 1559 1684 non
1582 1654 1701 1693 videri,

1000 1703 1055 1744 qni
1074 1708 1108 1734 et
1125 1712 1271 1744 sequens
1287 1704 1400 1734 nollent
1418 1703 1578 1744 produxit
1593 1715 1600 1742 ;
1626 1714 1702 1736 cnm

1000 1759 1103 1784 antea
1129 1753 1258 1785 editum
1289 1758 1379 1784 esset
1406 1755 1587 1790 noluerunt,·
1611 1755 1701 1797 quod

1000 1808 1034 1834 et
1064 1804 1200 1845 flagitat
1227 1813 1357 1844 sensus,
1386 1809 1421 1836 et
1450 1805 1532 1836 Mss.
1564 1806 1628 1836 mei
1658 1806 1699 1837 ad

999 1864 1100 1886 unum
1119 1864 1233 1886 omnes
1249 1860 1376 1896 praeter
1390 1854 1559 1887 Andinum
1577 1862 1610 1887 ct
1624 1858 1700 1888 Sca-

992 1903 1094 1944 liger.
1123 1904 1299 1944 exhibent,
1326 1905 1389 1935 nisi
1420 1905 1508 1947 quod
1532 1916 1616 1938 unus
1640 1905 1699 1938 det

998 1956 1171 1986 noluerunt.
1219 1956 1247 1986 E
1274 1965 1424 1986 meorum
1446 1956 1538 1987 nullo
1565 1956 1700 1987 enotavi

998 2006 1169 2036 voluerant.-
1220 2015 1418 2046 quamquam
1457 2015 1624 2047 perparva
1664 2006 1698 2038 in

997 2056 1079 2087 Mss.
1097 2056 1139 2087 sit
1153 2055 1326 2087 distinctio
1344 2057 1434 2087 inter
1462 2067 1481 2086 n
1497 2062 1532 2088 et
1555 2067 1583 2089 u.

1042 2109 1080 2138 12
1104 2107 1153 2138 Ab
1169 2107 1321 2137 nonnullis
1336 2107 1441 2146 etiam,
1455 2108 1532 2147 quod
1547 2107 1578 2138 in
1593 2108 1698 2139 Gauio

997 2168 1014 2188 a
1030 2158 1268 2199 potentioribus]
1292 2158 1489 2198 Legendnm
1505 2163 1622 2190 censet
1642 2159 1696 2190 Fr.

996 2210 1247 2244 Hotomanuus,
1267 2208 1305 2238 ab
1327 2209 1479 2239 nonnullis
1493 2208 1573 2239 enim
1591 2212 1698 2248 poten-

995 2259 1133 2291 tioribus.
1159 2260 1243 2292 Quae
1258 2258 1394 2300 quidem
1409 2259 1606 2299 conjectura
1618 2259 1697 2290 mihi

996 2310 1132 2340 videtur
1144 2310 1256 2350 paullo
1270 2309 1442 2349 audacior,
1454 2309 1597 2351 (omittit
1607 2310 1696 2340 enim

995 2364 1140 2399 quatuor
1153 2360 1303 2398 voculas,
1314 2369 1388 2400 qua*
1404 2360 1435 2390 in
1447 2360 1598 2390 omnibus
1612 2360 1695 2391 Mss.

995 2409 1224 2451 comparcnt,)
1257 2420 1319 2442 nec
1351 2420 1430 2441 sanc
1459 2420 1541 2451 opus
1565 2415 1629 2451 est,
1652 2411 1694 2442 ad

996 2470 1069 2492 cam
1091 2461 1346 2503 confugiamus:
1371 2471 1447 2492 nam
1469 2461 1694 2501 repetendum

995 2511 1055 2542 ἀπὸ
1070 2513 1171 2543 κοινοῦ
1185 2513 1428 2543 sollicitarentur
1442 2512 1563 2551 Belga’,
1578 2517 1613 2543 et
1628 2522 1695 2544 om-

995 2562 1052 2592 nia
1068 2562 1215 2594 evadent
1230 2563 1332 2594 clara.
1371 2561 1481 2592 Datis.
1499 2565 1534 2592 ct
1551 2562 1657 2594 Clark.

1040 2615 1077 2644 15
1092 2612 1226 2654 Imperio
1239 2616 1340 2643 nostro
1353 2613 1509 2653 consequi]
1524 2613 1694 2654 Corrupto

995 2663 1094 2694 codd.
1108 2662 1256 2694 nonnulli
1270 2663 1301 2692 in
1312 2662 1455 2702 imperio:
1469 2662 1557 2703 quod
1569 2661 1694 2695 frustra

996 2714 1123 2745 Caesari
1136 2722 1286 2744 asserere
1311 2713 1546 2743 Hotomannns
1562 2713 1693 2746 nititur.

997 2765 1128 2805 Imperio
1144 2767 1246 2795 nostro
1263 2762 1463 2795 tantundem
1478 2768 1530 2796 est
1546 2773 1644 2806 quam
1664 2765 1691 2796 si
