1818 3131
425 227 517 257 un.
551 227 582 258 i.
615 226 724 256 CAP.
757 216 826 256 530.
860 224 924 255 DE
959 224 1113 256 nmmo
1146 224 1318 254 cuim.

140 327 224 354 vett.
242 321 339 353 editt.
364 327 399 353 et
417 322 500 353 Mss.
525 321 644 362 Cujac.
670 320 750 350 Pet.
767 319 842 349 Pal.

141 373 250 412 Bong.
261 377 295 403 ct
311 378 448 404 noster:
466 372 499 402 in
511 371 632 412 quibus
645 374 843 401 constanter

140 423 288 463 legitur:
323 432 433 463 parum
470 421 563 452 claris
590 420 723 450 materia
752 422 844 458 atque

138 473 341 503 armamentis
356 472 529 502 instructis.
557 470 632 502 Nisi
650 469 740 510 quod
757 474 843 500 vett.

140 521 282 553 edition.
311 521 447 558 liabent,
470 530 581 560 parum
610 520 731 550 clausis.
777 520 843 550 Ex-

140 571 339 613 pendamus.
387 570 446 601 Ait
465 570 593 609 Caesar,
611 570 844 601 Massilienses

139 627 242 652 naves
281 621 463 660 onerariam,
494 631 574 662 quas
606 620 849 661 deprehendis-

141 676 230 711 sent,
244 671 275 702 in
291 676 427 712 portum
442 681 537 702 suum
552 670 753 702 deduxisse:
770 670 846 701 sul)-

139 722 244 762 ditur,
266 732 371 753 earum
397 722 494 753 clauis
518 726 572 753 aut
598 722 730 752 materia
753 724 846 761 atque

139 773 340 803 armamentis
353 772 515 803 instructis
525 773 565 802 ad
579 772 713 811 reliquas
726 781 846 802 arman-

138 824 196 853 das
209 823 443 864 rtficiendasque
458 826 608 853 utuntur.-
631 822 693 853 hoc
712 827 776 859 est,
792 831 846 852 na-

140 873 230 902 vium
246 873 474 903 onerariarum
488 873 605 911 clavis,
620 872 775 911 materia,
789 872 847 902 (le-

143 922 224 952 inde
252 927 289 953 et
317 923 547 962 armamentis,
565 932 641 964 quae
672 932 773 962 super
800 923 847 952 in-

141 976 277 1003 structa
304 973 343 1003 iis
373 978 485 1012 erant,
513 983 587 1004 usos
616 973 847 1004 Massilienses

141 1022 185 1053 ad
213 1028 347 1054 veteres
370 1023 585 1054 reficiendas.
631 1024 725 1063 Ergo
750 1023 777 1053 si
802 1023 848 1053 ita

139 1082 264 1110 sumas,
276 1074 466 1104 necessario
481 1083 547 1103 vox
563 1073 726 1103 instructis
743 1071 848 1102 refer-

142 1127 199 1152 tur
223 1122 263 1151 ad
291 1127 512 1160 armamenta,
532 1131 606 1163 qnae
633 1122 777 1153 navibus
798 1122 847 1152 in-

140 1175 342 1202 struuntur:
402 1172 514 1212 qualia
547 1176 626 1202 sunt
663 1176 846 1211 tormenta,

143 1223 353 1263 scorpiones,
369 1226 472 1263 atque
488 1222 520 1253 id
539 1231 643 1263 genus
659 1222 736 1253 alia.
768 1222 845 1254 Jam

141 1281 222 1303 vero
258 1272 285 1302 si
317 1282 393 1304 cum
424 1272 526 1303 Mstis
571 1272 685 1312 legere
716 1272 846 1312 placet,

137 1331 249 1362 parum
273 1322 370 1353 clavis
395 1325 449 1352 aut
475 1322 606 1352 'nater-ia
630 1325 721 1361 atque
745 1332 847 1352 arma-

140 1372 256 1403 mentis
271 1372 447 1410 instructis,
463 1373 502 1403 ad
518 1373 652 1412 reliquas
671 1374 847 1411 armandas,

141 1424 205 1452 ἃς.
230 1422 294 1453 hoc
310 1422 409 1452 modo
426 1431 518 1452 mens
535 1422 591 1461 sit,
614 1423 846 1454 Massilienses

110 1462 120 1471 ‘
142 1481 246 1503 naves
261 1473 296 1503 in
321 1478 457 1513 portum
475 1472 665 1504 deducunt:
693 1473 751 1503 sed
769 1473 846 1512 illis,

141 1532 218 1564 qnae
237 1532 354 1563 parum
370 1523 546 1553 instructae
563 1523 680 1561 clavis,
696 1523 848 1562 materia,

142 1577 201 1604 aut
217 1573 445 1611 armamentis,
470 1573 521 1603 usi
544 1578 622 1603 sunt
645 1573 687 1604 ad
706 1579 848 1604 caeteras

141 1622 359 1663 reparandas.
409 1623 454 1654 Ut
478 1622 516 1653 τὸ
543 1623 704 1654 instructis
721 1622 848 1654 refera-

143 1677 200 1704 tur
226 1673 268 1704 ad
282 1684 404 1713 parum.
447 1674 515 1704 Sed
534 1683 633 1704 unum
651 1674 704 1705 liic
722 1673 847 1713 obstat,

143 1722 234 1764 quod
260 1723 355 1754 navis
372 1732 506 1763 semper
522 1728 575 1754 est
591 1724 757 1754 instructa
783 1723 849 1754 cla-

146 1772 209 1803 vis.
252 1773 330 1804 Jam
349 1782 430 1804 vero
445 1773 525 1814 quid
543 1773 585 1804 de
603 1774 742 1804 materie
758 1774 848 1805 dice-

143 1823 240 1854 mus?
275 1824 364 1854 Nam
382 1823 517 1854 Caesari
543 1825 686 1855 materies
710 1828 763 1854 est
789 1824 849 1865 lig-

143 1882 225 1904 num
241 1876 314 1904 toto
327 1871 400 1903 sere
414 1882 517 1913 opere
532 1882 607 1904 suo:
633 1878 667 1904 et
682 1874 848 1914 quomodo

143 1922 253 1964 possit
285 1923 379 1954 navis
408 1924 498 1964 ligno
525 1933 644 1964 parum
678 1924 849 1955 instructa

143 1983 230 2014 esse,
247 1973 311 2005 ulsi
328 1984 446 2015 parum
464 1974 644 2004 instructas
661 1974 735 2004 illas
751 1982 849 2004 voce-

141 2033 228 2064 muS,
245 2035 319 2066 quae
337 2034 379 2056 ex
397 2024 606 2056 tenuioribus
623 2025 721 2065 lignis
747 2025 848 2056 sunt?

143 2075 301 2107 Priorem
318 2079 431 2106 tamen
447 2075 640 2114 lectionem,
664 2075 743 2115 quia
769 2075 848 2105 Sca-

141 2125 250 2167 ligero
274 2131 309 2156 et
334 2126 408 2156 aliis
424 2125 568 2165 placuit,
588 2125 732 2165 rejicere
749 2124 847 2155 nolo:

144 2176 204 2207 sed
219 2177 363 2216 amplius
395 2175 674 2213 deliberandum
711 2179 850 2214 nam‚ut

146 2235 263 2258 verum
279 2226 402 2266 dicam,
419 2235 485 2257 non
508 2226 590 2258 satis
615 2225 750 2258 auribus
766 2225 848 2257 meis

145 2277 262 2317 placet
288 2277 369 2307 illud
394 2276 594 2308 armamentis
618 2277 788 2317 instructis,
814 2281 850 2308 et

144 2327 281 2358 mallem
305 2327 423 2358 abesse
448 2327 615 2367 posterius
635 2326 850 2358 vocabulum.

144 2376 348 2411 ciacconius
365 2378 413 2409 ait
427 2387 542 2409 vocem
553 2378 643 2418 juris
659 2387 746 2416 esse,
759 2377 850 2419 quod

143 2436 212 2461 non
227 2437 333 2469 nego:
360 2438 476 2460 verum
490 2429 518 2460 si
533 2429 583 2459 ita
599 2438 673 2460 eam
689 2428 745 2459 hic
762 2428 855 2459 acci»

146 2478 292 2519 pimus,
310 2479 477 2520 quomodo
500 2479 668 2519 accipitur
684 2477 720 2509 ff.
738 2478 781 2509 de
802 2478 852 2509 iu-

145 2532 268 2562 struet.
284 2535 321 2561 et
336 2530 494 2561 instrum.
510 2531 634 2571 legato,
659 2530 850 2561 necessario

145 2587 216 2610 vox
238 2579 404 2610 instructis
428 2578 574 2611 refertur
600 2579 643 2610 ad
664 2589 780 2619 earum,
799 2574 850 2609 *ut

147 2627 242 2660 dicat
270 2629 386 2661 Caesar
412 2639 515 2661 naves
551 2629 769 2660 armamentis
803 2628 852 2659 iu-

147 2681 317 2711 structas:
342 2677 460 2721 ‘atque
494 2685 575 2712 tunc
612 2681 747 2711 omniuo
774 2679 854 2710 mihi

149 2727 288 2759 videtur
316 2737 383 2761 non
412 2730 637 2771 rejiciendum
667 2739 741 2761 esse
768 2728 852 2760 illud

144 2787 276 2818 parum.-
309 2778 376 2811 imo
408 2779 671 2821 praeferendum.
717 2779 850 2811 Vossius.

1486 216 1598 257 1367

896 319 1042 350 Multum
1057 320 1110 351 liic
1127 319 1192 351 loci
1209 318 1309 350 sudat
1324 318 1486 350 Vossius:
1510 318 1597 350 haud

897 374 1009 399 tamen
1035 380 1070 400 se
1096 370 1250 410 expedit.
1275 370 1358 400 Mss.
1382 369 1499 410 Cujac.
1518 369 1598 401 Pet.

897 419 970 449 Pal.
989 420 1151 458 Bongars.
1183 426 1217 450 et
1240 421 1337 451 Voss.
1365 431 1474 459 parum
1496 420 1602 460 claris,

895 471 1040 505 materia,
1074 474 1166 509 atque
1199 470 1399 500 armamentis
1430 469 1602 503 instructis.

898 519 965 549 Ms.
992 519 1130 550 Non-vic.
1145 529 1255 559 parum
1280 521 1374 551 claris
1390 524 1444 551 aut
1461 520 1603 560 materia,

895 570 947 608 850.
972 569 1082 600 Editt.
1100 570 1195 600 Rom.
1213 570 1298 600 Ven.
1314 581 1426 610 parum
1441 571 1535 602 clavis
1546 573 1601 602 aut

896 620 1029 651 materia
1044 623 1099 650 aut
1115 621 1313 651 armamentis
1330 622 1501 652 instructis.
1545 621 1602 652 Sic

897 674 932 700 et
958 669 1119 700 Beroald.
1138 669 1198 700 nisi
1216 670 1306 711 quod
1331 670 1387 701 illa
1413 672 1526 702 clausis
1540 681 1602 712 pro

897 720 993 751 claris
1023 729 1204 761 perperam
1234 721 1406 752 exhibeat.
1453 721 1602 754 Omnino

897 770 1076 811 legendum
1091 781 1201 811 parum
1228 771 1332 811 clavis,
1352 772 1496 811 materia,
1511 776 1604 813 atque

897 823 1100 853 armamentis
1135 822 1294 861 instructi,
1322 823 1376 853 vel
1416 832 1524 863 prope
1560 823 1604 855 ad

899 877 1032 903 veteres
1058 872 1169 903 editos
1193 882 1304 912 parum
1319 873 1426 910 clai-is,
1440 875 1494 903 aut
1509 875 1604 904 mate-

898 921 947 952 ria
971 925 1024 952 aut
1055 922 1257 953 armamentis
1283 923 1440 954 instructi.
1486 922 1605 955 Arma-

899 978 1011 1002 menta
1042 977 1118 1003 sunt
1135 973 1222 1012 vela,
1251 972 1361 1012 funes,
1389 974 1604 1015 reliquusque

898 1023 1035 1053 navium
1073 1027 1267 1063 apparatus.
1327 1024 1457 1055 Noster
1486 1023 1527 1055 B.
1559 1024 1604 1055 G.

902 1075 1024 1103 nul-1.
1047 1074 1056 1089 ‘
1075 1073 1186 1105 Quum
1214 1074 1320 1104 omnis
1347 1074 1488 1105 Gallicis
1513 1073 1607 1104 navi-

900 1121 961 1153 bus
992 1132 1071 1162 spes
1098 1123 1130 1153 in
1159 1123 1241 1153 velis
1256 1125 1511 1164 armamentisque
1527 1133 1605 1155 eon-

898 1171 1059 1202 sisteret!
1117 1172 1204 1202 Vide
1242 1178 1277 1203 et
1311 1182 1360 1204 lv.
1398 1176 1451 1204 29.
1489 1173 1606 1205 Dari-s.

898 1221 1025 1253 Parum
1052 1223 1147 1254 clavis
1163 1226 1216 1254 aut
1233 1224 1364 1254 materia
1388 1228 1480 1265 atque
1505 1234 1607 1255 arma-

898 1273 1010 1303 mentis
1033 1273 1223 1313 instructis,
1240 1275 1281 1304 ad
1296 1274 1427 1314 reliquas
1442 1275 1608 1305 armandas

897 1326 1084 1353 ——utuntur.
1132 1323 1188 1354 Ita
1213 1333 1255 1354 ex
1283 1324 1365 1355 Mss.
1394 1324 1609 1356 consentien—

899 1372 990 1403 tibus
1008 1373 1153 1404 restitui.
1197 1373 1391 1414 Sensusque
1408 1374 1607 1414 perspicuus

899 1428 971 1453 est:
998 1423 1083 1455 Quae
1115 1433 1218 1454 naves
1245 1424 1350 1454 clavis
1377 1428 1437 1454 aut
1464 1424 1608 1455 materia

899 1478 1002 1514 atque
1031 1474 1248 1504 armamentis
1273 1474 1381 1504 minus
1412 1478 1528 1505 essent
1558 1474 1607 1505 in—

898 1529 1051 1563 strnctae,
1080 1525 1128 1555 eis
1154 1524 1384 1555 Massilienses
1398 1524 1441 1554 ad
1457 1524 1606 1565 reliquas

897 1575 1075 1606 armandas
1105 1575 1374 1616 reficiendasque
1404 1576 1604 1606 utebantur.

899 1626 1001 1658 Quod
1019 1626 1130 1657 edidit
1144 1626 1297 1666 Scaliger
1313 1631 1348 1656 et
1366 1625 1604 1663 RecentioreS‚

898 1685 1005 1706 earum
1049 1676 1278 1716 claris—atque
1318 1676 1517 1706 armamentis
1558 1675 1605 1706 in-

896 1726 1216 1756 structis—utuntur.-
1239 1725 1273 1756 id
1287 1725 1385 1756 valde
1401 1725 1522 1756 durum
1539 1729 1605 1765 est,

898 1779 935 1806 nt
951 1775 1042 1806 Clavi
1058 1781 1117 1807 aut
1140 1776 1283 1807 Blateria
1297 1779 1388 1816 atque
1404 1777 1608 1807 Armamenta

898 1826 1056 1857 dicantur
1080 1826 1244 1867 instfflcta,
1260 1827 1351 1867 quod
1378 1832 1453 1857 erat
1475 1826 1610 1858 scilicet

898 1875 941 1906 de
973 1876 1115 1907 Naribus
1144 1877 1225 1917 ipsis
1252 1876 1444 1907 dicendum.
1506 1876 1609 1917 Inge-

898 1926 1022 1957 niosior
1038 1932 1091 1958 est
1110 1927 1240 1957 Davisii
1265 1927 1470 1967 conjectura
1486 1927 1608 1957 Parum

898 1977 1027 2007 clacis—
1037 1977 1197 2016 instramti,
1223 1976 1436 2007 Massilienses
1461 1975 1608 2007 scilicet.

898 2026 966 2057 Sed
983 2031 1020 2057 et
1035 2026 1069 2057 id
1085 2036 1218 2067 quoque
1235 2027 1408 2066 aliquanto
1426 2026 1554 2066 durius,
1570 2030 1608 2056 ut

899 2075 964 2116 Ipsi
980 2075 1138 2107 dicantur
1162 2076 1393 2116 claris—atque
1407 2076 1610 2107 armamentis

898 2125 1067 2163 instr11cti‚·
1090 2130 1126 2157 et
1151 2135 1218 2157 vox
1245 2126 1303 2157 illa
1324 2130 1469 2167 utuntur,
1491 2136 1608 2158 casum

898 2177 1027 2208 nullum
1057 2180 1135 2217 post
1158 2186 1194 2207 se
1222 2175 1357 2207 habeat.
1405 2177 1541 2216 Sensus,
1569 2181 1610 2208 ut

899 2227 984 2267 dixi,
1013 2237 1055 2258 ex
1085 2228 1168 2259 Mss.
1194 2227 1276 2258 satis
1301 2231 1355 2258 est
1383 2228 1607 2268 perspicuus:

899 2286 1011 2318 neque
1032 2278 1101 2308 ulla
1127 2277 1263 2309 omnino
1285 2286 1370 2318 opus
1397 2282 1471 2308 erat
1495 2286 1610 2308 emen-

900 2327 1004 2359 datio.
1029 2327 1134 2359 Clark.
1174 2328 1264 2358 Dele
1277 2332 1392 2358 notam
1409 2337 1531 2367 meam,
1546 2337 1608 2368 pro

900 2387 966 2420 qua
984 2387 1126 2420 repone:
1157 2379 1282 2409 Earum
1295 2378 1390 2408 clavis
1403 2381 1459 2409 aut
1473 2378 1607 2409 materia

900 2433 990 2469 atque
1013 2429 1214 2460 armamentis
1227 2428 1388 2460 instructis
1405 2429 1446 2459 ad
1460 2428 1606 2469 reliquas.

902 2481 1046 2513 Codices
1069 2491 1183 2522 parum
1209 2481 1314 2512 claris.
1375 2481 1469 2522 Lego
1495 2481 1607 2511 harum

901 2532 995 2562 claris
1016 2535 1047 2562 et
1069 2532 1203 2563 materia
1228 2535 1322 2572 atque
1345 2531 1550 2562 armamentis
1563 2530 1610 2561 in-

899 2581 1027 2621 structi,
1050 2582 1091 2613 iis
1105 2584 1144 2613 ad
1159 2582 1293 2622 reliquas
1308 2582 1608 2612 armandas—utun-

903 2634 967 2663 tur.
991 2632 1102 2664 Davis.
1126 2642 1197 2664 cur.
1224 2642 1290 2663 sec.
1323 2632 1442 2662 Parum
1469 2639 1546 2660 cum
1563 2629 1608 2662 sit

902 2679 937 2711 in
965 2681 1050 2713 Mss.
1075 2682 1159 2714 meis
1189 2681 1358 2720 omnibus,
1385 2689 1525 2711 numero
1550 2679 1609 2712 de-

903 2740 990 2771 cem,
1019 2736 1055 2763 et
1090 2731 1177 2764 Edd.
1215 2731 1344 2772 primis,
1374 2740 1449 2771 quae
1478 2729 1608 2763 habent

902 2782 1025 2822 clausu,
1039 2782 1074 2814 id
1091 2781 1237 2823 reposui,
1247 2779 1389 2821 jubente
1403 2779 1506 2812 etiam
1520 2780 1609 2812 Gru·
