1818 3131
249 211 337 254 998

248 316 272 351 l.
288 323 344 347 ιιι.
361 319 396 346 et
412 314 514 345 Doct.
537 312 578 343 Α.
597 311 747 342 Gronov.
765 309 806 340 ad
823 309 951 342 Justini

249 373 291 397 ιι.
318 367 349 394 8.
381 367 407 393 l.
454 363 507 392 Sic
531 363 540 378 ‘
557 361 713 391 deserere
743 359 950 391 cerimonias’

250 415 327 446 val.
345 413 484 443 Maxim.
502 420 525 442 1.
545 414 573 441 l.
591 413 622 441 2.
652 410 739 441 Haec
755 420 836 441 vero
849 410 952 440 lectio

250 464 332 495 licet
348 462 561 500 admittatur,
575 469 639 491 non
667 464 776 492 tamen
801 470 884 500 opus
901 465 952 490 est

250 513 288 544 ab
318 513 371 543 vel
402 522 419 542 ιι
450 516 582 542 mutare
612 510 645 541 in
674 520 701 541 e.
747 510 953 550 l’raepositio

248 563 339 595 enim
375 562 413 592 ab
449 561 583 592 videtur
623 565 694 592 tum
724 560 953 600 corruptionis

248 612 351 644 fuisse
375 622 505 643 caussa.
550 612 700 643 Nonnulli
722 611 760 641 ub
782 611 954 641 novissimis

251 672 312 704 pro
339 673 379 694 ea·
405 672 473 693 nor.
493 662 745 693 noi-issimormn:
768 662 816 692 uti
840 662 954 692 statim

250 714 288 744 ab
318 714 490 745 norim-inus
517 714 580 743 nni.
629 713 729 753 Apud
755 713 828 743 Val.
858 713 953 743 Max.

251 772 300 795 lv,
321 768 352 795 5.
380 765 395 803 ξ
418 767 447 794 2.
496 764 559 793 l-lx.
587 763 595 779 ‘
616 772 715 792 ιιιιιιιιι
754 772 771 792 e
799 762 956 792 Lacedae-

251 813 398 851 monins
429 814 493 843 ΜΕ.
523 814 659 852 optimae.
686 818 774 843 nota·
801 813 955 843 Harlem.

251 863 355 894 habet
371 873 388 892 a
409 863 446 893 L.
486 864 532 893 Ut
557 872 673 892 vorum
698 868 810 893 tamen
836 861 956 901 fatear,

253 922 320 943 non
338 912 519 943 admodum
543 913 679 951 plut-ent
697 912 820 951 juncta
836 913 957 942 ‹teser-eo

253 963 398 993 excedere
410 963 501 1001 (nam
520 961 571 991 vel
594 962 729 992 deserere
743 961 883 1001 proelium
903 962 956 993 vel

254 1012 400 1041 excedere
421 1011 540 1050 pra-lio,
564 1011 645 1041 satis
670 1010 806 1052 fuisset)
823 1011 886 1041 nisi
904 1012 957 1042 vel

251 1061 392 1091 recedere
406 1061 510 1099 legas,
528 1060 579 1090 vel
594 1060 686 1090 aliud
704 1070 824 1092 nomen
841 1060 959 1099 addas,

253 1109 342 1149 quod
374 1108 485 1139 forsan
524 1109 721 1149 absorptum
753 1120 771 1140 a
801 1111 957 1151 sequenti

251 1169 309 1192 ac.-
332 1164 369 1190 ut
394 1158 501 1190 fuerit
529 1160 647 1190 deserto
672 1160 793 1199 proelio,
815 1162 959 1191 excedere

251 1212 330 1249 acie,
343 1222 378 1242 uc
390 1212 451 1242 tela
466 1211 573 1242 ritare.
598 1211 749 1242 Videant
765 1212 934 1242 acutiores
948 1222 956 1242 z

253 1270 330 1291 nam
359 1261 531 1301 vulgatum
561 1271 772 1302 nequaquam
803 1272 839 1293 se
877 1262 958 1293 mibi

254 1311 391 1351 probat,
406 1316 440 1341 et
456 1310 546 1341 aliud
572 1310 652 1351 quid
675 1311 797 1351 latere,
814 1321 832 1341 e.
859 1312 958 1343 Celso

255 1369 295 1390 ac
312 1360 549 1399 Metaphraste
565 1364 671 1400 patet.

299 1412 338 1439 13
356 1410 435 1440 Rem
449 1420 513 1440 esse
526 1410 557 1439 in
569 1413 701 1448 angusto
712 1409 806 1449 ridie]
826 1410 959 1450 Nempe

254 1461 328 1499 loco,
347 1460 422 1490 haec
450 1459 539 1490 enim
562 1469 626 1490 vox
655 1469 720 1490 non
747 1470 823 1490 raro
847 1460 960 1490 subin-

255 1510 431 1549 telligitur.
480 1510 570 1540 Hinc
587 1510 768 1541 emendare
789 1510 873 1541 licet
896 1510 961 1542 Pe-

256 1561 379 1591 donem
403 1560 652 1591 Albinovanum
676 1561 730 1591 Et.
758 1569 784 1591 1.
804 1563 879 1591 379.
903 1560 962 1590 ubi

255 1610 290 1641 in
323 1609 468 1643 vulgatis
500 1609 623 1647 iegitur
651 1610 659 1626 ‘
679 1610 772 1640 Nata
803 1609 892 1650 quod
924 1620 961 1640 es

257 1659 346 1697 aite,’
376 1668 451 1699 quai
484 1658 621 1698 quidem
651 1659 822 1699 scriptura
852 1663 962 1690 metro

255 1715 437 1749 repugnat.
485 1710 568 1738 Cum
586 1708 687 1748 igitur
713 1708 877 1748 Naugerii
900 1709 963 1739 Co-

255 1760 348 1790 dices
373 1758 544 1789 habebant
568 1759 654 1789 Nata
679 1760 758 1798 quod
780 1768 820 1790 ea:
843 1759 906 1790 alte
921 1768 964 1799 es,

257 1808 540 1850 quemadmodum
560 1813 731 1839 testantur
756 1808 833 1839 Nic.
857 1808 962 1839 Heiu-

258 1860 337 1898 sius‚
361 1858 541 1899 legendum
567 1859 679 1899 plane,
705 1858 794 1889 Nata
820 1859 899 1897 quod
920 1867 961 1889 ex

259 1910 328 1940 alto
344 1919 388 1947 es,
404 1918 470 1939 non
495 1918 526 1939 es
547 1909 621 1939 celse
644 1908 699 1939 vel
722 1908 839 1939 excelse
859 1918 902 1946 es,
926 1913 965 1938 ut

258 1960 315 1990 ilie
333 1958 449 1990 voiuit.
474 1958 562 1990 Vide
574 1969 620 1989 vs.
635 1961 687 1989 02.
705 1963 740 1989 et
753 1961 826 1989 349.
851 1958 963 1989 Dat-is.

259 2008 353 2039 Alibi
380 2009 388 2025 ‘
408 2009 491 2039 Erat
523 2018 575 2038 res
608 2008 642 2038 iu
673 2017 796 2047 magna
824 2006 965 2038 difficul-

259 2059 363 2090 tate:'
383 2065 420 2090 ut
437 2068 500 2090 vn.
518 2062 570 2090 35.
589 2059 629 2090 B.
645 2059 718 2090 Civ.
733 2067 789 2089 111.
803 2061 854 2090 15.
878 2058 965 2089 Vide

261 2110 397 2140 omnino
425 2110 499 2141 Cel.
530 2109 706 2140 Drakenb.
735 2108 778 2140 ad
806 2108 881 2140 Liv.
908 2116 964 2138 ιιι.

261 2166 293 2192 ὓ.
332 2164 340 2179 ‘
359 2164 471 2195 Quum
490 2163 599 2194 exitus
626 2161 714 2193 haud
739 2163 774 2193 in
801 2160 894 2193 facili
918 2170 966 2192 es-

263 2212 359 2242 sent?

308 2265 347 2293 14
371 2261 465 2294 Scuto
479 2262 516 2293 ab
536 2262 709 2293 novissimis
730 2261 785 2292 uni
807 2260 901 2291 militi
916 2261 966 2291 ‹le-

262 2311 377 2351 tructo]
419 2313 537 2343 Florus
568 2321 623 2343 ιιι.
654 2315 707 2342 10.
741 2313 750 2328 ‘
769 2310 968 2351 fugientem'

261 2367 386 2393 vocat:
429 2363 627 2402 Anonymus
660 2372 693 2402 p.
726 2364 780 2392 50.
817 2360 968 2391 ‘lentius

264 2411 507 2451 dimicantem‚’
526 2412 614 2453 quod
629 2411 820 2453 praeferam.
871 2411 956 2441 Voss.

310 2464 350 2492 18
376 2462 497 2501 nujus]
528 2462 636 2493 Codd.
660 2471 775 2492 omnes
799 2460 884 2501 fere,
910 2463 970 2491 Cu-

256 2511 322 2550 jus.
348 2513 457 2542 clm-lc.
505 2513 588 2542 mss.
617 2517 688 2543 tum
715 2513 868 2551 aliorum,
898 2518 967 2543 tum

265 2562 331 2594 mei
360 2563 401 2594 ad
427 2572 528 2594 unum
555 2573 670 2594 omnes
698 2568 733 2594 et
755 2563 842 2594 Edd.
873 2563 969 2595 Vett.

265 2614 370 2652 cnjus:
395 2614 482 2655 quod
499 2614 626 2646 idcirco
647 2614 793 2655 reposui.
838 2615 871 2646 Si
889 2615 969 2656 quid

266 2665 390 2695 mutari
407 2664 525 2704 debet,
542 2665 670 2696 rectius
686 2665 775 2696 soret
800 2666 911 2697 Ducis.

309 2715 370 2755 Spe
398 2715 504 2755 illata]
538 2716 689 2756 Coujicit
718 2717 779 2747 Vir
803 2717 969 2747 Doctissi-

267 2773 339 2795 nius
354 2765 426 2797 Jos.
446 2767 564 2797 Wasse
581 2766 616 2798 iu
631 2765 808 2798 Addeudis
832 2767 901 2798 suis
925 2767 968 2798 ad

734 215 876 247 NOTAE
908 213 1171 247 VARIORUM
1208 212 1258 244 IN

1002 308 1209 344 Saliustium,
1234 317 1266 347 p.
1283 309 1356 346 308,
1376 305 1557 348 legendum
1577 307 1708 340 innata.-

1003 360 1168 400 quomodo
1200 365 1232 390 et
1273 359 1353 389 aiibi
1385 358 1538 398 loquitur
1577 359 1705 390 Caesar.

1001 411 1068 442 Sed
1099 411 1239 451 perinde
1268 416 1329 441 est.
1359 411 1464 441 Clark.
1510 409 1577 440 Adi
1601 419 1625 441 1.
1654 413 1709 442 46.

1003 461 1126 502 passim
1150 461 1198 491 ita
1220 462 1228 477 ‘
1247 459 1374 490 inferre
1397 460 1547 498 metum:
1573 461 1581 477 ‘
1599 465 1708 492 ten-0-

1004 511 1098 550 rein‚'
1124 512 1132 528 ‘
1148 510 1433 550 desperationem·
1451 510 1539 550 apud
1558 516 1709 542 nostrum

1005 567 1038 592 et
1057 565 1213 591 unctores
1228 561 1374 599 optimos
1393 561 1556 591 occurrit.
1600 560 1708 591 Immo

1006 620 1054 641 u.
1076 613 1127 640 43.
1152 614 1159 627 ⁴
1179 620 1238 649 spe
1265 610 1492 650 consequendi
1521 609 1649 642 iulata.’
1667 610 1710 642 B.

1006 661 1078 691 siv.
1097 669 1152 690 ιιι.
1167 662 1220 690 38.
1244 661 1253 676 ‘
1272 660 1377 690 inlata
1393 660 1606 699 suspicione:

1051 713 1090 740 19
1115 711 1178 740 l'ru
1199 720 1231 740 se
1253 710 1390 750 quisque]
1420 710 1484 741 Per
1505 720 1536 740 se
1565 720 1710 751 repone·

1007 760 1066 791 bnt
1083 760 1208 790 amicus
1225 759 1359 800 quidam
1377 770 1481 790 meus.
1527 760 1594 791 Sed
1613 765 1711 792 vetus

1007 810 1132 840 locutio
1155 815 1219 848 est,
1234 820 1309 850 quae.
1328 809 1415 841 idem
1440 809 1543 849 valet,
1558 814 1596 840 nt
1613 811 1621 827 ‘
1640 810 1710 842 Pro

1008 869 1066 890 sua
1093 859 1181 890 virili
1207 859 1328 899 parte!
1376 860 1491 890 Livius
1521 869 1562 891 ιι.
1597 860 1607 877 ‘
1625 859 1711 892 Cum

1006 908 1122 939 hostes
1152 909 1323 947 adessent,
1355 919 1417 949 pro
1444 920 1479 940 se
1507 910 1650 951 quisque
1676 910 1711 941 in

1007 959 1126 990 urbem
1165 969 1207 990 ex
1245 959 1334 1000 agris
1369 959 1597 1000 demigravit.'
1655 959 1716 991 Sic

1007 1013 1123 1039 noster
1148 1009 1189 1040 B.
1207 1008 1245 1039 C.
1272 1018 1297 1039 1.
1318 1011 1372 1040 33.
1406 1010 1415 1026 ‘
1431 1009 1649 1051 Maximeque
1678 1009 1718 1042 ti-

1007 1058 1111 1089 moris
1128 1067 1247 1089 caussa
1263 1068 1324 1099 pro
1338 1069 1374 1089 se
1388 1059 1529 1100 quisque
1547 1059 1580 1090 id
1595 1068 1714 1090 munus

1007 1108 1189 1148 legationis
1218 1108 1417 1139 recusabat)
1474 1109 1603 1140 uotam.
1630 1109 1715 1141 Cum

1008 1159 1115 1189 amico
1147 1158 1353 1190 Hotomauni
1379 1159 1549 1190 sentiebat
1573 1159 1717 1191 Graecus

1008 1209 1189 1249 interpres,
1214 1209 1269 1250 qui
1295 1211 1398 1240 vertit
1424 1208 1557 1240 ἑκάστου
1571 1210 1599 1238 τ’
1619 1209 1720 1240 αὐτῶν

1009 1258 1047 1288 δι’
1065 1259 1185 1289 ἑαυτοῦ.
1231 1259 1297 1290 Sed
1325 1264 1446 1290 neuter
1468 1259 1603 1299 phrasin
1621 1259 1720 1290 intel-

1009 1308 1104 1340 lexit.
1144 1309 1255 1339 Dat-is.
1311 1310 1374 1340 Pro
1403 1319 1447 1341 se.
1505 1309 1633 1340 Merito
1663 1308 1718 1340 hie

1010 1360 1100 1390 ridet
1132 1360 1309 1399 Davisius,
1339 1364 1375 1391 et
1401 1360 1659 1391 Hotomannum
1684 1365 1720 1391 et

1011 1410 1155 1440 amicum
1178 1411 1275 1450 ejus;
1301 1420 1441 1451 quorum
1468 1410 1568 1449 aiter,
1592 1419 1650 1450 per
1675 1419 1720 1448 se,

1011 1460 1147 1499 reponit
1163 1470 1172 1497 ς
1205 1461 1292 1491 alter
1318 1459 1400 1490 illud
1413 1470 1470 1501 pro
1485 1470 1530 1500 se,
1553 1460 1722 1500 iuterpre-

1012 1514 1117 1549 tatur,
1138 1520 1196 1550 pro
1217 1520 1272 1541 sua
1294 1510 1391 1541 virili.
1420 1511 1530 1541 Clark.
1576 1509 1721 1540 Minime

1012 1560 1175 1590 Davisius
1193 1559 1284 1590 ridet
1301 1560 1569 1600 Hotomannum,
1586 1560 1642 1601 qui
1665 1569 1724 1591 ex-

1012 1609 1110 1649 ponit
1134 1620 1191 1649 pro
1213 1619 1268 1640 suu
1291 1609 1377 1640 virili
1399 1613 1515 1649 parte.-
1541 1618 1619 1640 nam
1646 1608 1720 1640 liaec

1013 1663 1256 1703 interpretatio
1274 1671 1354 1692 vera
1370 1666 1445 1698 est;
1471 1661 1531 1692 sed
1549 1660 1623 1700 ejus
1642 1659 1724 1690 ami-

1013 1723 1088 1745 cum
1112 1718 1148 1744 et
1174 1713 1334 1744 Graecum
1360 1712 1606 1751 Interpretem.
1651 1709 1724 1740 Sol-

1012 1763 1132 1794 lemuis
1163 1767 1217 1794 est
1256 1761 1400 1792 formula
1435 1770 1492 1800 pro
1521 1769 1553 1790 se
1584 1759 1722 1799 quisque,

1014 1822 1072 1843 seu
1111 1816 1274 1852 quantum
1306 1810 1448 1851 quisque
1478 1814 1605 1850 potest.
1663 1809 1719 1840 Sic

1015 1863 1172 1902 Plautus,
1198 1863 1337 1892 Terent.
1363 1860 1488 1899 Livius,
1504 1864 1540 1890 et
1564 1859 1620 1890 alii
1646 1867 1721 1889 sex·

1015 1913 1156 1944 centies.
1201 1911 1291 1942 Vide
1314 1910 1357 1942 ad
1381 1910 1486 1942 Ovid.
1505 1910 1650 1941 Metam.
1667 1918 1724 1941 ιιι.

1015 1965 1090 1993 012.

1059 2016 1100 2043 20
1125 2013 1162 2043 In
1188 2011 1336 2042 extremis
1356 2011 1420 2042 suis
1434 2010 1540 2051 rebus]
1568 2011 1608 2042 In
1625 2011 1724 2042 deest

1015 2063 1049 2094 in
1067 2062 1239 2102 plerisque
1255 2061 1447 2093 Codicibus.
1472 2062 1581 2092 Clark.
1613 2061 1725 2109 Abest

1016 2124 1098 2146 sane
1121 2124 1139 2144 a
1164 2114 1329 2153 Bongars.
1355 2115 1477 2154 primo,
1503 2114 1626 2145 Petav.
1643 2114 1726 2144 Vos-

1017 2164 1117 2195 sianis
1133 2163 1300 2202 omnibus,
1317 2164 1528 2204 Buslidiano‚
1540 2172 1574 2195 et
1589 2167 1621 2195 4.
1638 2164 1724 2203 aliis,

1017 2225 1056 2246 ac
1083 2214 1171 2246 Edd.
1198 2214 1323 2254 primm,
1347 2219 1381 2245 et
1403 2215 1574 2256 plerisque
1601 2214 1726 2246 veteri-

1018 2265 1092 2296 bus.
1137 2264 1238 2303 Vide,
1255 2274 1331 2305 quae
1348 2264 1493 2296 diximus
1510 2265 1552 2295 ad
1569 2275 1645 2305 cap.
1671 2274 1724 2305 pr.

1019 2317 1027 2333 ‘
1045 2315 1196 2355 Imperio
1226 2315 1364 2346 nostro.’
1397 2324 1436 2346 11.
1465 2318 1496 2346 4.
1533 2317 1541 2332 ‘
1560 2316 1725 2347 Extremo

1020 2365 1196 2406 tempore.’
1251 2366 1370 2397 Maiim
1402 2370 1513 2396 tamen
1544 2375 1620 2396 cum
1653 2366 1727 2397 aiiis

1020 2418 1104 2448 Mss.
1135 2416 1189 2447 hic
1217 2416 1366 2447 retinere
1400 2416 1442 2447 ad
1474 2415 1724 2456 Ampbiboliam

1020 2467 1216 2505 vitandam;
1251 2476 1327 2497 nam
1359 2471 1430 2497 tum
1457 2466 1590 2497 dativus
1618 2466 1728 2497 videi-i

1019 2523 1147 2560 posset.
1194 2517 1447 2557 Repetitionem
1473 2517 1726 2557 praepositionis

1020 2578 1040 2600 a
1081 2573 1196 2599 nostro
1227 2571 1373 2598 amatam
1404 2575 1477 2596 esse
1509 2567 1652 2597 vidimus
1683 2566 1725 2597 ad

1021 2630 1051 2651 c.
1070 2623 1122 2651 10.
1148 2619 1156 2635 ‘
1174 2619 1214 2649 In
1232 2622 1386 2648 extrema
1402 2626 1461 2656 spe
1479 2616 1606 2647 salutis’
1624 2626 1654 2648 c.
1671 2619 1726 2647 27.

1022 2669 1113 2701 Dein
1141 2669 1271 2708 optime
1299 2666 1454 2697 Leideus.
1484 2666 1610 2706 primus
1639 2676 1729 2707 cupe-

1020 2723 1102 2759 rent,
1131 2717 1220 2759 quod
1253 2717 1398 2757 reposui.
1430 2716 1472 2746 V.
1502 2726 1527 2747 1.
1555 2719 1608 2747 39.
1656 2717 1727 2747 Pro

1021 2769 1174 2802 omnibus
1199 2767 1253 2798 adi
1276 2767 1320 2798 N.
1345 2765 1464 2798 Heius.
1486 2770 1523 2797 et
1548 2767 1666 2798 Burm.
1685 2765 1728 2797 ad
