1872 3115
0 195 5 221 l

356 164 449 195 [ΑΒ.
482 164 534 193 11.
567 163 671 194 GAP.
703 154 744 192 5.
779 163 840 193 DE
876 161 1030 193 BELLO
1062 162 1291 193 GALLICO.

93 266 170 289 vm.
195 257 304 297 millia,
334 256 392 288 sed
422 256 454 287 in
482 265 515 286 v.
541 265 571 286 c.
598 260 649 286 est
672 259 786 295 septem

89 317 151 348 pro
166 312 264 339 octo:
282 307 314 337 in
327 307 392 337 Ms.
404 306 469 337 alio
486 313 590 336 xvrn.
605 305 694 346 quod
709 315 786 345 pro-

89 358 167 389 bum
210 357 392 388 secundum
437 355 549 386 Orosii
594 355 785 395 supputati-

90 416 199 438 onem.
244 407 383 438 Graecus
400 405 502 436 habet
525 398 648 445 μυρίους
669 405 719 435 καὶ
742 405 786 435 ἐν-

88 456 314 495 νακισχιλίους.
331 456 442 486 Etiam
454 455 662 495 Freculphus
676 465 784 487 xvm.

86 507 213 537 millia:
250 506 364 546 itaque
392 504 536 535 emenda
568 505 622 535 hic
653 515 783 546 quoqne

86 564 166 588 xix.
204 555 344 587 Orosius
359 555 392 585 in
408 555 598 586 universum
616 555 664 585 ait
679 555 782 587 fuisse

83 607 213 637 ducenta
228 606 385 645 octoginta
410 606 468 636 duo
493 605 614 636 mulia.-
641 615 719 636 nam
737 605 784 636 ita

83 665 126 686 ex
142 664 176 687 v.
193 665 224 686 c.
241 655 331 696 apud
355 665 432 686 eum
455 656 635 696 legendum
652 661 725 687 est:
749 657 783 686 in

82 705 228 746 vulgatis
265 711 318 737 est
347 706 434 736 male
464 714 579 737 Lxxu.
647 706 782 738 Caetera

82 755 171 795 quod
199 755 336 796 attinet,
370 762 560 797 congruunt
596 758 712 789 Caesar
746 763 782 789 et

84 805 239 845 Orosius,
278 816 352 837 nam
391 807 514 838 demtis
546 817 604 839 xv.
633 808 781 840 Atreba-

82 861 153 888 tum
169 857 330 896 millibus,
353 869 428 899 qua?
445 859 586 890 Orosius
604 861 728 901 omisit,
746 866 781 892 et

80 912 251 948 praeterea
282 909 400 948 positis
435 919 511 942 nx.
538 911 681 950 milibus,
719 922 780 952 pro

81 967 184 990 xxxx.
211 970 285 1000 quae
303 960 344 991 ab
361 960 532 993 Atuaticis
548 963 658 1000 missa,
690 963 779 994 idem

80 1019 120 1041 ac
137 1009 319 1041 Orosianus
346 1021 502 1042 numerus
529 1011 709 1052 efficietur,
732 1013 779 1043 vi-

79 1059 207 1092 delicet
230 1060 379 1091 ducenta
395 1069 534 1092 Lxxxn.
552 1063 669 1098 millia,
698 1072 780 1103 prae-

79 1114 246 1150 taquam,
268 1109 358 1151 quod
374 1119 441 1141 uno
462 1111 650 1142 millenario
667 1113 778 1143 C'aesa-

78 1159 124 1190 ris
154 1169 312 1191 numerus
338 1160 458 1200 major,
492 1170 568 1192 nam
593 1162 626 1192 in
656 1162 778 1193 Orosio

80 1218 184 1241 xvm.
209 1210 368 1243 Aduatici
397 1218 463 1251 est,
486 1212 518 1243 in
537 1212 671 1244 Caesare
687 1214 778 1245 idem

75 1261 224 1293 scribere
247 1271 311 1292 non
334 1263 452 1302 ausim,
475 1269 618 1304 propter
634 1266 780 1296 auctori-

77 1315 184 1342 tatem
201 1312 327 1351 Graeci,
351 1312 534 1354 Anonymi,
551 1319 586 1345 et
603 1315 669 1346 Ms.
687 1316 777 1346 codi-

76 1360 137 1399 cis,
161 1361 218 1402 qui
235 1371 348 1393 omnes
370 1362 598 1403 refragantur.
646 1365 778 1396 Notan-

78 1409 272 1442 dusautem
299 1412 353 1443 hic
378 1422 471 1444 error
502 1414 626 1454 Orosii,
650 1416 706 1456 qui
730 1417 778 1447 ait

76 1469 191 1492 omnes
211 1462 270 1492 hos
288 1463 431 1502 populos
448 1472 490 1494 ex
507 1465 602 1504 sylva
618 1465 651 1495 in
668 1466 778 1496 Caesa-

76 1519 147 1541 rem
162 1511 328 1551 erupisse,
339 1513 479 1554 ejusque
497 1515 685 1545 exercitum
702 1525 778 1555 pro-

76 1560 255 1600 pemodum
272 1560 435 1593 delevisse
450 1574 457 1593 ;
492 1563 582 1604 quod
603 1574 622 1594 a
639 1564 776 1596 Nerviis

76 1607 205 1640 factum
240 1610 312 1650 ipse
342 1610 433 1642 infra
468 1612 584 1644 Caesar
615 1614 776 1645 ostendit.

78 1657 273 1699 Anonymus
290 1669 372 1691 vero
404 1661 437 1690 in
463 1660 526 1692 hoc
544 1671 684 1694 numero
709 1664 776 1694 Ve-

74 1708 222 1739 locasses
260 1714 295 1739 et
333 1710 588 1742 veromanduos
637 1713 775 1744 omittit.

76 1758 173 1790 Idem.
206 1759 247 1790 In
264 1759 357 1791 Julio
372 1761 472 1792 Celso
483 1762 505 1792 l.
521 1770 562 1792 11.
577 1771 609 1802 p.
626 1765 678 1793 42.
694 1764 776 1794 scri-

74 1808 165 1840 bitur
187 1811 196 1826 ‘
215 1810 386 1842 Catuanos
413 1811 532 1843 decem
556 1822 676 1843 novem
702 1814 774 1844 mil·

72 1859 120 1890 lia
133 1859 154 1897 ;'
191 1860 266 1900 lege
295 1860 464 1891 Aduaticos
504 1862 558 1893 vel
599 1863 775 1903 Atuaticos,

73 1909 162 1950 quod
189 1910 348 1941 mendum
388 1920 406 1941 a
436 1911 575 1943 Graevio
604 1912 773 1944 sublatum

73 1968 139 1990 non
163 1969 235 1991 esse
257 1960 370 1992 miror.
416 1961 472 1992 Sic
503 1962 536 1992 in
561 1968 646 1993 vett.
675 1963 773 1995 editt.

74 2008 218 2040 Caesaris
236 2010 359 2050 legitur
379 2011 538 2051 Catmrtos,
553 2012 611 2043 sed
629 2022 671 2043 ex
689 2013 774 2045 Oro-

74 2057 123 2089 sio
163 2059 397 2090 Hotomannus
436 2066 532 2092 recte
567 2063 772 2094 emendavit.

73 2107 184 2140 Dat-is.
229 2110 380 2149 Morinos,
408 2119 494 2142 xxv,
519 2113 634 2143 nullia.-
662 2114 773 2145 Mena-

71 2157 149 2197 pios,
163 2167 214 2189 11.
227 2159 341 2190 millia:
365 2160 499 2200 Caletes,
524 2170 559 2192 x.
576 2162 691 2193 millia:
719 2164 772 2194 Ve-

73 2209 244 2241 locasseset
265 2211 498 2251 Veromundum,
523 2214 670 2245 totidem.-
694 2216 772 2246 Atu-

73 2259 181 2300 aticos,
205 2268 310 2292 xxtx.
355 2262 451 2293 Vett.
477 2264 634 2304 quaedam
661 2265 772 2298 Editt.

74 2309 255 2341 exhibent:
281 2312 435 2350 Μονὶηοε,
448 2321 508 2345 xv.
521 2314 619 2345 millia
628 2326 640 2352 ;
663 2317 773 2348 Mena—

68 2360 151 2400 pios,
174 2369 238 2392 v11.
272 2362 392 2398 millia;
421 2363 486 2403 (sic
514 2368 550 2394 et
573 2364 686 2397 Graec.
716 2367 773 2398 In-

73 2414 163 2450 terp.
181 2416 216 2442 et
234 2412 318 2443 Mss.
337 2413 421 2453 Reg.
448 2418 483 2443 et
508 2413 658 2455 Vossii:)
687 2417 774 2448 Velo-

72 2471 171 2492 cusses
192 2465 222 2492 et
251 2463 488 2503 Veromonduos,
511 2465 659 2495 totidem:
689 2467 775 2498 Cale-

73 2513 131 2550 tes,
145 2519 183 2542 vx.
200 2512 299 2543 millia
311 2523 323 2549 ;
345 2514 520 2552 Atuaticos,
537 2522 641 2545 xxrx.
656 2515 774 2553 millia;

71 2560 171 2600 (Mss.
199 2561 286 2601 Reg.
310 2562 437 2593 Eliens.
461 2568 496 2594 et
512 2564 635 2603 Yossii,
659 2571 694 2595 ct
720 2566 775 2596 ln-

73 2615 178 2651 tei-pr.
205 2611 267 2643 Gr.
291 2620 368 2643 nx.
394 2613 522 2653 millia.)
552 2614 639 2645 Utra
661 2616 774 2647 verior

79 2658 125 2690 sit
138 2659 255 2700 lectio,
277 2671 344 2693 non
360 2667 507 2694 constat.
548 2665 656 2695 Clark.
705 2666 775 2696 Nu-

74 2709 175 2742 meris
199 2710 290 2747 hisce
313 2712 488 2756 inmorari,
520 2723 644 2758 meque
661 2716 774 2748 ⁴lecto-

1455 152 1540 194 973

838 265 974 296 remque
992 255 1135 295 fatigare
1152 265 1216 286 non
1234 255 1354 287 lubuit.
1398 256 1536 287 Dixisse

837 306 1046 337 solummodo
1062 305 1220 345 sufficiat,
1244 307 1278 337 in
1301 307 1383 337 meis
1405 316 1538 348 quoque

837 356 1021 387 Codicibus
1038 357 1180 387 eandem
1200 366 1271 388 esse
1297 357 1537 396 confusionem,

836 414 936 445 quam
953 406 1015 435 viri
1033 406 1138 438 docti.
1163 407 1220 447 qui
1243 407 1276 437 in
1291 407 1537 447 Jungermanni

835 454 997 485 Editione
1016 462 1251 495 recensentur,
1276 467 1314 488 ac
1331 458 1364 488 in
1380 467 1467 495 mea,
1485 466 1536 488 re-

836 508 1013 543 pererunt,
1037 514 1099 535 nec
1123 510 1236 536 tamen
1264 508 1328 538 rite
1352 507 1537 538 conciliare

835 557 1031 592 potuerunt.
1091 554 1256 585 Aduaticis
1286 562 1397 587 tamen
1431 558 1536 588 solum

835 603 914 634 dedi
941 612 1017 634 xxx.
1041 604 1139 643 milia,
1163 610 1201 635 ut
1232 611 1326 636 recte
1353 607 1419 646 legi
1444 607 1537 638 volu-

835 660 934 685 erunt
948 655 1109 685 Brantius
1123 660 1158 686 et
1171 655 1328 693 Vossius3
1353 667 1418 687 non
1432 665 1536 689 xxix.

834 713 910 735 nam
932 704 1015 735 Mss.
1037 705 1103 735 mei
1120 709 1250 735 tantum
1267 715 1333 736 non
1350 715 1463 736 omnes
1479 707 1536 737 ha-

834 754 915 785 bent
930 755 1031 785 decem
1056 757 1086 785 et
1107 764 1223 794 notem,
1259 765 1318 786 seu
1342 757 1536 787 notendecim

834 813 934 842 xix.;
958 806 1021 836 nisi
1038 806 1128 847 quod
1145 807 1253 847 Bong.
1272 816 1340 838 sec.
1357 808 1452 839 Voss.
1470 817 1538 840 sec.

833 860 867 886 et
885 856 1018 887 Duker.
1035 857 1179 888 habeant
1194 859 1296 888 decem
1311 861 1343 889 et
1358 862 1433 889 octo.
1471 859 1537 890 Im-

832 917 886 938 mo
916 916 1031 938 omnes
1064 907 1242 939 Editiones
1278 910 1408 948 priscae,
1454 909 1536 940 item

832 958 971 988 Vascos.
997 957 1088 997 Aldi,
1121 958 1240 998 Steph.
1273 959 1415 1000 Grypliii
1445 965 1536 1000 post.

832 1016 909 1038 lux.
941 1007 1113 1039 exhibent.
1171 1009 1332 1039 Ceterum
1358 1010 1537 1041 Aduatucos

832 1057 990 1097 rescripsi
1008 1066 1026 1087 e
1045 1057 1171 1088 Codice
1189 1058 1385 1098 Cujaciano,
1408 1059 1480 1089 sive
1498 1063 1535 1089 ut

831 1106 923 1145 alibi,
946 1108 1130 1138 Atuatucos.
1178 1107 1266 1139 Vide
1283 1113 1402 1140 notata
1418 1119 1437 1139 a
1452 1109 1534 1140 viris

830 1156 940 1188 doctis
966 1162 1002 1188 et
1024 1158 1166 1189 Schotto
1183 1158 1330 1190 Observ.
1347 1167 1404 1190 111.
1422 1162 1473 1190 19.
1498 1163 1534 1190 et

830 1207 917 1238 infra
933 1217 964 1238 c.
982 1211 1034 1240 16.
1057 1218 1089 1239 v.
1108 1211 1161 1240 27.
1180 1219 1241 1249 per
1263 1210 1284 1239 d
1309 1210 1418 1240 malo:
1454 1210 1535 1250 quia

830 1258 908 1290 hinc
934 1263 1016 1290 nata
1042 1264 1096 1290 est
1121 1259 1296 1300 corruptio
1324 1261 1363 1290 ad
1396 1261 1536 1291 Vaticam

830 1317 878 1338 Vl.
896 1311 948 1339 32.
975 1314 1010 1340 et
1027 1309 1118 1349 apud
1133 1308 1343 1339 Antoninum
1361 1310 1394 1340 in
1412 1309 1532 1342 Itiner.

828 1360 968 1391 Aduaca.
1014 1360 1102 1391 Vide
1131 1370 1165 1401 p.
1194 1363 1269 1391 378.
1295 1361 1360 1391 Ed.
1394 1361 1533 1393 Wessel.

827 1408 998 1440 Aduaticos
1040 1419 1103 1450 pro
1146 1411 1299 1441 Catuacos
1337 1411 1533 1442 emendavit

829 1459 928 1490 etiam
948 1461 1072 1491 Petrus
1086 1461 1226 1492 Divaeus
1241 1461 1283 1492 de
1297 1461 1420 1493 Galliae
1433 1462 1530 1502 Belg.

827 1508 947 1549 Antiq.
965 1519 989 1540 1.
1008 1520 1041 1550 p.
1058 1513 1111 1541 28.
1145 1511 1251 1541 Antv.
1268 1513 1364 1541 1566.

871 1568 904 1590 v.
930 1562 944 1589 1
971 1560 1219 1600 Liberaliter-que
1241 1561 1381 1591 oratione
1396 1571 1535 1601 prosecu-

826 1608 890 1648 tus]
914 1610 1071 1651 Benigne
1097 1619 1154 1641 eos
1180 1611 1359 1642 allocutus.
1405 1612 1462 1643 Sic
1488 1612 1532 1644 B.

828 1659 870 1690 G.
882 1668 932 1690 tv.
946 1663 997 1690 18.
1015 1662 1024 1677 ‘
1039 1660 1171 1692 Quibus
1183 1660 1398 1701 (sicambris)
1412 1671 1530 1701 pacem

828 1715 861 1740 et
894 1711 1079 1741 amicitiam
1116 1711 1311 1751 petentibus
1341 1713 1532 1745 liberaliter

827 1760 1030 1800 respondit.’
1075 1761 1130 1792 Sic
1161 1771 1237 1792 cum
1267 1763 1359 1801 alibi,
1388 1768 1460 1794 tum
1489 1764 1530 1795 B.

828 1809 872 1840 G.
890 1818 945 1840 111.
964 1813 1038 1842 104.
1083 1811 1195 1842 Dacis.
1243 1812 1283 1842 B.
1298 1812 1342 1843 G.
1359 1822 1409 1843 lv.
1427 1816 1479 1844 19.
1496 1819 1532 1845 et

825 1860 868 1890 B.
899 1860 1000 1892 Alex.
1033 1871 1062 1892 c.
1094 1864 1146 1893 71.
1181 1862 1403 1894 ‘liberaliter
1435 1864 1531 1905 polli-

824 1910 936 1941 citus!
1548 1918 1553 1924 ⁴

868 1964 885 1991 5
913 1960 1038 1996 Quanto
1053 1961 1159 2002 opere]
1190 1963 1246 1993 Sic
1272 1964 1432 2005 rescripsi
1458 1975 1530 1997 rur-

825 2021 880 2041 sus
919 2012 1123 2043 auctoritate
1157 2013 1381 2054 Bongarsiani
1415 2016 1530 2056 primi,

824 2063 978 2094 Vossiani
1000 2064 1110 2104 pn‘mi,
1135 2065 1312 2097 Leidensis
1329 2067 1439 2107 primi,
1464 2068 1529 2099 Lo-

824 2122 900 2145 van.
924 2114 1153 2154 Egmundani,
1191 2120 1226 2146 et
1255 2116 1394 2148 aliorum
1427 2118 1528 2149 trium

824 2173 898 2193 cum
915 2164 979 2195 Ed.
995 2165 1146 2196 Incerta.
1185 2167 1226 2197 V.
1242 2166 1284 2197 ad
1311 2177 1342 2198 c.
1367 2170 1419 2198 13.
1445 2173 1481 2199 et
1497 2178 1528 2201 c.

824 2215 876 2245 38.
900 2215 909 2230 ‘
927 2223 1049 2255 magno
1076 2215 1203 2255 opere‚'
1241 2221 1279 2247 ut
1311 2218 1424 2257 paullo
1448 2224 1528 2250 ante

822 2263 876 2294 hic
891 2264 994 2295 etiam
1011 2275 1054 2296 ex
1070 2265 1168 2296 Voss.
1185 2266 1294 2306 primo
1311 2267 1460 2307 reposui.

867 2313 962 2353 Reip.
993 2316 1219 2355 communisque
1248 2316 1358 2347 salutis
1388 2317 1529 2358 intersit]

823 2364 894 2395 Pro
922 2365 998 2406 reip.
1027 2366 1061 2397 in
1087 2367 1243 2397 Vossiani
1260 2368 1359 2408 primi
1377 2370 1528 2410 margine

824 2415 989 2456 scriptum
1007 2421 1058 2447 est
1073 2426 1174 2447 manu
1191 2418 1328 2458 antiqua
1349 2419 1416 2450 Rei.
1430 2430 1527 2460 popu-

824 2465 910 2496 laris.
971 2465 1091 2497 Salutis
1126 2476 1194 2497 non
1225 2474 1412 2508 agnoscunt
1438 2470 1527 2499 Bon-

824 2524 914 2554 gars.
950 2515 1050 2556 prim.
1081 2526 1145 2547 nec
1175 2517 1353 2549 Petavian.
1401 2519 1460 2550 sed
1491 2519 1527 2550 in

824 2565 975 2606 margine
1006 2567 1115 2607 Bong.
1146 2567 1263 2608 inepte
1297 2569 1438 2599 adlitum
1474 2574 1528 2601 est

827 2614 926 2655 Reip.
941 2615 1086 2656 pritatoe.
1134 2618 1262 2648 Forsan
1288 2627 1350 2659 per
1365 2619 1458 2659 Reip.
1476 2620 1526 2650 in-

824 2665 961 2696 tellexit
990 2667 1187 2706 Romanam,
1210 2677 1272 2708 per
1297 2678 1454 2700 comune
1479 2669 1528 2700 in*-

824 2714 1100 2754 nuitRemorum
1114 2722 1252 2750 statum.
1298 2718 1387 2752 Vide
1402 2728 1461 2752 uos
1480 2721 1527 2753 ad
