1818 3131
227 206 340 254 1304

224 319 484 358 crociniomnzque
497 315 713 354 faciendomm
726 314 924 352 facultatem.

224 371 284 403 sic
297 367 459 400 latrocinia
467 366 576 405 facere
592 365 679 396 dixit
691 366 794 396 etiam
809 366 925 398 Florus

225 428 270 452 ιι.
299 422 330 449 3.
376 417 487 448 Dat-is.
533 416 682 447 Perinde
706 420 770 447 est.
817 416 925 448 Clark.

226 470 322 509 Lege
340 467 442 508 igitur
465 477 518 498 nec
537 465 608 505 jam
635 466 774 497 liberam
790 467 926 505 vagandi

224 517 547 558 latrociniorumque
575 515 804 548 faciendorum
823 515 926 553 sacud-

225 571 324 600 tatem
339 568 499 599 haberent.
543 567 686 606 Noster,
702 567 743 598 B.
757 567 796 598 C.
813 574 855 597 ιι.
874 569 925 597 ll.

227 621 237 636 ‘
253 619 331 650 Non
355 618 458 649 datur
481 617 577 648 libera
603 617 688 648 muri
718 615 927 647 defendendi

226 668 397 701 facultas:
432 668 645 708 Capitolinus
662 668 694 698 in
710 667 760 697 M.
778 665 928 696 Antonio

227 728 256 750 c.
279 722 332 750 26.
370 718 543 750 ‘Liberam
573 717 718 758 vagandi
743 718 928 756 potestatem

226 768 413 800 haberent?
467 768 553 799 Vide
585 768 629 797 sis
662 772 698 797 et
732 765 928 796 Vulcatium

228 818 442 850 Gallicanum
473 818 507 848 iu
538 816 662 848 Avidio
693 815 810 846 Cassio
839 824 870 845 c.
896 816 927 845 9.

227 868 341 901 Dacis.
366 878 438 898 cur.
467 876 535 898 sec.
579 864 735 905 Vulgatis
760 863 929 894 accedunt

226 918 319 949 And.
337 923 372 949 et
391 918 504 949 Oxou.
549 916 590 947 In
615 915 736 947 Petav.
762 915 855 946 libere
877 925 929 946 ea-

225 968 324 1005 gandz'
339 967 615 1006 latrocinandique.
651 966 693 996 In
709 966 832 997 ceteris
845 966 928 997 meis

229 1027 377 1058 quoque,
399 1018 609 1057 aliorumque
624 1026 679 1047 nec
691 1015 772 1055 jam,
793 1016 847 1046 vel
863 1018 929 1047 tam

227 1068 321 1098 libere
350 1068 497 1107 vagandi,
534 1066 823 1106 latrociniorumque
845 1066 929 1104 saci·

227 1118 373 1151 endor-um
387 1118 419 1155 s.
449 1117 604 1157 exceptis
624 1121 736 1148 tamen
751 1116 876 1156 Scalig.
891 1121 928 1148 et

229 1166 328 1198 Leid.
347 1168 476 1207 prim03
509 1166 566 1206 qui
594 1165 693 1196 unice
720 1175 813 1205 vere,
837 1165 926 1206 quod

228 1217 401 1257 rescripsi,
424 1222 459 1247 et
482 1216 631 1256 conjecit
649 1215 819 1254 Davisius,
845 1215 928 1246 (lant

228 1275 284 1298 nec
291 1268 362 1305 J'am
377 1267 506 1298 liberam
520 1267 667 1305 vagandi,
684 1266 929 1296 latrociniorum

228 1327 285 1357 que
300 1317 516 1355 faciendorum
524 1316 593 1354 fac.
611 1315 786 1346 nisi'malis
801 1315 930 1346 liberam

228 1367 393 1406 evagandi.
430 1366 542 1396 Libere
566 1364 723 1405 placebat
746 1364 931 1395 Hotoman-

230 1426 285 1456 no,
302 1421 405 1456 atque
421 1416 469 1446 ita
484 1416 525 1447 B.
543 1416 619 1446 Civ.
638 1424 662 1446 1.
676 1418 706 1446 3.
729 1414 739 1430 ‘
752 1414 859 1445 libere
875 1415 932 1446 de-

230 1464 393 1496 cernendi
409 1470 562 1504 potestas
577 1465 595 1495 :’
620 1463 679 1494 ubi
691 1467 811 1495 contra
826 1464 931 1495 Davi-

231 1514 298 1546 sius
314 1523 333 1545 e
351 1514 434 1545 Cod.
452 1514 612 1545 rescribit
626 1514 736 1545 libera.

273 1569 291 1595 5
319 1564 493 1604 Haberent]
515 1566 568 1596 Ex
592 1565 676 1596 Mss.
694 1564 781 1605 Reg.
804 1563 934 1596 Eliens.

231 1620 268 1647 et
285 1615 408 1655 Vossii‚
427 1616 561 1647 omnino
576 1615 753 1656 legendum
773 1614 932 1646 existimo

230 1665 351 1697 habere.
397 1666 447 1697 Ut
470 1667 642 1697 cohaereat
669 1674 736 1696 non
751 1675 827 1696 cum
841 1669 932 1705 putu-

230 1719 314 1754 rent,
331 1715 390 1746 sed
406 1725 480 1747 curu
497 1717 617 1747 intrare
627 1725 726 1757 posse.
760 1716 828 1747 Pro
845 1715 934 1755 agris

231 1765 377 1798 Codices
390 1766 541 1808 plerique
552 1766 812 1807 habeutfim‘buS.
825 1766 933 1797 Clark.

234 1816 362 1847 Habere
377 1817 490 1848 inveni
507 1817 539 1848 in
551 1817 621 1848 solo
639 1817 735 1848 Voss.
752 1825 819 1847 sec.
832 1816 931 1847 male.

232 1865 313 1897 Non
325 1867 415 1897 enim
426 1871 556 1897 tautum
572 1866 750 1906 putabant,
759 1875 794 1897 se
805 1865 932 1896 habere

231 1906 359 1946 nullam
378 1915 523 1955 vagandi
546 1916 760 1954 facultatem,
781 1914 840 1945 scd
865 1924 932 1945 om-

231 1965 312 1998 nino
337 1965 412 2005 jam
435 1975 500 1996 non
531 1965 711 1996 habebant.
755 1965 847 1996 Dein
864 1975 932 1995 con-

230 2015 344 2047 sistunt
368 2016 399 2046 in
415 2016 503 2055 agris
517 2020 697 2046 servarunt
713 2024 754 2045 ex
772 2014 856 2044 meis
872 2014 934 2044 soli

233 2064 324 2096 And.
351 2065 463 2096 Oxou.
486 2070 521 2096 at
549 2065 673 2105 Scalig.
697 2069 732 2095 ct
761 2064 854 2095 Leid.
881 2073 932 2104 pr.

233 2116 403 2147 consistunt
419 2117 450 2146 in
462 2116 594 2157 finibus.
640 2116 707 2146 Alii
730 2124 806 2146 cum
826 2115 933 2154 Bong.

233 2175 286 2207 pr.
304 2171 340 2197 et
356 2166 442 2197 Edd.
461 2166 660 2207 quibusdam
683 2166 715 2196 in
725 2165 847 2207 finibus
867 2175 935 2196 con-

232 2217 368 2248 sistunt.-
393 2218 424 2248 ιή
441 2217 505 2258 fin.
532 2217 720 2248 constituunt
739 2217 848 2256 Bong.
865 2225 933 2247 sec.

235 2267 337 2299 Voss.
355 2277 405 2308 pr.
420 2269 516 2308 Egm.
534 2272 569 2298 et
586 2267 739 2308 plerique
754 2276 762 2297 ι
785 2266 887 2307 infin.
901 2276 934 2297 se

233 2318 425 2350 constituunt
444 2319 553 2358 Bong.
571 2322 650 2349 tert.
669 2316 802 2347 Carrar.
819 2316 932 2348 l'alat.

235 2368 344 2399 Dorv.
362 2373 397 2399 et
421 2368 508 2399 Edd.
528 2369 625 2399 Rom.
644 2366 736 2398 Med.
753 2367 838 2398 Ven.
865 2377 933 2398 con-

234 2421 359 2450 struunt
400 2420 526 2450 Lovan.
572 2418 735 2450 consistere
765 2418 932 2458 Egmund.

235 2467 380 2507 Videtur
408 2469 487 2509 quid
515 2469 633 2500 latere.
678 2467 732 2499 An
760 2468 936 2505 consistere,

235 2527 267 2556 se
280 2520 477 2557 constituere,
491 2522 667 2550 construere
683 2518 744 2548 hoc
760 2518 833 2549 loco
847 2518 933 2558 glos-

237 2578 283 2599 ³ae
310 2573 387 2599 sunt
415 2568 553 2600 verioris
570 2568 669 2599 verbi
683 2568 853 2609 considunt,
881 2569 935 2599 vel

235 2616 458 2650 consider-unt?
488 2617 575 2649 Vide
599 2618 641 2649 ad
667 2619 793 2650 Lucan.
811 2628 845 2650 v.
858 2621 934 2650 461.

236 2670 245 2684 ‘
267 2669 404 2700 Junctis
443 2668 530 2700 vidit
570 2667 745 2700 considere
789 2667 934 2700 castris!

237 2717 347 2757 Supra
374 2727 440 2749 vn.
472 2721 523 2749 58.
587 2718 597 2733 ‘
621 2717 748 2749 Contra
797 2718 935 2750 Labieni

239 2772 350 2803 castra
364 2767 569 2800 considunt)
592 2777 621 2800 c.
641 2771 695 2799 79.
733 2771 742 2785 ⁴
761 2768 839 2799 Non
866 2769 935 2800 lon-

688 212 829 244 NO'PAE
862 213 1125 245 v-ARIORUM
1160 214 1211 244 IN

976 314 1048 354 gius
1100 324 1119 345 a
1165 313 1410 346 munitionibus
1462 314 1665 348 considunt:

976 365 1071 397 Infra
1102 376 1131 398 c.
1162 369 1216 397 36.
1259 366 1269 383 ‘
1295 366 1486 398 Considunt
1508 376 1573 397 non
1600 367 1671 398 lon-

974 416 1046 456 gius
1075 416 1118 448 ab
1156 416 1281 456 oppido
1296 416 1317 447 :'
1359 416 1417 447 ubi
1452 416 1569 448 itidem
1601 421 1672 448 tur-

977 467 1059 497 bant
1077 467 1161 497 Mss.
1179 472 1213 498 et
1228 467 1269 498 B.
1288 466 1386 499 Alex.
1402 476 1432 498 c.
1449 469 1502 498 28.
1531 468 1541 483 ⁴
1558 467 1674 499 Consi-

976 516 1076 547 derat
1102 525 1178 547 cum
1209 517 1317 557 copiis
1346 526 1404 548 rex
1432 516 1530 557 loco‚'
1565 527 1604 549 ac
1631 517 1674 550 B.

977 564 1086 596 Afric.
1115 575 1145 596 c.
1174 568 1205 597 3.
1245 565 1363 598 ‘Ante
1398 570 1532 607 portam
1570 567 1677 598 consi-

977 614 1063 645 dunt
1076 615 1098 652 ;’
1133 615 1213 645 item
1242 625 1270 646 c.
1299 618 1351 648 24.
1379 620 1433 648 65.
1472 617 1564 648 Flor.
1587 625 1626 648 ιι.
1644 619 1676 649 8.

978 665 986 680 ‘
1007 664 1074 695 Hic
1097 673 1157 695 rex
1179 663 1301 704 quibus
1318 665 1463 705 auxiliis,
1485 666 1606 707 quibus
1623 676 1677 697 co-

978 714 1041 755 piis
1064 714 1282 746 considerat!
1325 714 1381 745 Sic
1409 715 1493 746 Mss.
1521 718 1540 746 3
1563 716 1678 747 Vossi-

979 765 1056 796 ani:
1081 765 1181 805 vulgo
1195 766 1260 796 sed.
1304 764 1361 796 Sic
1387 768 1423 795 et
1445 764 1612 806 subsidere,
1632 776 1680 797 re-

977 814 1096 846 sidere.-
1133 814 1175 845 de
1205 823 1271 855 quo
1294 814 1373 845 vide
1403 813 1447 845 ad
1474 823 1539 845 vn.
1563 817 1616 846 64.
1643 819 1680 846 et

979 865 1072 896 Cort.
1103 864 1145 895 ad
1173 864 1265 896 Plin.
1291 864 1356 905 Ep.
1380 872 1435 895 ιιι.
1458 867 1488 896 l.
1521 864 1530 881 ‘
1547 863 1678 896 Iterum

980 914 1142 953 ambulat,
1177 915 1303 946 iterum
1331 914 1450 945 residit
1468 914 1489 945 :'
1525 914 1614 955 quod
1644 919 1680 946 et

977 964 1227 996 restituendum
1263 963 1410 1005 Apuleio
1449 964 1536 995 Met.
1569 973 1594 996 1.
1626 967 1678 997 14.

977 1014 1110 1047 ‘Juxta
1147 1016 1323 1056 platanum
1356 1014 1566 1047 residamus!
1623 1015 1680 1047 Sic

978 1065 1066 1096 euim
1082 1065 1165 1097 Mss.
1188 1070 1223 1096 et
1241 1065 1329 1096 Edd.
1351 1065 1448 1097 Vett.
1492 1066 1679 1106 Perperam

977 1115 1074 1146 dedit
1089 1115 1226 1146 Colvius
1240 1125 1315 1146 cum
1326 1125 1421 1157 seqq.
1437 1117 1680 1148 resideamus.-

977 1165 1169 1204 [l’ostca‘in
1193 1164 1384 1196 Aonmms
1409 1166 1586 1206 subjicit:]
1624 1167 1678 1198 Ne

977 1219 1071 1245 muta
1087 1216 1267 1246 consistunt.
1313 1217 1472 1248 Quintam
1489 1216 1604 1248 sedem
1621 1227 1679 1248 no-

980 1270 1031 1296 tat
1049 1270 1125 1305 post
1141 1275 1222 1304 roga
1237 1266 1427 1298 latrocinia.
1464 1267 1609 1298 Consule
1627 1267 1679 1298 Cl.

980 1316 1097 1346 Burin.
1115 1315 1156 1345 ad
1181 1314 1283 1346 Ovid.
1309 1317 1396 1349 Met.
1414 1326 1463 1348 xi.
1480 1320 1553 1349 407.
1573 1317 1680 1358 prosu-

979 1374 1055 1402 gum
1069 1365 1246 1395 consistere.

1025 1422 1160 1445 xxxin.
1176 1418 1196 1445 6
1221 1416 1291 1446 Non
1305 1417 1391 1446 modo
1402 1416 1588 1458 equitatum]
1602 1415 1683 1448 Pos-

981 1475 1060 1497 cere
1086 1476 1140 1496 res
1155 1467 1229 1507 ipsa
1252 1467 1400 1507 videtur,
1434 1472 1473 1498 ut
1499 1466 1681 1506 scribatur,

980 1527 1039 1548 non
1055 1518 1141 1548 modo
1161 1527 1220 1549 non
1245 1518 1436 1558 equitatum:
1472 1526 1546 1558 quae
1574 1517 1680 1557 parti-

981 1567 1058 1598 cula
1085 1567 1214 1599 librarii
1244 1568 1386 1607 incuria,
1425 1572 1483 1600 aut
1508 1567 1681 1607 imperitia

981 1617 1107 1657 potius,
1131 1618 1253 1650 omissa
1268 1618 1414 1649 videtur.
1443 1618 1574 1649 Vossius.
1599 1618 1683 1649 Vos-

982 1666 1030 1699 sio
1047 1676 1099 1698 res
1115 1667 1187 1708 ipsa
1203 1677 1344 1708 poscere
1362 1667 1497 1698 videtur
1520 1676 1579 1698 non
1595 1668 1680 1697 morlo

981 1728 1041 1749 uon
1070 1718 1254 1758 equitatum,
1290 1722 1499 1759 quapropter
1526 1717 1681 1748 ultimam

982 1768 1184 1808 particulam
1198 1774 1379 1809 negantem
1394 1767 1523 1799 librarii
1539 1767 1682 1804 incuria,

981 1826 1040 1849 aut
1066 1818 1237 1858 imperitia
1262 1818 1387 1858 potius,
1413 1817 1567 1848 omissam
1595 1816 1682 1846 arbi-

982 1872 1105 1898 tratur.
1142 1867 1256 1898 Nolim
1273 1867 1430 1907 equidem
1445 1866 1553 1897 virum
1571 1865 1682 1897 erudi·

983 1922 1053 1948 tum
1070 1917 1222 1956 incuriae,
1244 1917 1348 1947 multo
1368 1917 1475 1947 minus
1490 1916 1682 1957 imperitis»,

983 1968 1167 2010 postulare,
1191 1968 1248 1998 sed
1266 1967 1427 1998 memoria
1449 1972 1542 1998 certe
1568 1967 1680 2007 lapsus

984 2022 1056 2054 est3
1080 2018 1142 2048 hoc
1159 2018 1248 2048 enim
1266 2017 1365 2049 modo
1390 2027 1481 2056 s'aepc
1498 2017 1680 2058 loquuntur

983 2067 1104 2106 optimi
1134 2072 1303 2098 auctores.
1360 2067 1475 2098 Caesar
1502 2066 1543 2097 B.
1560 2066 1604 2097 G.
1623 2074 1681 2097 ιιι.

982 2119 1015 2148 4.
1040 2118 1048 2133 ‘
1064 2117 1142 2148 Non
1159 2117 1257 2148 modo
1274 2115 1409 2148 defesso
1435 2125 1476 2147 ex
1497 2125 1609 2158 pugna
1625 2125 1682 2147 ex-

985 2166 1141 2206 cedendi,
1161 2167 1221 2199 sed
1247 2177 1290 2199 ne
1316 2168 1428 2199 saucio
1447 2167 1584 2209 quidem
1608 2167 1682 2207 ejus

983 2218 1062 2256 loci,
1079 2217 1137 2249 ubi
1149 2218 1362 2256 constiterat,
1374 2217 1584 2258 relinquendi
1598 2233 1681 2239 --—-

983 2267 1131 2300 facultas
1145 2268 1312 2300 dabatur!
1342 2268 1456 2299 Livius
1472 2276 1495 2299 1.
1511 2269 1566 2298 40.
1582 2267 1591 2283 ‘
1604 2265 1681 2297 Non

983 2319 1083 2351 modo
1095 2319 1228 2359 civicae,
1251 2318 1311 2350 sed
1335 2328 1376 2349 ne
1400 2318 1530 2349 Italicae
1546 2315 1681 2358 quidem

983 2369 1119 2411 stirpis!
1142 2369 1198 2400 Sic
1215 2368 1316 2400 etiam
1333 2376 1440 2399 xxm.
1457 2370 1509 2398 29.
1525 2365 1677 2398 ,lustinus

983 2430 1024 2453 11.
1040 2424 1071 2453 l.
1093 2420 1102 2437 ‘
1119 2420 1175 2451 Ita
1190 2424 1227 2451 ut
1250 2428 1317 2450 non
1332 2418 1431 2450 modo
1447 2418 1562 2458 primae
1579 2424 1679 2456 genc-

984 2481 1059 2502 rare
1074 2471 1238 2509 homines,
1253 2469 1311 2501 sed
1325 2479 1366 2500 ne
1382 2468 1529 2499 advenas
1544 2464 1679 2506 quidem

982 2522 1137 2562 recipere
1159 2531 1199 2553 ac
1228 2519 1316 2552 tueri
1333 2516 1492 2560 possent!
1534 2514 1621 2545 Vide
1645 2518 1682 2545 et

982 2572 1016 2604 J.
1045 2570 1199 2602 Vossium
1228 2569 1271 2600 de
1298 2569 1492 2600 Construet.
1527 2567 1622 2596 ς.63.
1644 2573 1678 2604 p.

984 2624 1060 2653 24⁴.
1106 2621 1219 2652 Davis.
1262 2618 1349 2649 Vide
1379 2617 1474 2657 plura
1501 2615 1541 2646 ad
1569 2615 1609 2646 B.
1634 2614 1677 2645 G.

985 2681 1025 2703 11.
1043 2674 1094 2703 17.
1125 2672 1134 2687 ‘
1153 2671 1230 2702 Non
1254 2668 1352 2700 modo
1377 2667 1512 2704 intrari,
1548 2666 1606 2711 sed
1637 2674 1678 2696 ne

984 2720 1130 2764 perspici
1155 2719 1292 2761 quidem
1318 2717 1447 2760 possit.'
1495 2716 1546 2748 Cl.
1571 2716 1678 2747 Drak.

985 2771 1026 2802 ad
1043 2770 1116 2802 Liv.
1134 2779 1166 2801 v.
1183 2772 1235 2801 38.
