1818 3131
329 191 423 222 mn.
459 193 529 222 ιιι.
561 192 667 222 cAP.
699 183 767 223 14.
802 194 864 224 DE
900 196 1055 226 nmmo
1087 198 1314 231 GALL1co.

97 280 265 323 Hispania
289 285 463 324 apportari
482 284 582 324 jubet
597 283 617 321 ;'
642 289 792 323 spartum

96 331 273 371 videlicet,
296 344 359 374 quo
377 334 599 364 conficiuntur
629 332 726 363 funes
755 345 793 365 ac

96 382 269 415 rudentes.
287 385 343 424 qui
361 389 395 414 et
421 384 552 414 Graecis
576 383 658 413 ὅπλα
681 384 794 414 ‹licun-

96 435 162 462 tur.
195 433 393 472 Hesychius,
424 431 544 471 Ὅπλα,
570 434 610 464 τὰ
636 435 691 470 τῆς
723 435 794 465 νεὼς

94 481 227 518 σχοινία.
275 482 450 521 Oppianus
481 483 584 513 etiam
611 484 741 523 Cyneg.
771 493 794 515 1.

96 532 168 562 121.
197 531 279 562 ὅπλα
304 533 383 567 νηῶν
412 542 471 571 pro
498 534 712 564 armamentis
738 543 793 564 na-

96 580 183 610 vium
207 581 305 610 dixit.
352 581 496 611 Caesaris
519 583 659 613 verbum
684 593 794 614 serva-

93 628 141 659 vit
159 630 284 660 Paulus
308 630 472 669 0rosius;
500 633 557 672 qui
575 641 623 663 vr.
651 636 681 664 8.
709 634 793 664 hanc

91 678 266 710 historiam
285 680 331 710 ita
342 683 498 712 nari-atz‘
515 682 684 713 Continuo
700 692 794 715 ccxx

93 736 196 758 naves
212 738 326 759 eorum
347 735 472 768 paratae
486 736 521 762 et
535 733 622 763 omni
639 743 794 764 armorum

90 788 216 818 genere
227 780 509 820 instructissimae,
520 793 706 824 progressa>
719 795 793 825 por-

92 834 142 867 tu,
173 839 212 860 ef:
251 831 391 861 adverso
420 833 644 864 restiterunt!
680 835 791 865 Daui-s.

90 879 98 893 ‘
118 878 345 910 Armamentis
363 890 481 911 navem
496 884 650 914 armare!
667 885 705 915 B.
717 884 790 915 Civ.

91 938 116 960 1.
145 932 197 960 36.
230 936 265 960 ct
291 932 487 971 saepissime.
550 933 675 965 Amant
703 936 791 966 enim

90 980 198 1019 magis
224 986 415 1012 armamenta
436 983 564 1021 dicere,
580 995 679 1026 quam
695 996 791 1017 arma.

92 1028 194 1069 Apud
206 1030 323 1070 poetas
337 1036 450 1062 tamen
461 1042 526 1064 non
545 1044 619 1065 raro
635 1045 676 1066 eo
691 1046 790 1067 sensu

89 1089 177 1110 unna
192 1087 386 1112 occurrunt.
433 1082 501 1113 Adi
518 1084 589 1115 Cel.
614 1086 730 1117 Burm.
749 1087 791 1117 ad

91 1129 195 1161 Ovid.
222 1131 299 1162 Art.
326 1130 441 1163 Amat.
473 1141 512 1163 11.
539 1137 592 1165 50.
645 1135 732 1165 Vide
757 1140 792 1166 et

90 1179 209 1211 Davis.
226 1181 267 1210 ad
284 1181 325 1211 B.
342 1182 414 1212 Civ.
428 1190 466 1212 11.
483 1185 512 1213 4.
530 1184 538 1199 ‘
558 1184 669 1214 Naves
686 1194 790 1216 arma-

90 1230 238 1268 vorant?
250 1237 285 1261 et
302 1232 424 1271 passim
442 1232 536 1264 alios.

132 1282 152 1310 8
175 1280 284 1321 Neque
297 1281 446 1320 tribunis]
469 1283 550 1314 Mss.
566 1283 651 1324 Reg.
663 1284 788 1316 Eliens.

89 1329 258 1370 etVossii‚
271 1336 306 1362 et
319 1331 426 1362 Editt.
437 1333 531 1363 Rom.
543 1333 610 1374 [vel
627 1334 790 1375 tribunis]

90 1380 197 1411 Clark.
208 1381 290 1412 Mss.
303 1391 417 1413 omnes
430 1388 465 1413 et
476 1383 562 1414 Edd.
575 1389 652 1416 ante
664 1386 791 1416 Plauti·

90 1429 222 1461 nianam
235 1440 254 1461 a
268 1431 381 1471 Lipsio
396 1439 610 1472 procuratam
627 1435 792 1466 exhibent

89 1479 156 1510 rel.-
181 1480 270 1520 quod
299 1480 428 1511 idcirco
454 1483 598 1521 restitui,
625 1484 791 1515 immerito

91 1530 171 1561 sede
192 1540 251 1560 sua
280 1532 469 1571 expulsum.
498 1541 548 1563 iv.
564 1536 616 1564 20.
642 1535 650 1550 ‘
669 1535 791 1575 Neque

90 1571 300 1621 quem'nsum
326 1582 405 1612 belli
425 1583 600 1622 haberent,
613 1589 672 1615 aut
688 1594 791 1626 quan-

91 1637 135 1662 tae
165 1631 318 1662 nationes
349 1632 548 1672 incolerent,
580 1644 700 1675 neque,
727 1638 790 1667 ἃς.

87 1682 241 1722 reperire
264 1682 425 1722 poterat.’
467 1693 499 1713 v.
523 1687 554 1713 6.
570 1684 579 1699 ‘
599 1685 718 1724 Neque
743 1695 791 1716 re-

92 1732 232 1763 cusandi
249 1737 308 1763 aut
331 1732 539 1772 deprecandi
557 1733 698 1776 caussass
734 1735 789 1765 Sic

91 1784 180 1815 enim
198 1784 283 1815 Mss.
301 1794 329 1815 c.
348 1787 398 1814 16.
415 1786 424 1800 ⁴
440 1785 559 1825 Neque
584 1785 790 1815 consistendi

89 1839 149 1866 aut
163 1844 206 1866 ex
222 1834 348 1865 essedis
366 1833 571 1864 desiliendi?
610 1834 712 1865 Adde
725 1843 789 1865 v11.

89 1887 141 1916 64.
165 1893 246 1916 vul.
261 1887 312 1915 15.
330 1885 338 1900 ‘
361 1883 480 1923 Neque
503 1888 706 1923 pernoctare
732 1889 790 1914 aut

88 1934 214 1966 diutius
236 1933 458 1975 permanere!
479 1934 579 1973 vulgo
602 1944 708 1974 neque.
747 1935 789 1965 Β.

89 1985 165 2016 Civ.
188 1994 242 2016 ιιι.
260 1988 311 2015 15.
336 1985 344 2001 ‘
364 1985 485 2025 Neque
510 1984 658 2024 lignandi
687 1988 789 2025 atque

88 2035 246 2076 aquandi,
261 2044 370 2075 neque
388 2043 490 2065 naves
515 2034 558 2064 ad
585 2038 714 2065 terram
740 2044 790 2065 re·

88 2085 243 2125 ligandit'
261 2084 318 2115 nbi
334 2085 434 2124 vulgo
449 2084 550 2115 etiam
574 2094 676 2125 neque.
708 2085 789 2116 Cor-

89 2140 256 2174 ruperunt
278 2133 325 2164 ita
347 2134 445 2165 etiam
458 2134 560 2174 Apul.
586 2134 675 2166 1.ιιι.
694 2139 788 2176 p.50.

89 2183 155 2215 Ed.
172 2184 262 2214 Prie.
279 2184 287 2200 ‘
307 2185 427 2224 Neque
444 2189 509 2215 tuae
527 2185 713 2224 dignitatis,
725 2195 788 2217 nec

89 2233 192 2264 etiam
204 2234 367 2272 prosapiae
384 2239 517 2265 tuorum
532 2235 638 2276 ignari
651 2236 788 2267 sumus.’

91 2284 177 2316 Mss.
195 2283 282 2314 enim
298 2288 332 2313 et
351 2284 435 2314 Edd.
453 2285 546 2315 Vett.
563 2286 572 2301 ⁴
589 2286 641 2316 vel
659 2286 787 2318 etiam.’

133 2336 174 2364 10
199 2333 299 2368 Quam
335 2333 487 2363 rationem
515 2344 628 2374 pugnae
666 2335 787 2366 insiste-

89 2382 173 2423 rent]
214 2383 290 2413 Non
322 2392 462 2414 necesse
487 2389 551 2422 est,
579 2389 617 2416 ut
640 2395 714 2416 cum
745 2386 786 2417 P.

90 2431 270 2464 Ciaccouio
299 2441 512 2472 reponamus,
529 2435 538 2449 ‘
557 2443 655 2474 quam
687 2435 787 2466 ratio-

89 2490 166 2513 nem
179 2491 298 2522 pugnae
323 2481 565 2513 instituerent!
608 2483 786 2515 Terentius

89 2532 175 2564 Eun.
206 2534 287 2564 Act.
311 2541 350 2564 11.
383 2533 438 2563 Sc.
457 2535 487 2563 3.
514 2536 543 2564 3.
573 2537 581 2550 ‘
601 2534 668 2564 Ubi
697 2544 787 2575 quae-

90 2583 182 2613 ram?
203 2582 261 2614 ubi
277 2583 498 2623 invvstigem?
521 2594 619 2625 quem
645 2594 787 2624 percon-

90 2635 165 2666 ter?
187 2638 449 2677 quaminsistam
467 2635 585 2666 viam?
610 2635 730 2666 Cicero
744 2635 786 2665 dc

92 2684 191 2716 Orat.
215 2694 270 2716 111.
287 2688 340 2717 45.
355 2686 364 2702 ‘
383 2686 537 2718 Quonam
561 2685 663 2725 igitur
687 2684 786 2715 modo

90 2738 222 2766 tantum
235 2745 354 2768 munus
366 2735 579 2778 insistemus,’
594 2735 650 2767 ubi
659 2736 693 2767 iu
705 2746 786 2768 non-

1431 191 1543 234 1021

845 287 942 317 nullis
960 287 1064 320 codd.
1083 290 1206 329 legitur
1220 290 1424 322 instituemus.
1471 293 1540 323 Sed

844 341 895 365 est
921 337 1106 369 Glossema.
1132 339 1241 370 Daris.
1283 340 1440 382 Plerique
1459 342 1542 374 Mas.

844 389 879 414 et
914 385 996 416 itud.
1032 388 1124 419 vett.
1153 391 1242 429 ‘qua
1273 392 1424 422 ratione:
1477 393 1544 424 Sed

845 439 972 473 praeter
997 436 1078 466 alios
1107 444 1141 468 (et
1174 440 1235 469 Ed.
1268 441 1429 481 stephan.
1457 442 1542 474 bene

844 489 999 523 quartum
1016 494 1129 517 casum
1154 497 1290 520 servant
1307 493 1468 532 Bongars.
1482 493 1546 524 Pe-

845 536 910 563 tav.
939 533 1104 573 Egmund.
1129 536 1281 569 Vossian.
1312 542 1409 579 prim.
1443 547 1543 583 atque

844 582 892 611 ita
906 583 988 613 Mss.
1007 583 1142 623 quidam
1155 587 1390 625 apndTerent.
1408 590 1543 623 Phorm.

845 639 869 660 1.
888 633 937 661 14.
955 634 1004 662 15.
1022 634 1030 649 ‘
1047 643 1112 673 qua
1128 644 1281 674 quaerere
1303 638 1451 670 insistam
1470 641 1546 673 via.'

843 679 946 720 Apul.
983 682 1003 712 l.
1019 691 1074 713 111.
1100 684 1174 714 init.
1211 686 1219 700 ‘
1239 685 1468 727 Angiportum
1496 691 1545 721 in-

843 730 1014 762 sistimus!
1052 733 1178 763 Locum
1195 735 1349 766 Terentii
1369 746 1410 766 ex
1433 739 1545 770 Eunu-

843 781 905 811 cho
923 782 995 821 ipse
1020 783 1232 822 ciacconius,
1247 785 1397 827 aliosque
1411 798 1452 817 ex
1468 789 1544 819 Vir-

843 830 922 870 gilio
940 832 1084 863 adduxit
1103 834 1275 866 Brantius.
1310 837 1354 866 Et
1371 837 1486 868 Lamb.
1502 839 1544 869 ad

844 882 980 913 Lucret.
1006 891 1030 912 1.
1055 886 1128 913 407.
1146 886 1154 900 ‘
1173 884 1379 918 Institernnt
1404 889 1546 929 vestigia

843 936 939 962 certa
975 932 1074 962 via‘i:’
1100 933 1142 964 de
1172 935 1276 966 verbo
1306 936 1463 968 insistere
1489 939 1544 969 adi

843 980 947 1010 etiam
964 981 1035 1012 Cel.
1054 982 1169 1014 Burm.
1194 983 1235 1013 ad
1258 985 1398 1015 Sueton.
1424 987 1546 1018 Vitell.

843 1039 872 1060 c.
889 1032 920 1061 2.
945 1031 953 1047 ‘
972 1030 1134 1062 Insistere
1152 1032 1160 1045 '
1186 1038 1299 1064 autem
1323 1039 1358 1065 et
1382 1039 1389 1052 ‘
1408 1036 1544 1067 institu—

842 1080 922 1110 ere’
945 1081 1069 1121 saepius
1094 1089 1349 1123 permutantur:
1395 1086 1471 1117 vide
1501 1088 1544 1118 ad

843 1138 871 1160 c.
887 1131 939 1160 23.
984 1131 1029 1161 Et
1045 1131 1094 1162 sic
1112 1131 1225 1163 Plaut.
1244 1133 1277 1164 in
1304 1134 1418 1165 Sticho
1441 1144 1498 1166 ιιι.
1513 1140 1543 1168 1.

841 1182 894 1211 20.
906 1181 915 1197 ‘
927 1181 954 1211 si
970 1181 1054 1213 hanc
1067 1183 1232 1214 rationem
1250 1185 1422 1217 instituis!
1449 1185 1546 1217 Infra

841 1239 889 1261 v1.
920 1233 950 1261 9.
981 1231 1162 1263 ‘instituta
1190 1235 1345 1266 ratione.'
1391 1235 1543 1267 Verbum

841 1290 921 1312 vero
945 1281 1088 1314 insistere
1117 1283 1253 1314 videtur
1287 1285 1320 1315 in
1349 1295 1384 1316 se
1416 1287 1543 1318 habere

840 1330 1122 1371 significationem
1137 1333 1278 1374 ardoris,
1304 1335 1422 1375 studii,
1440 1337 1544 1367 maxi-

843 1390 975 1421 maeque
1000 1382 1197 1413 intentionis
1211 1384 1251 1414 ad
1270 1393 1343 1415 eam
1359 1395 1428 1416 rem
1445 1395 1544 1426 quam

840 1438 942 1469 agere
967 1430 1186 1462 instituimus.
1219 1433 1276 1463 Sic
1300 1443 1346 1464 vr.
1364 1437 1396 1464 5.
1413 1434 1422 1451 ‘
1439 1435 1543 1465 Totus

842 1483 876 1508 et
899 1484 1013 1510 mente
1031 1485 1066 1510 et
1080 1482 1190 1512 animo
1207 1481 1238 1511 in
1255 1482 1381 1513 bellum
1404 1482 1544 1515 Ambio-

842 1529 922 1569 rigis
933 1530 1078 1562 insistit.’
1090 1532 1203 1563 Plaut.
1215 1533 1287 1563 Mil.
1304 1534 1400 1564 Glor.
1415 1543 1456 1565 11.
1469 1537 1500 1566 4.
1512 1537 1542 1566 4.

842 1580 850 1594 ‘
866 1578 942 1619 Age
974 1581 1044 1620 jam
1076 1590 1165 1612 nnnc
1203 1582 1322 1613 insiste
1354 1582 1386 1612 in
1425 1583 1545 1616 dolos.'

840 1628 962 1667 Virgil.
977 1628 1053 1660 AEn.
1067 1639 1116 1661 ιν.
1130 1631 1220 1661 533.ι
1235 1631 1291 1662 Sic
1307 1632 1391 1663 adeo
1404 1632 1543 1674 insistit,

841 1686 1022 1718 secumque
1054 1679 1103 1710 ita
1143 1680 1246 1711 corde
1278 1683 1446 1713 volutatz’
1484 1684 1543 1714 ubi

842 1726 1004 1757 videndus
1021 1728 1158 1759 Servius
1185 1739 1204 1760 e
1221 1731 1344 1761 Plauto
1368 1731 1541 1763 adducens

840 1776 849 1792 ‘
869 1776 968 1807 Hunc
994 1787 1179 1809 sermonem
1211 1780 1340 1811 institi.'
1387 1782 1542 1813 Studium

840 1827 888 1856 rei
903 1831 1002 1858 notat
1015 1828 1116 1858 etiam
1133 1829 1166 1859 in
1182 1830 1313 1862 Velleio
1330 1840 1352 1862 ι.
1368 1835 1418 1863 17.
1435 1832 1443 1848 ‘
1458 1837 1540 1864 tem·

840 1888 1026 1919 porumque
1043 1879 1206 1911 institerit
1219 1881 1330 1913 notis.'
1374 1883 1450 1915 Quo
1467 1893 1541 1914 sen-

840 1939 877 1959 su
910 1930 986 1970 capi
1011 1935 1128 1970 posset
1154 1931 1257 1962 etiam
1282 1931 1385 1972 Apul.
1411 1934 1496 1965 Met.
1516 1935 1539 1965 l.

843 1987 877 2010 x.
895 1989 927 2019 p.
947 1982 1018 2010 186.
1036 1980 1100 2011 Ed.
1119 1981 1212 2012 Prie.
1231 1983 1239 1998 ‘
1258 1982 1423 2014 Insistens
1441 1983 1540 2023 jube-

843 2029 933 2060 bat?
960 2040 1162 2070 quamquam
1190 2038 1225 2062 et
1253 2032 1455 2073 simpliciter
1478 2044 1539 2074 pro

841 2080 1008 2111 consistens
1022 2080 1068 2111 ibi
1083 2091 1150 2111 non
1166 2081 1302 2112 damno.
1344 2083 1433 2114 Vide
1456 2084 1540 2114 Mis-

841 2131 915 2160 cell.
932 2130 1014 2163 Obs.
1031 2131 1071 2162 T.
1088 2140 1143 2162 ιιι.
1171 2132 1248 2162 Vol.
1263 2135 1293 2162 2.
1313 2142 1346 2173 p.
1364 2135 1437 2164 397.

884 2184 921 2212 ll
948 2181 1078 2219 Noccrz']
1115 2182 1196 2213 Mss.
1227 2188 1263 2213 et
1296 2182 1404 2214 Editt.
1441 2184 1538 2216 vett.

838 2241 953 2263 nocere.
1001 2232 1100 2263 Quod
1123 2233 1250 2262 rectius
1273 2238 1336 2262 est.
1382 2233 1538 2273 Graecus‚

838 2281 882 2319 μὴ
907 2281 1052 2313 δύνασθαι
1074 2283 1156 2321 σφᾶς
1167 2281 1238 2313 τοὺς
1268 2281 1406 2313 Γάλλους
1420 2287 1539 2314 ΒΛΑΠ·

837 2336 939 2363 ΤΕΙΝ.
974 2333 1080 2363 Clark.
1127 2334 1244 2364 Nocere
1271 2339 1324 2364 est
1343 2343 1477 2374 quoque
1502 2334 1536 2364 in

839 2384 964 2414 Lovan.
989 2393 1064 2414 cnm
1089 2384 1199 2414 tribus
1224 2383 1307 2421 aliis,
1338 2383 1396 2413 sed
1421 2393 1537 2415 recen·

838 2433 995 2465 tissnmis:
1022 2443 1125 2474 quare
1152 2434 1306 2473 alterum,
1329 2436 1448 2473 utpote
1465 2442 1537 2464 rec·

837 2487 921 2520 tum,
936 2484 1010 2514 loeo
1024 2493 1150 2514 moveri
1167 2484 1279 2514 nolim.

881 2536 920 2564 12
946 2533 1077 2565 Tantum
1100 2533 1218 2573 tamen]
1257 2533 1409 2564 Priorem
1432 2542 1535 2564 vocu-

837 2582 902 2612 lam
928 2583 1042 2614 addidi
1068 2593 1109 2614 ex
1137 2584 1234 2614 editt.
1260 2584 1355 2614 Rom.
1380 2587 1414 2612 et
1427 2583 1532 2613 Ven.:

837 2642 911 2664 cum
941 2633 974 2663 in
1005 2634 1078 2665 aliis
1114 2643 1290 2674 perperam
1330 2633 1532 2670 omittatnr3

837 2682 925 2723 quod
949 2682 1087 2724 factum,
1109 2689 1147 2715 ut
1169 2685 1300 2724 opinor,
1317 2693 1357 2713 ex
1381 2681 1533 2712 similitu-

837 2732 927 2774 dine,
953 2743 1027 2776 quae
1053 2734 1144 2766 iuter
1166 2735 1251 2765 hanc
1275 2738 1310 2764 ct
1334 2736 1531 2773 sequentem
