1818 3131
255 234 367 277 1170

254 348 344 378 quam
368 341 419 368 est
443 336 477 367 in
502 336 599 368 Gott.
616 335 713 369 Voss.
738 340 816 368 tert.
839 341 875 369 et
892 336 955 368 Ed.

256 387 406 418 Incerta.

299 440 338 468 12
364 436 468 468 Gallis
484 441 587 469 autem
600 435 829 478 propinquitas]
874 438 955 469 Nul-

255 487 306 518 lus
327 495 442 518 sensus
466 493 518 519 est
534 499 541 519 :
574 488 685 520 insere
702 497 818 519 vocem
833 488 956 528 prm-in-

253 537 322 568 ciae.
369 536 407 568 Iu
424 537 491 568 Ms.
508 542 624 569 nostro
651 538 795 579 (reperit
811 538 898 568 idem
923 538 956 568 iu

254 597 315 619 suo
331 588 547 629 ciacconius)
569 594 621 620 est
635 589 872 629 provinciaram,
888 597 956 618 cor-

254 642 378 678 rupte:
411 643 447 670 et
473 639 657 670 rectissime
680 639 714 670 in
739 639 862 670 Graeco
884 639 956 669 ltaec

256 687 362 719 verba
378 688 536 728 leguntur
550 688 570 726 ἦ
583 688 640 727 μὲν
661 690 718 726 τῆς
731 690 793 719 τῶν
807 688 959 726 Ῥωμαίων

255 738 405 779 ἐπαρχίας
419 739 609 778 πλησιότης;
635 741 750 782 itaque
762 740 870 771 scribe
884 740 960 770 Gal-

254 789 297 820 lis
307 793 411 821 autem
424 792 590 831 prot-incioe
602 791 827 832 propinquitas.
871 791 901 821 N
906 800 959 821 am

255 839 322 870 duo
334 840 448 871 Cmsar
463 841 557 881 dicit,
569 841 684 872 Gallos
697 839 960 872 effeminatior-es

256 888 371 929 fuisse,
389 891 512 930 partim
531 891 608 932 qnia
625 891 802 932 propiores
825 890 960 930 provin-

256 939 330 976 ciae,
360 940 453 980 cujus
484 941 612 972 cultum
647 944 683 972 et
716 941 960 971 humanitatem

256 989 421 1029 paulatim
431 991 615 1023 hauserant
630 1003 638 1023 :
657 992 783 1032 partim
796 992 839 1022 ob
855 997 961 1023 trans-

255 1039 462 1071 marinarum
493 1050 604 1072 rerum
636 1042 804 1080 notitiam,
834 1042 867 1073 id
897 1046 962 1081 est,

257 1089 336 1130 quia
353 1091 598 1122 mercatoribus
614 1091 656 1122 ad
674 1101 732 1122 eos
748 1092 859 1123 aditus
876 1097 963 1131 erat,

257 1142 294 1169 et
320 1139 404 1170 tales
435 1141 635 1182 plerumque
663 1141 863 1182 important,
885 1152 961 1183 qua>

257 1188 301 1219 ad
335 1188 577 1222 effeminandos
612 1192 739 1222 animos
775 1192 959 1232 pertinent.

262 1239 393 1271 ls'ossius.
418 1240 605 1273 Prorincioe.
633 1242 785 1282 Scaliger
799 1247 834 1273 ct
849 1251 963 1273 recen-

259 1289 362 1320 tiores
391 1289 477 1321 hanc
510 1300 627 1322 vocem
658 1291 864 1322 omiserunt:
903 1292 961 1322 sed

257 1339 392 1371 omnino
407 1340 449 1370 ad
466 1341 669 1372 sententiam
683 1351 766 1381 opus
780 1346 843 1372 est.
877 1342 961 1372 Mss.

256 1389 385 1420 habent
401 1390 649 1421 Provinciarum.
697 1391 839 1422 Graecus
856 1395 962 1431 recte,

255 1439 313 1474 τῆς
347 1440 409 1469 τῶν
444 1439 596 1478 Ῥωμαίων
633 1440 791 1481 ἐπαρχίας.
852 1441 960 1472 Clark.

257 1488 338 1519 Non
361 1492 491 1520 tantum
506 1490 671 1531 Scaliger,
686 1490 745 1521 sed
762 1491 848 1521 Ven.
866 1494 960 1522 1517.

257 1538 363 1570 Basil.
381 1538 460 1570 Ald.
478 1540 630 1572 Plantin.
659 1541 785 1582 aliique
812 1551 878 1572 non
906 1551 962 1581 ag-

258 1594 403 1619 noscunt
419 1598 534 1620 vocem
549 1591 717 1629 prorinciae
730 1603 740 1622 .-
770 1601 868 1632 qnam
885 1602 960 1623 cum

259 1639 439 1670 Ciacconio
476 1645 511 1671 et
547 1640 765 1672 Hotomanno
801 1641 961 1672 exhibent

258 1689 395 1720 Vascos.
410 1690 529 1721 strada
544 1696 578 1721 et
595 1692 634 1722 R.
647 1692 850 1732 Stephanus.
875 1692 961 1722 vide

259 1739 301 1769 ad
327 1748 350 1770 1.
379 1742 407 1770 1.
432 1743 441 1756 ⁶
460 1738 490 1770 A
507 1740 601 1771 cultu
626 1745 729 1782 atque
753 1741 962 1772 humanitate

258 1790 442 1830 provinciae
461 1791 653 1831 longissime
669 1792 826 1823 absuntz'
861 1797 896 1823 et
919 1792 961 1823 ad

261 1849 324 1871 vu.
342 1844 395 1871 55.
411 1843 464 1874 65.
510 1840 623 1882 Atque
641 1843 688 1872 ita
705 1843 796 1873 clare
810 1847 961 1873 remanet

260 1900 279 1920 a
296 1891 404 1930 prima
421 1900 520 1921 manu
548 1892 580 1921 in
606 1892 806 1922 Duker-iano
825 1893 961 1924 Codice.

259 1942 384 1973 Verum
403 1952 478 1973 cum
496 1942 527 1972 iu
545 1943 626 1974 Mss.
641 1943 796 1983 aliorum,
812 1945 960 1985 meisque

259 1992 398 2032 reliquis
423 1991 578 2023 omuibus
604 1998 639 2024 et
665 1994 752 2024 Edd.
780 1995 894 2034 primis
918 1996 962 2027 sit

258 2042 499 2082 provinciarum,
526 2043 580 2073 xix
608 2043 737 2081 dubito,
755 2045 832 2085 quin
851 2049 960 2076 ortum

260 2093 293 2124 id
311 2094 354 2124 sit
370 2103 411 2124 ex
429 2095 630 2134 compendio
649 2095 842 2134 scripturae,
860 2100 895 2126 et
912 2105 962 2126 re-

260 2143 435 2175 tinendum
451 2145 617 2184 proriae-ier
634 2149 756 2176 nostroe.
803 2146 858 2176 Sic
873 2147 961 2177 enim

263 2203 286 2225 Ι.
304 2198 334 2226 2.
353 2200 388 2225 et
404 2199 434 2226 ὃ.
450 2201 552 2236 atque
567 2196 644 2225 alibi
661 2195 824 2236 loquitur,
837 2201 872 2226 et
885 2196 961 2227 ideo

259 2247 322 2276 τῶν
347 2245 498 2284 Ῥωμαίων
529 2246 660 2276 addidit
688 2247 959 2286 Metaphrastes:

261 2296 324 2326 nisi
342 2306 402 2337 per
416 2297 592 2337 prot-incias
612 2297 801 2337 intelligere
818 2298 913 2327 malis
926 2303 962 2329 et

261 2347 343 2377 alias
374 2349 525 2386 regiones
558 2358 577 2378 a
605 2348 760 2378 Romanis
791 2347 961 2380 subactas,

261 2397 324 2426 Vel
347 2397 495 2438 denique
522 2408 562 2428 ex
584 2398 810 2437 provinciarum
837 2398 961 2439 rolinge

257 2448 424 2487 proriucioe
450 2449 532 2485 dum,
557 2454 591 2478 et
619 2454 693 2488 post
711 2449 857 2487 largitur,
876 2459 961 2489 poue

261 2496 424 2527 minorem
456 2497 706 2528 distinctionem
722 2510 728 2528 :
769 2509 834 2539 quo
866 2500 961 2530 simul

261 2546 471 2577 medebimur
488 2548 648 2578 orationis
665 2549 781 2580 hiatui.
823 2550 865 2580 Et
882 2560 961 2580 sane

261 2596 295 2627 in
319 2598 503 2628 Oxonieusi
520 2605 678 2629 exaratur
696 2599 763 2630 sic:
804 2601 844 2631 (ι’.
861 2604 961 2631 autem

261 2648 533 2687 qrproriucuirum
548 2659 636 2688 prop.
677 2649 962 2682 Aimoiuusliabct

262 2697 315 2737 qui
331 2702 407 2728 ante
422 2699 593 2736 paullatim.

309 2750 346 2777 13
371 2748 558 2789 Paullatim]
601 2750 768 2781 Quoniam
787 2751 858 2781 ha‘c
884 2761 963 2782 nou-

265 2797 346 2828 nibil
371 2797 483 2829 hiulca
510 2798 645 2831 videtur
665 2800 793 2840 oratio;
817 2802 961 2842 conjice·

718 242 860 274 NOTAE
893 241 1158 275 VARIORUM
1191 244 1242 274 IN

1007 346 1076 368 rem
1095 336 1287 377 legendum,
1305 336 1548 378 Paulatimque.
1579 336 1687 372 Clark.

1050 395 1135 417 xxv.
1153 390 1172 417 2
1197 387 1346 418 Latitudo
1362 396 1401 417 tx
1416 386 1553 428 dierum]
1602 387 1710 420 Dubi-

1007 441 1059 467 tat
1078 437 1292 476 Ciacconius,
1304 448 1343 467 au
1361 438 1477 477 reponi
1495 437 1621 469 debeat
1635 437 1711 470 lati-

1010 486 1091 517 tudo
1123 495 1180 518 Lx.
1211 489 1345 526 dierum,
1372 490 1448 529 quia
1479 489 1594 520 Caesar
1621 487 1710 522 infra

1008 537 1069 575 ait,
1093 539 1102 554 ⁶
1118 538 1239 578 Neque
1256 539 1432 580 quisquam
1448 545 1499 570 cst
1516 539 1613 579 liujus
1628 538 1713 570 Ger-

1009 586 1141 625 mauiae,
1165 587 1221 627 qui
1245 597 1280 618 se
1298 588 1406 620 adisse
1424 589 1466 620 ad
1483 589 1614 619 initium
1639 589 1712 629 ejus

1010 637 1104 667 silvae
1140 636 1245 677 dicat,
1275 648 1375 679 quum
1406 640 1536 671 dierum
1567 640 1634 670 iter
1665 647 1712 671 Lx

1010 688 1230 728 processerit,
1246 693 1317 727 aut,
1341 699 1407 730 quo
1423 699 1466 720 ex
1482 691 1558 721 loco
1573 690 1714 729 oriatur,

1010 738 1207 778 acceperit.'
1252 740 1318 770 Sed
1342 740 1412 772 illic
1434 740 1634 780 intelligitur
1659 741 1714 771 sil-

1011 798 1061 820 vae
1078 788 1269 829 longitudo,
1289 792 1325 821 ut
1341 789 1449 821 cuivis
1465 789 1613 821 obvium.
1646 789 1714 821 Da-

1011 838 1069 869 tis.

1055 889 1126 920 Non
1143 891 1223 920 enim
1239 890 1432 932 aliterfiuiri
1446 889 1561 931 potest]
1605 890 1714 923 Finire

1011 938 1065 969 liic
1083 938 1305 971 insolentiore
1329 940 1521 982 significatu
1543 946 1597 972 est
1619 942 1714 973 ‹time-

1012 987 1069 1018 tiri
1099 997 1156 1019 seu
1185 990 1331 1029 spatium
1361 998 1381 1020 a
1408 989 1531 1021 finibus
1557 989 1600 1021 ad
1631 989 1715 1023 fines

1013 1047 1232 1078 cognoscere.
1274 1040 1408 1071 Vossius.
1465 1040 1576 1081 Supra
1603 1050 1633 1072 c.
1661 1044 1714 1072 18.

1013 1089 1023 1105 ⁴
1040 1088 1149 1128 spatia
1188 1090 1350 1130 temporis
1388 1100 1527 1122 numero
1562 1091 1715 1123 noctium

1013 1137 1159 1170 finiunt.'
1214 1139 1314 1171 Adde
1344 1150 1426 1181 quos
1451 1141 1568 1172 laudat
1595 1141 1714 1174 Celeb.

1014 1188 1131 1220 Burni.
1150 1189 1191 1220 ad
1207 1190 1298 1221 vell.
1326 1200 1349 1222 1.
1379 1194 1431 1222 10.
1455 1192 1463 1208 ‘
1478 1190 1574 1222 finito
1601 1201 1714 1223 arenae

1013 1237 1165 1269 cit·culo.’
1189 1240 1261 1271 Liv.
1284 1249 1396 1271 xxxv.
1423 1244 1451 1272 7.
1475 1242 1598 1273 ‘Diem
1625 1242 1715 1274 finiri

1013 1287 1140 1327 placuit
1155 1289 1176 1318 :’
1200 1289 1256 1321 ubi
1274 1290 1350 1321 vide
1369 1291 1519 1322 Gronov.

1055 1340 1074 1368 4
1099 1339 1279 1380 Nemetum]
1325 1341 1397 1372 Hos
1423 1342 1573 1373 nominat
1596 1346 1715 1374 auctor

1013 1397 1146 1428 quoque
1163 1398 1187 1420 ι.
1213 1393 1266 1421 51.
1289 1390 1357 1421 Sed
1382 1392 1460 1432 quia
1475 1392 1525 1422 illi
1542 1392 1618 1423 hinc
1644 1392 1713 1424 lon-

1014 1438 1085 1477 gius
1117 1439 1280 1479 disjuncti
1315 1447 1406 1481 sunt,
1443 1441 1623 1473 Rhenanus
1652 1442 1715 1474 hoc

1012 1488 1087 1519 loco
1111 1490 1259 1521 malebat
1280 1491 1440 1531 Venetam,
1463 1496 1501 1523 ut
1524 1493 1718 1533 intelligan-

1015 1542 1069 1568 tur
1096 1539 1226 1571 thetiae
1256 1542 1391 1581 populi:
1430 1547 1465 1573 at
1493 1543 1572 1584 quia
1599 1544 1715 1574 Caesar

1013 1597 1178 1629 nusquam
1201 1591 1309 1622 Veneti
1325 1592 1409 1622 lacus
1424 1592 1565 1634 ejusque
1583 1594 1715 1625 accola-

1013 1648 1086 1668 rum
1110 1641 1276 1679 meminit,
1300 1642 1356 1672 alii
1374 1642 1542 1673 Raetorum
1565 1643 1715 1682 tnalunt3

1016 1688 1207 1720 Glareanus
1225 1699 1305 1722 vero
1329 1692 1520 1731 AEtuatium,
1537 1696 1573 1723 ut
1597 1701 1644 1723 ιν.
1662 1696 1714 1724 10.

1015 1749 1075 1779 pro
1094 1741 1314 1773 Nantuatium.
1359 1742 1394 1773 Si
1413 1743 1491 1784 quid
1505 1743 1715 1783 mutandum,

1013 1790 1094 1820 mihi
1108 1801 1184 1821 cum
1199 1791 1397 1823 Rheilicano
1415 1794 1559 1825 Venetam
1570 1795 1716 1826 maxime

1015 1841 1185 1879 placeret:
1211 1852 1277 1882 quo
1296 1843 1424 1874 ducunt
1449 1845 1553 1874 etiam
1578 1845 1716 1884 quidam

1015 1890 1174 1920 Codices:
1200 1901 1274 1922 nam
1300 1892 1331 1922 iu
1348 1893 1509 1933 Gottorp.
1527 1899 1562 1925 et
1578 1895 1642 1925 Ed.
1659 1894 1715 1926 In-

1015 1947 1109 1972 certa
1131 1947 1183 1972 cst
1214 1942 1383 1974 Vettiolum.
1431 1944 1539 1975 Immo
1567 1945 1600 1974 in
1616 1946 1715 1977 Voss.

1015 1996 1095 2022 tert.
1129 1991 1290 2023 Uenetum.
1323 1994 1495 2025 Nemenum
1521 1996 1617 2027 Voss.
1645 2005 1716 2028 sec.

1016 2041 1200 2072 Nemetuum
1220 2044 1350 2074 Duker.

1062 2091 1287 2133 Rauracorum]
1346 2095 1541 2135 thenanus‚
1579 2096 1718 2128 Beroal-

1016 2143 1088 2183 dus,
1104 2150 1139 2175 et
1167 2145 1313 2177 Rhellic.
1332 2156 1407 2177 cum
1437 2148 1535 2187 longe
1561 2148 1714 2188 plurimis

1016 2193 1098 2224 Mss.
1120 2198 1156 2225 et
1172 2195 1260 2226 Edd.
1277 2196 1394 2235 primis
1411 2196 1564 2228 scribunt
1583 2198 1714 2229 Tauria-

1014 2254 1128 2283 corum‚
1144 2244 1225 2276 ficta
1241 2255 1335 2282 voce,
1360 2257 1435 2287 quae
1456 2256 1616 2288 nusquam
1633 2247 1714 2279 alibi

1015 2295 1150 2335 legitur.
1174 2296 1358 2336 Vulgarum
1372 2297 1443 2328 fere
1457 2299 1605 2330 servavit
1615 2299 1712 2330 Voss.

1017 2345 1151 2384 primus,
1167 2345 1199 2375 in
1216 2355 1282 2386 quo
1299 2347 1537 2386 Rauriacoram,
1560 2352 1596 2379 et
1619 2347 1714 2379 Leid.

1016 2395 1112 2434 prim.
1139 2396 1344 2427 Rauacoram.
1393 2397 1595 2427 Taurinorum
1619 2396 1714 2428 Leid.

1015 2454 1083 2476 sec.
1117 2447 1196 2477 Non
1214 2447 1409 2477 mutandum
1426 2452 1478 2478 est
1490 2447 1715 2478 Rauracorum.

1015 2497 1069 2527 Sic
1094 2505 1118 2527 ¹.
1145 2500 1175 2527 5.
1201 2497 1372 2528 ‘Helvetii
1401 2497 1606 2537 persuadent
1628 2498 1715 2527 Rau-

1017 2547 1113 2583 racis,
1130 2552 1165 2578 et
1187 2548 1336 2588 Tulingis
1352 2551 1388 2578 ct
1405 2546 1596 2587 Latobrigis
1612 2546 1714 2578 finiti-

1014 2598 1106 2629 mis:'
1124 2604 1159 2629 et
1175 2599 1266 2629 alibi.

1058 2653 1077 2679 ὅ
1103 2649 1206 2687 Neque
1228 2648 1387 2688 quisquam
1413 2651 1457 2679 est
1474 2648 1565 2687 hujus
1582 2649 1712 2680 Germa-

1015 2698 1088 2737 nice]
1141 2698 1267 2729 Nescio
1295 2697 1374 2738 quid
1403 2698 1563 2730 absonum
1593 2709 1711 2730 sonare

1013 2752 1091 2782 mihi
1105 2751 1262 2782 videntur
1279 2752 1382 2782 verba
1396 2752 1452 2783 illa
1473 2752 1562 2792 hujus
1582 2753 1711 2784 Germa-

1013 2802 1085 2833 uioe.
1130 2801 1242 2833 Aliter
1258 2802 1386 2843 scripta
1401 2803 1546 2834 mallem.
1592 2803 1639 2834 Et
1662 2805 1710 2834 ta·
