1818 3131
362 207 454 236 mu.
487 207 526 236 v.
556 204 662 234 CAP.
693 194 761 235 21.
795 205 856 235 DE
891 207 1045 237 nunno
1076 206 1302 237 GALmCO.

156 310 214 333 xx.
229 303 248 332 2
274 301 326 331 Ex
346 310 404 341 qua
429 298 668 331 Mandubratius
688 298 802 329 adoles-

110 352 195 391 cens]
218 351 441 390 (jainbdenus,
457 350 578 390 aliique
595 349 687 380 aiunt
708 349 803 379 Man-

111 402 302 433 dubratium
330 401 415 432 liunc
444 400 565 431 Oresio
595 399 707 430 vocari
736 398 803 430 Αη-

111 452 323 491 drogoriuni:
349 452 424 491 qnia
452 451 499 481 ait
526 450 668 480 Orosius
695 458 743 481 vt.
770 453 801 481 9.

111 505 119 518 ‘
137 503 270 533 Interea
295 501 535 531 'l'rinobautum
551 499 742 531 firmissima
758 501 802 530 ci-

111 553 196 583 vitas
213 561 286 582 cuin
303 550 513 592 Androgorio
528 551 628 590 duce,
653 551 741 582 datis
757 559 804 581 xl.

109 601 290 639 obsidibus,
309 601 434 631 (La-sari
451 610 522 631 sese
536 600 692 632 dedidit!
735 601 802 632 Sed

108 660 170 689 ego
193 651 269 680 hinc
292 649 457 680 affirmare
485 660 550 682 non
580 651 699 690 ausim,
725 661 803 682 eun-

107 698 183 730 dem
209 710 284 731 esse
314 699 560 741 Androgorinm
593 706 627 732 et
658 703 801 733 Mandu-

109 749 266 780 bratium.
312 750 400 780 Nam
423 750 531 791 iuquit
555 752 682 792 Caesar,
705 753 801 783 Man-

107 799 300 830 dubratium
328 801 361 830 in
378 801 614 833 continentem
638 802 679 833 ad
697 812 731 833 se
749 813 802 834 ve-

106 849 204 888 nisse,
221 859 420 891 rogasseque
432 851 653 883 Trinobantes
671 858 801 893 postea,

106 905 143 931 ut
165 910 240 931 euin
259 910 334 931 cum
357 901 499 941 imperio
522 901 563 932 ad
588 912 624 933 se
649 903 802 934 mitteret

106 950 231 980 Caesar.
275 950 413 981 Orosius
439 961 520 983 vcro
549 953 597 983 ait
624 952 800 993 Androgo-

105 999 189 1030 rium
221 1004 300 1031 tunc
337 1000 457 1031 ducem
491 1001 595 1033 fuisse
618 1003 800 1035 Trinoban-

106 1049 204 1081 tibus.
257 1049 322 1081 Sed
354 1051 428 1091 quis
456 1052 533 1082 liinc
560 1054 697 1093 colligat
725 1064 801 1084 eun—

105 1099 182 1131 dem
205 1104 384 1141 utrumqne
407 1102 504 1131 esse?
549 1103 634 1133 Mihi
663 1113 728 1135 non
757 1105 801 1135 vi-

103 1149 212 1181 detur.
259 1150 377 1182 Potuit
400 1151 632 1191 Androgorius
657 1153 799 1185 absente

105 1200 344 1232 Mandubrauo
356 1201 799 1245 Trinobantibusimperare.

108 1250 240 1281 Vossius.

145 1303 164 1332 3
189 1301 225 1331 In
241 1302 442 1333 continentem
460 1302 612 1344 Galliam]
636 1304 799 1345 Injuriam

104 1350 182 1381 ruilii
208 1350 318 1381 facere
347 1352 555 1391 simplicitati
585 1354 727 1385 Caesaris
752 1355 799 1384 vi-

105 1401 228 1431 dentur
252 1406 287 1432 et
312 1402 521 1440 (naec-onius,
546 1403 577 1432 in
605 1403 694 1434 notis
723 1404 801 1443 suis,

104 1456 139 1482 et
155 1451 308 1491 Scaliger
326 1453 356 1482 in
380 1452 528 1482 editione
552 1463 622 1491 sua,
645 1463 719 1484 cum
748 1463 800 1484 vo-

102 1511 177 1534 cem
192 1503 328 1534 Guuisim
344 1511 534 1544 suspectam
550 1505 686 1545 habent,
698 1510 799 1546 atque

101 1554 248 1593 expungi
266 1554 392 1585 volunt.
426 1555 521 1585 Idem.
567 1555 728 1586 Ultimam
748 1564 800 1585 vo-

101 1612 174 1634 cem
192 1605 449 1644 expungendam
466 1615 628 1636 censuere
655 1606 708 1636 Fr.
730 1606 799 1637 Ho-

103 1658 290 1692 tomaunus‚
307 1654 346 1684 Ρ.
366 1654 574 1693 ciacconius,
590 1661 624 1686 et
636 1655 707 1687 JOS.
723 1656 799 1686 Sca-

102 1702 197 1742 liger.
243 1702 308 1733 secl
332 1703 410 1733 nihil
436 1713 518 1744 opus
534 1710 599 1742 est,
622 1709 659 1735 ut
683 1714 798 1736 eorum

101 1753 237 1783 calculis
255 1758 404 1784 nostrum
422 1753 629 1794 adjiciamus,
655 1764 729 1786 cuin
748 1756 800 1786 Li—

100 1802 174 1833 vius
202 1811 302 1834 xxxi.
333 1805 385 1834 45.
427 1804 681 1835 ‘continentem
708 1804 799 1835 Atti-

101 1852 186 1884 oam’
217 1853 354 1893 dixerit,
384 1858 419 1884 et
449 1855 702 1886 ‘continentem
733 1860 798 1886 ter-

100 1895 194 1941 ram‚'
227 1904 326 1935 Corn.
356 1904 469 1944 Nepos
493 1904 658 1935 Themist.
686 1914 741 1937 111.
763 1910 797 1937 et

100 1952 281 1984 Eumenius
296 1953 420 1994 Paneg.
438 1963 487 1985 iv.
505 1956 536 1985 3.
564 1955 675 1986 Dacis.
719 1955 797 1987 Sus-

100 2006 232 2041 pectam
272 2003 459 2034 habuerunt
495 2013 614 2034 vocem
656 2003 798 2036 Galliam

102 2051 309 2091 ciacconius,
328 2053 573 2092 Hotoiuannus,
586 2058 620 2084 et
633 2053 796 2094 Scaliger.

101 2100 168 2131 Sed
186 2111 317 2140 prorsus
334 2103 406 2133 siue
423 2112 553 2142 caussa,
581 2107 618 2133 ut
641 2104 796 2135 ostende-

101 2156 180 2181 runt
196 2151 267 2181 Viri
285 2152 469 2182 doctissimi
487 2153 624 2184 Vossius
641 2158 676 2184 et
693 2154 797 2185 Davi-

105 2199 183 2230 sius.
229 2201 337 2231 Deest
355 2202 513 2232 tamenin
538 2202 662 2234 Graeco
688 2204 798 2234 Inter-

102 2254 210 2288 prete.
248 2251 353 2280 Clark.
399 2251 541 2282 Exsulat
565 2252 665 2282 etiam
693 2263 711 2283 a
737 2254 798 2284 Lo-

101 2299 249 2330 vaniensi
281 2305 401 2331 contra
431 2301 568 2340 plenum
599 2306 634 2332 et
665 2303 798 2333 solitum

103 2350 230 2381 Caesari
248 2351 381 2390 stylum.

142 2403 162 2431 4
189 2401 414 2441 Inuumentius]
445 2402 501 2432 Sic
518 2402 618 2433 etiam
643 2403 797 2443 Graecus,

102 2454 137 2480 et
160 2450 245 2481 Edd.
270 2451 362 2481 Vctt.
391 2461 429 2481 ac
456 2453 574 2482 Novar.
619 2452 686 2483 Sed
703 2453 798 2493 liujus

101 2500 241 2530 nominis
267 2502 391 2531 nullum
418 2507 530 2532 exstat
557 2503 736 2541 vestigium
766 2503 798 2533 in

99 2549 183 2580 Mss.
201 2551 453 2590 Bougarsiauis,
470 2551 704 2589 Leidensssms,
717 2552 798 2583 Vos-

103 2599 213 2638 sianis,
241 2602 454 2640 Lovaniensi‚
486 2601 653 2641 Egmund.
686 2602 797 2633 Oxou.

104 2649 221 2680 Petav.
239 2656 285 2690 et,
308 2656 343 2681 nt
366 2651 470 2682 semel
495 2650 616 2688 dicam,
640 2651 673 2681 in
699 2651 797 2681 nullis

103 2707 263 2740 meorum,
298 2710 409 2741 neque
439 2700 542 2732 etiam
571 2700 604 2731 in
643 2699 708 2732 Ed.
742 2700 797 2731 Iu-

106 2751 210 2781 cei-ta.

1436 190 1545 240 iim*

898 304 937 331 12
957 302 1211 344 Frumentumquc
1226 303 1387 344 miserunt]
1408 305 1548 344 Elegan-

855 354 908 380 ter
925 350 966 380 ad
985 352 1185 383 varietatem
1209 353 1362 384 Leidens.
1388 353 1484 394 prim.
1512 360 1547 386 et

855 400 1057 431 oxoniensis
1075 402 1315 442 srunaentcique:
1345 413 1409 444 quo
1436 410 1547 435 osten-

853 450 913 481 dat
928 451 1041 491 etiam,
1057 462 1121 483 non
1139 458 1268 484 tautum
1285 455 1423 485 celeriter
1447 460 1481 485 et
1507 456 1548 486 ad

852 510 1022 539 numerum,
1047 502 1104 532 sed
1128 507 1163 532 et
1190 503 1357 542 copiosius
1382 503 1549 544 imperata

853 550 1135 582 subministrasse.
1179 552 1233 582 Sic
1259 561 1305 583 iv.
1331 555 1381 583 19.
1409 559 1444 584 et
1469 554 1547 584 alibi

853 601 862 616 ‘
879 599 1057 631 frumentis
1080 602 1241 632 succisis!
1264 611 1288 633 1.
1308 605 1356 633 16.
1378 604 1386 619 ‘
1402 603 1548 634 frumen-

852 653 888 680 ta
904 651 936 681 iu
953 651 1042 690 agi-is
1060 656 1190 681 matura
1206 661 1271 681 nou
1288 651 1408 682 erant.'
1446 652 1547 684 Adde

852 709 903 730 vi.
926 702 978 730 43.
1009 700 1050 731 Β.
1078 701 1151 731 Civ.
1183 709 1222 732 11.
1253 703 1305 732 37.
1337 701 1402 732 Ms.
1427 702 1547 734 Petav.

851 751 892 780 B.
912 750 982 781 Civ.
998 759 1053 781 111.
1071 753 1122 781 50.
1148 757 1184 782 et
1207 751 1326 791 passim
1343 762 1349 781 :
1377 761 1478 792 quare
1497 762 1547 783 re·

851 809 974 841 ponere
990 801 1023 831 id
1040 810 1104 831 non
1122 810 1193 831 sum
1210 801 1346 831 veritus.

894 859 970 881 xxi.
987 853 1007 880 2
1032 850 1230 890 Cenimagni]
1256 851 1401 881 Tametsi
1418 856 1546 884 temere

850 904 884 931 et
922 900 993 930 sine
1032 901 1234 931 auctoritate
1265 902 1389 932 veteris
1420 901 1545 933 codicis

851 951 1046 982 mutandum
1078 951 1159 981 nihil
1192 957 1321 991 putem,
1352 958 1403 982 est
1435 957 1547 983 tamen

850 1011 909 1031 cur
932 1001 1080 1041 paullum
1099 1007 1293 1040 corruptum
1314 1011 1385 1032 esse
1403 1002 1463 1032 lioc
1489 1012 1546 1033 no-

848 1060 924 1081 men
941 1050 1096 1081 arbitror.
1131 1050 1191 1081 Ait
1209 1051 1323 1081 Caesar
1339 1052 1454 1082 eodem
1471 1052 1546 1082 hoc-

848 1111 886 1132 ce
904 1101 1009 1131 libro:
1033 1101 1042 1118 ‘
1058 1101 1231 1132 Maritima
1257 1111 1331 1141 pars
1349 1102 1391 1132 ab
1412 1102 1461 1141 iis,
1487 1103 1543 1143 qui

848 1151 985 1191 praedae,
1002 1161 1040 1182 ac
1066 1151 1144 1181 belli
1169 1150 1334 1181 inferendi
1361 1161 1477 1182 caussa
1500 1162 1542 1183 ex

849 1201 967 1241 Belgio
983 1200 1134 1242 (scilicet
1151 1202 1183 1231 in
1200 1201 1425 1241 Britanniam)
1437 1207 1544 1232 trans-

847 1252 970 1290 ierant,
994 1252 1050 1292 qui
1074 1261 1188 1282 omues
1205 1251 1276 1283 fere
1302 1252 1342 1282 iis
1358 1252 1545 1283 nominibus

847 1301 1023 1332 civitatum
1040 1302 1266 1342 appellantur,
1284 1302 1402 1343 quibus
1419 1303 1485 1333 orti
1503 1312 1545 1336 ex

848 1352 1042 1383 civitatibus
1060 1362 1101 1383 eo
1125 1358 1367 1392 pervenerunt,
1391 1359 1427 1384 et
1455 1354 1543 1384 bello

848 1402 941 1433 illato
972 1402 1017 1432 ibi
1049 1404 1303 1441 remanserunt,’
1335 1405 1398 1434 Sec.
1459 1406 1545 1434 Sunt

847 1457 958 1482 autem
977 1452 1091 1482 nonin
1116 1453 1234 1491 Belgio
1259 1453 1404 1493 quidem,
1429 1463 1543 1483 verum

849 1501 881 1531 in
899 1502 1030 1532 Celtica
1054 1501 1166 1532 Gallia
1190 1501 1326 1532 Aulerci
1349 1503 1545 1541 Cenomani,

849 1551 935 1582 unde
952 1552 1031 1582 mihi
1055 1552 1137 1582 illud
1166 1553 1360 1592 Cenimagni
1383 1553 1546 1592 deprava-

850 1609 918 1633 tum
936 1602 1092 1640 videtur3
1120 1612 1199 1633 sane
1217 1602 1358 1634 Graecus
1375 1604 1544 1644 interpres

848 1652 950 1683 habet
981 1652 1161 1691 Κενίμανοι;
1193 1664 1291 1694 quam
1322 1655 1403 1685 levis
1431 1659 1543 1685 autem

848 1703 989 1733 mutatio
1016 1716 1025 1733 ι
1054 1703 1086 1733 in
1114 1715 1141 1734 o.
1187 1704 1308 1745 Itaque
1337 1704 1406 1735 fere
1434 1705 1543 1744 legam

850 1753 1022 1784 Cenomani.
1066 1754 1153 1784 Sane
1181 1764 1257 1785 mox
1285 1765 1418 1796 quoque
1444 1756 1544 1787 video

848 1803 988 1841 vestigia
1018 1802 1155 1832 alterius
1185 1803 1308 1835 Gallici
1337 1804 1479 1835 nominis
1510 1806 1543 1835 in

849 1852 947 1882 Cassii
959 1863 968 1881 :
995 1861 1072 1882 nam
1089 1851 1119 1882 iu
1136 1853 1278 1893 Belgica
1295 1859 1371 1884 sunt
1388 1855 1545 1885 Velocas-

846 1911 908 1938 ses,
926 1901 1299 1934 viciniVeromanduis.
1343 1905 1454 1934 Etiam
1479 1905 1545 1935 An-

845 1952 952 1982 calites
989 1961 1053 1982 non
1084 1952 1243 1983 abhorret
1273 1953 1315 1983 ab
1345 1954 1544 1985 Ambialc'tes.

845 2001 912 2032 Sed
941 2006 1124 2041 potuerunt
1155 2003 1258 2033 etiam
1286 2003 1430 2034 Caesaris
1461 2009 1544 2035 tein-

845 2061 927 2091 pore
946 2051 1080 2082 nomina
1096 2052 1151 2082 illa
1174 2053 1344 2091 paululum
1362 2054 1544 2094 degenera-

847 2101 945 2132 visse.
1003 2102 1117 2134 Quare
1147 2102 1230 2132 nihil
1260 2108 1364 2134 muto.
1409 2104 1544 2135 Vossius.

847 2150 939 2181 Alibi
963 2149 1087 2181 factam
1109 2151 1250 2191 hujusce
1284 2153 1399 2192 populi
1428 2155 1548 2185 menti-

847 2209 944 2231 onem
961 2210 1025 2231 uon
1042 2202 1205 2241 reperies,
1228 2212 1294 2242 qua
1317 2203 1359 2233 de
1383 2213 1484 2234 causa
1510 2203 1543 2236 J.

848 2249 982 2290 Lipsius
1009 2251 1051 2281 ad
1073 2252 1184 2282 Taciti
1209 2260 1276 2282 xn.
1293 2255 1343 2283 32.
1390 2254 1496 2285 Icenos
1510 2258 1546 2285 et

849 2302 971 2340 Cangos
1006 2301 1150 2341 intelligi
1188 2301 1370 2341 existimat,
1403 2313 1544 2343 quorum

846 2350 998 2380 meminit
1036 2349 1216 2380 Annalium
1255 2351 1412 2391 scriptor.
1451 2353 1543 2383 Guil.

847 2405 958 2430 autem
984 2399 1197 2431 Cambdenus
1225 2400 1379 2432 Britann.
1412 2411 1444 2441 p.
1473 2404 1545 2433 329.

847 2449 939 2480 Edit.
957 2449 1062 2481 Lond.
1079 2452 1171 2480 1697.
1186 2450 1272 2480 hanc
1289 2460 1404 2481 vocem
1421 2460 1462 2481 ex
1482 2451 1545 2481 Ice-

847 2499 895 2528 m's
922 2504 958 2530 et
987 2500 1106 2538 stegnas
1135 2498 1314 2530 conflatam
1346 2500 1544 2538 arbitratur,

848 2550 1034 2588 praesertim
1065 2549 1153 2590 quod
1185 2550 1252 2580 ΜΞ.
1282 2560 1381 2591 quem
1409 2551 1544 2589 inspex-

847 2603 932 2635 erat,
948 2598 1054 2630 diviso
1071 2599 1233 2631 vocabulo
1258 2600 1438 2630 exhibebat
1466 2600 1544 2630 Geni

847 2648 945 2686 Agrii.
990 2649 1139 2680 Praestat
1156 2654 1266 2680 autem
1290 2650 1459 2687 vulgatam
1477 2649 1545 2679 lec·

847 2703 973 2731 tionem
1003 2699 1172 2735 retinere;
1203 2698 1275 2729 fieri
1302 2708 1390 2728 enim
1422 2703 1545 2738 potest,

848 2753 885 2779 ut.
900 2748 1030 2789 horum,
1046 2749 1125 2789 quia
1146 2747 1300 2789 ignobilis
1324 2753 1411 2778 esset
1440 2757 1546 2790 popu.
