1818 3131
318 203 550 234 niu.xiih
582 192 881 232 CAP.43.1›u
919 202 1070 231 nunno
1103 201 1328 230 αΑῐᾸΛαο.

106 299 194 331 vide
222 303 348 340 praeter
377 298 442 329 alia
473 297 527 328 Ill.
560 295 739 327 Heinsium
764 294 805 324 ad

109 350 213 382 ovid.
241 350 335 381 Rem.
358 350 432 380 Am.
460 350 532 379 3⁴25.
555 347 686 379 ‘Quam
710 349 807 386 potes

107 400 141 430 in
159 400 255 441 pejus
271 400 368 431 dotes
385 398 528 429 deflecte
553 395 696 436 puellae!
743 395 807 426 Re-

106 450 313 481 stitueudum
342 449 405 479 hoe
429 447 564 487 Apulei.
593 446 614 476 l.
641 454 665 476 1.
696 455 727 486 p.
754 447 806 475 10.

109 501 118 517 ⁴
134 500 263 538 vulnus,
279 508 376 539 quam
387 497 530 528 maxime
548 496 807 536 patebat,spon-

107 549 162 590 gia
189 547 386 586 offulciens,'
418 556 483 577 non
515 556 584 586 qua.
631 546 671 576 In
696 546 807 585 Bong.

109 607 179 630 sec.
211 601 264 628 est
300 606 367 637 que.
412 596 534 627 Posset
571 596 671 627 etiam
704 595 809 626 scribi

109 657 179 688 qua,
206 651 243 678 ut
266 647 456 687 jungantur
483 656 558 677 cum
577 646 663 677 Edd.
693 645 808 686 primis

101 706 166 738 qun
196 697 320 736 quisque
348 707 379 737 p.
417 697 551 727 maxime
576 697 709 735 insignis
738 696 808 726 sive

107 755 321 787 quocumque
349 745 449 778 niodo
488 751 523 777 et
554 747 630 776 loeo
664 746 808 777 maxime

106 800 243 837 poterat
273 796 486 837 conspicuus,
509 801 546 827 ut
571 795 676 837 ipsius
699 797 808 827 vii-tus

107 847 213 887 magis
243 851 391 887 pateret.
437 847 504 878 Adi
532 839 576 878 ad
608 845 710 877 Ovid.
744 847 808 887 Ep.

107 904 191 927 xtn.
208 898 260 926 41.
286 897 294 913 ‘
307 897 384 928 Qua
400 905 549 937 possum,
566 896 721 938 squalore
734 900 808 927 tuos

107 946 238 977 imitata
264 946 421 978 labores!
469 949 523 979 De
549 948 613 979 hac
641 948 810 988 particula

105 995 253 1027 diximus
287 998 385 1037 plura
423 999 578 1038 superius
621 998 810 1038 aliquoties.

109 1045 236 1076 Eadem
254 1047 396 1077 variatio
422 1048 462 1078 B.
490 1048 562 1079 Civ.
579 1057 633 1079 ιη.
650 1051 702 1079 67.
748 1049 809 1078 Ce-

107 1100 219 1127 terum
252 1096 378 1137 legitur
401 1097 505 1137 potnit
532 1097 565 1127 in
598 1098 697 1128 Voss.
727 1101 808 1128 tert.

107 1151 145 1177 et
160 1145 320 1186 notiorque
337 1146 410 1177 sine
425 1147 570 1177 testatior
585 1151 637 1178 est
664 1147 697 1177 in
726 1148 808 1177 Lov.

109 1195 208 1227 Gott.
226 1195 324 1226 Vcss.
349 1199 431 1227 tert.
460 1195 557 1227 Leid.
583 1200 661 1228 tert.
684 1199 720 1226 et
744 1195 807 1227 Ed.

107 1245 181 1277 Ine.
212 1245 311 1276 Unde
332 1245 405 1287 quis
427 1245 602 1286 conjicere
628 1249 741 1286 posset
759 1255 811 1275 no-

108 1295 171 1326 tior
196 1295 354 1336 nolim-que
366 1306 377 1332 ;
399 1295 458 1326 sed
475 1296 649 1336 vulgatum
673 1304 810 1326 servare

109 1346 210 1377 tualo.
259 1346 348 1376 Dein
385 1346 450 1383 ejus
483 1347 596 1377 locum
629 1347 739 1377 variat
777 1346 810 1376 iu

110 1397 192 1428 Mss.
211 1395 285 1427 fere
309 1397 463 1428 omuibus
491 1401 526 1428 et
555 1396 643 1428 Edd.
668 1396 808 1436 primis:

111 1456 216 1489 quare
247 1447 399 1488 suspicor
423 1446 607 1479 abundare.
653 1447 811 1488 Denique

111 1497 282 1539 'offerebant
309 1497 485 1537 eleganter
508 1497 633 1538 legitur
650 1497 683 1527 in
700 1497 810 1537 Bong.

109 1556 164 1588 pr.
181 1547 279 1579 Gott.
291 1551 328 1578 et
341 1547 440 1578 Voss.
458 1551 537 1578 tert.
554 1551 590 1578 et
606 1547 693 1578 Edd.
712 1546 810 1578 Rom.

113 1596 252 1629 Mediol.
267 1607 307 1628 ac
320 1596 465 1627 Veneta.
491 1595 698 1634 Confhrebant
712 1595 811 1627 Leid.

112 1652 194 1679 tert.
225 1651 262 1678 et
296 1646 358 1678 Ed.
390 1646 464 1678 Ine.
509 1646 598 1677 Vide
627 1646 669 1677 ad
703 1655 727 1677 1.
759 1648 812 1677 39.

111 1699 119 1714 ‘
133 1696 285 1739 Quisque
311 1697 466 1738 equitatu
484 1696 677 1739 praeerant}
701 1701 737 1727 et
757 1696 814 1726 ali-

115 1747 165 1779 bi:
190 1756 292 1789 quare
314 1747 448 1787 insignis
469 1748 570 1789 junxi
597 1748 642 1786 τῷ
666 1750 812 1788 poterut:

115 1798 271 1838 adposite
313 1796 417 1829 Ovid.
458 1797 561 1828 Trist.
600 1805 656 1828 111.
694 1800 726 1828 4.
758 1799 812 1827 75.

113 1856 123 1865 ⁴
140 1849 184 1880 Et
200 1857 298 1889 quam
314 1847 454 1889 quisque
465 1850 591 1887 potest,
604 1847 714 1887 aliqua
725 1846 815 1876 mala

115 1901 232 1929 nostra
246 1896 378 1927 levate!

158 1955 261 1978 xun.
285 1949 302 1977 5
327 1946 455 1987 Ignari]
497 1947 582 1978 Mss.
611 1946 746 1978 Carrar.
779 1950 816 1977 et

114 1997 255 2030 Non-vic.
271 2000 368 2028 essent
383 1996 542 2037 suspensi.-
564 1996 653 2037 quod
678 1999 815 2028 tantun-

115 2047 192 2077 dem
207 2046 297 2077 valet
310 2056 349 2078 ac
363 2046 471 2086 dubii,
482 2046 616 2077 incerti.
654 2045 816 2087 Virgilius

116 2095 191 2128 AEn.
219 2103 260 2126 n.
287 2097 362 2127 114.
385 2095 579 2136 ‘Suspensi,
603 2095 816 2135 Eurypylum

117 2144 276 2176 scitatum
309 2145 446 2177 oracula
472 2145 592 2177 Plioebi
625 2144 817 2177 Mittimus?

118 2193 246 2226 Noster
271 2195 357 2225 Bell.
382 2192 492 2226 Afric.
515 2204 546 2226 e.
574 2196 628 2225 48.
651 2195 660 2212 ‘
677 2195 817 2226 Exerci-

119 2249 172 2275 tus
200 2244 275 2285 ejus
312 2244 419 2286 magis
452 2244 682 2285 suspensione*
707 2245 817 2276 animo

119 2300 198 2327 ante
215 2295 397 2326 adventum
410 2295 432 2327 J
436 2295 510 2326 ubae
523 2295 818 2327 commovebatur:

120 2344 228 2377 Editt.
248 2346 343 2376 Rom.
359 2346 444 2377 Ven.
460 2345 620 2376 Beroald.
640 2349 819 2386 utramque

119 2404 237 2426 vocem
253 2395 427 2434 exhibent,
444 2394 478 2425 iu
495 2396 535 2426 iis
546 2395 634 2426 enim
652 2399 705 2426 est
721 2399 820 2427 essent

122 2444 227 2484 ignari
241 2445 391 2485 suspensi.
435 2443 592 2475 Alterum
615 2450 668 2475 est
684 2445 820 2476 Glosse-

122 2503 198 2526 ma:
222 2503 298 2526 cum
324 2499 437 2525 autem
459 2495 531 2525 haec
547 2495 685 2535 suspensi
711 2499 821 2536 potcs-

125 2549 176 2576 tas
191 2545 236 2576 sit
252 2545 373 2584 rarior,
390 2546 470 2586 quin
497 2555 538 2576 ea
562 2545 663 2577 lectio
686 2545 726 2576 ab
744 2556 820 2576 aue-

125 2595 325 2635 tm·e‚ig71ari
341 2605 421 2626 vero
438 2606 457 2626 a
470 2595 592 2626 Glossa
608 2594 821 2635 profluxerit,

124 2644 235 2677 nullus
247 2645 378 2677 dubito.
423 2645 700 2685 Reponeigitur:
724 2648 821 2678 ‘cuni

126 2693 207 2735 quid
224 2700 383 2735 ageretur
395 2696 429 2727 in
446 2696 529 2727 locis
546 2696 696 2737 reliquis,
710 2699 822 2726 essent

126 2744 301 2785 suspensi)
346 2745 459 2777 Dave‘s.
513 2746 597 2778 Mss.
630 2745 757 2777 Eliens.
789 2748 822 2776 et

1441 192 1555 234 1815

859 296 979 334 vossii,
1004 299 1102 326 essent
1119 295 1291 336 suspensi:
1322 294 1388 327 ΜΒ.
1406 295 1489 335 Reg.
1507 285 1555 328 τε.-

856 346 1260 385 scirene,(lt·g.nescirent).
1286 346 1391 376 Clark.
1430 346 1556 386 Ignari,

857 396 991 434 suspensi
1020 401 1180 426 exaratur
1205 406 1336 436 quoque
1364 397 1397 426 in
1427 396 1555 427 Lovan.

859 444 967 482 Bong.
986 448 1064 474 tert.
1084 446 1190 475 Dorv.
1210 446 1294 476 Edd.
1314 446 1454 476 Mediol.
1481 446 1557 477 Flo-

858 497 947 523 rent.
994 493 1059 524 Sed
1076 495 1210 534 suspensi
1227 499 1354 527 tantum
1371 497 1402 526 in
1426 496 1559 528 Vossia-

859 545 924 584 nis,
939 544 1433 588 Leidensibus,C11ja‹.·.Seaug.
1450 549 1558 589 Bong.

860 603 929 625 sec.
954 599 1033 625 tert.
1062 595 1229 633 Egmund.
1260 598 1420 638 Gottorp.
1447 599 1559 629 Palat.

859 645 989 675 Buslid.
1022 650 1056 676 et
1088 645 1150 676 Ed.
1176 647 1325 678 Incerta.
1379 648 1426 678 At
1453 649 1560 687 ignari

859 700 994 726 servant
1013 695 1132 726 petav.
1150 694 1238 726 And.
1267 701 1302 727 ct
1325 697 1437 730 Oxon.
1480 699 1559 729 Pla-

860 746 931 776 cuit
961 750 1159 787 utrumquet
1200 755 1275 777 cum
1305 746 1414 787 ignari
1447 753 1561 779 essent

860 795 939 837 quid
957 802 1127 836 ageretur,
1156 795 1232 827 ideo
1259 797 1395 837 suspensi
1424 797 1561 828 solliciti

860 850 895 876 et
912 846 944 876 in
961 846 1062 876 dubio
1079 850 1183 887 atque
1203 846 1333 878 incerto
1358 848 1560 879 exsistentes

861 899 1021 927 revocant
1040 900 1196 928 armatos.

902 950 921 977 7
946 947 1077 987 Proelio]
1123 947 1207 978 Mss.
1234 952 1269 979 et
1298 948 1383 979 Eud.
1409 948 1561 989 plerique

857 997 970 1037 proelii.
1015 996 1114 1030 Quod
1130 997 1219 1028 idem
1237 1002 1299 1028 est.
1334 999 1441 1029 Clark.
1482 998 1561 1029 Non

860 1047 1054 1078 damnarem
1081 1048 1245 1078 Dativum
1271 1049 1395 1089 proelz'o:
1419 1050 1445 1079 si
1472 1049 1564 1079 inve·

859 1096 992 1127 niretur
1017 1097 1050 1127 in
1078 1097 1162 1127 Mss.
1208 1099 1275 1129 Sed
1304 1099 1388 1129 Mss.
1416 1103 1451 1129 et
1476 1098 1562 1129 Eud.

861 1155 975 1176 omnes
989 1146 1094 1186 proelii
1110 1151 1189 1177 ante
1205 1147 1268 1178 Ed.
1285 1147 1389 1180 Amst.
1407 1150 1508 1179 1697:
1528 1147 1564 1178 in

861 1205 959 1236 quam
977 1196 1233 1236 typothetarum
1259 1197 1342 1228 vitio
1364 1198 1435 1228 sine
1458 1197 1564 1228 (lubio

860 1244 1005 1284 inrepsit
1032 1245 1099 1276 sine
1130 1246 1254 1285 proelio,
1283 1247 1372 1278 unde
1403 1247 1436 1278 in
1468 1256 1563 1287 seqq.

850 1294 920 1335 fine
943 1295 1061 1334 proelio.
1106 1296 1234 1327 Durior
1261 1296 1366 1329 etiam
1392 1295 1479 1327 soret
1507 1297 1562 1327 illc

862 1353 959 1375 casus
971 1345 1035 1374 hoc
1048 1345 1135 1376 loco.

904 1396 925 1424 9
950 1394 994 1424 Et
1008 1393 1172 1434 jung-a]
1216 1394 1272 1426 Sic
1298 1405 1316 1426 e
1343 1397 1409 1426 Ms.
1447 1396 1563 1428 Ursini

862 1443 1112 1482 rescripserunt
1127 1444 1200 1474 Viri
1223 1444 1334 1475 docti:
1358 1454 1433 1476 cum
1462 1450 1566 1476 antea

861 1492 1052 1532 legeretur:
1077 1493 1199 1532 Magna
1221 1493 1315 1524 etiam
1336 1498 1426 1537 parte
1447 1505 1472 1525 s.
1490 1504 1516 1525 s.
1532 1505 1563 1526 a.

861 1543 895 1573 in
924 1546 1002 1573 sent.
1027 1547 1246 1583 permaneant:
1271 1549 1371 1585 atque
1402 1546 1450 1576 ita
1480 1546 1565 1577 Mss.

863 1592 929 1622 mei
957 1602 1088 1623 omnes:
1128 1593 1193 1623 nisi
1228 1595 1317 1635 quod
1352 1599 1565 1635 permanerent

864 1646 969 1672 restet
993 1642 1026 1672 in
1043 1642 1133 1674 Anu.
1150 1642 1262 1675 Oxou.
1287 1649 1322 1675 et
1346 1645 1454 1685 Bong.
1478 1655 1528 1686 pr.
1546 1654 1567 1676 a

865 1701 908 1722 m.
927 1691 1035 1732 prima
1051 1697 1197 1734 vetusta,
1213 1703 1288 1735 quae
1306 1695 1360 1725 hic
1382 1705 1493 1725 rursus
1511 1694 1567 1725 ad·

865 1747 972 1782 paret.
1020 1742 1181 1784 Plerique
1205 1744 1306 1775 etiam
1333 1750 1367 1775 et
1394 1744 1482 1776 Edd.
1505 1755 1565 1785 pp.

863 1792 976 1822 amissa
990 1791 1046 1822 siti
1056 1802 1188 1823 suorum.
1233 1793 1420 1833 Singularis
1432 1799 1465 1824 et
1479 1793 1568 1825 bona

865 1846 918 1871 est
934 1841 1035 1872 lectio
1050 1842 1135 1873 Cod.
1154 1843 1351 1874 petaviani:
1380 1845 1481 1878 Quum
1495 1854 1568 1884 per-

864 1891 1012 1921 tinaciter
1035 1891 1180 1931 oppidani
1196 1902 1309 1932 magna
1326 1896 1417 1933 purte
1442 1903 1567 1924 suorum

863 1951 888 1972 s,
904 1951 933 1972 a.
949 1942 981 1972 in
996 1942 1150 1972 sententia
1165 1947 1393 1983 permanerent,
1407 1944 1568 1985 cuniculis,

864 1994 918 2031 ξε.
977 1992 1111 2022 Ceteris
1148 1993 1301 2024 resectis.
1369 1995 1570 2036 Legembmr

866 2041 996 2082 opinor,
1033 2042 1137 2077 Quum
1167 2043 1370 2082 pertinaciter
1408 2046 1567 2086 oppidani,

866 2098 978 2130 magna
1004 2091 1098 2122 etium
1113 2096 1203 2132 parte
1217 2103 1337 2124 suorum
1365 2095 1476 2126 amissa
1504 2097 1570 2136 siti,

866 2142 899 2172 in
921 2152 948 2173 s.
974 2147 1200 2182 permanerent,
1225 2145 1263 2174 ad
1283 2149 1364 2184 pest.
1409 2145 1568 2177 Otiosz'm

869 2195 920 2224 est
934 2191 972 2222 τὸ
987 2193 1177 2223 resisterent.
1201 2193 1247 2224 At
1260 2187 1357 2234 postr.
1381 2195 1476 2226 Leid.
1496 2205 1548 2235 pr.

912 2245 951 2273 12
979 2242 1057 2273 Fons
1066 2243 1209 2283 perennis
1223 2244 1405 2284 exhaustae]
1436 2244 1569 2276 Primus

869 2292 1044 2334 Bongarsii
1062 2293 1146 2324 Cod.
1171 2297 1207 2323 et
1231 2293 1303 2324 Pal.
1328 2297 1450 2334 repente
1460 2304 1571 2335 peren-

868 2343 918 2374 nis
945 2344 1071 2375 exaruit
1093 2344 1188 2382 fons:
1215 2345 1425 2385 eandemque
1451 2355 1569 2376 vocem

871 2394 1019 2425 retinent
1048 2394 1214 2426 sccundus
1246 2399 1281 2425 et
1318 2399 1398 2425 tert.
1460 2396 1569 2427 Quam

870 2444 1053 2475 lectionem
1083 2443 1247 2485 pra-foro:
1287 2454 1362 2475 nam
1395 2443 1468 2475 fons
1503 2453 1569 2474 uon

871 2494 1062 2533 exhaustus,
1086 2494 1145 2525 sed
1163 2495 1265 2534 aruit,
1290 2499 1325 2526 et
1342 2495 1503 2525 rationem
1528 2503 1572 2524 ex

873 2544 994 2575 Orosio
1011 2545 1203 2585 intelligere
1220 2549 1288 2576 cst:
1314 2545 1360 2575 ait
1377 2545 1476 2575 enim.
1502 2548 1509 2560 ⁶
1522 2553 1573 2574 re-

872 2598 987 2634 pertos
1015 2594 1048 2624 in
1071 2594 1226 2625 abstruso
1253 2603 1412 2635 aquarum
1438 2598 1571 2624 meatus

873 2654 935 2685 per
947 2645 1053 2676 multa
1069 2645 1252 2675 dividendo
1263 2645 1393 2676 tenuari
1406 2644 1437 2674 iu
1452 2648 1573 2674 semet-

873 2694 954 2734 ipsis
971 2696 1189 2736 consumique
1207 2693 1379 2725 fecerunt:
1435 2693 1569 2724 Vossius.

874 2745 1050 2786 Bongarsii
1078 2750 1147 2777 tres
1177 2744 1283 2776 Codd.
1307 2747 1343 2775 et
1370 2743 1435 2775 Ms.
1459 2743 1571 2776 Palat-
