1818 3131
326 188 421 217 LlB.
446 187 552 217 vul.
584 173 780 215 cAP.26
815 185 876 215 DE
910 184 1064 216 BBLLO
1096 184 1322 215 GALLlCO.

95 281 335 324 spernendum.
380 281 448 312 Adi
471 280 563 311 dicta
578 278 620 309 ad
638 278 790 308 Frontin.

96 341 137 364 n.
162 335 191 364 1.
211 335 274 374 §a
311 333 485 372 Perpetuo
511 335 622 361 autem
640 329 712 359 haec
737 335 791 358 va-

95 382 248 419 riantur:
273 379 544 414 exercitationibus
562 379 675 420 inepte
691 377 790 408 Voss.

97 436 178 464 tert.

138 491 242 514 xxvr.
252 485 272 513 ⁴¹
288 481 516 518 Pei-manserat,
526 488 615 518 quum
628 487 702 518 pars
710 487 791 518 quae·

95 532 166 562 dam
187 531 326 562 cir-itatis
344 531 407 568 <ius
420 527 595 568 defecisset]
619 528 675 558 Ita
696 527 792 558 resti-

93 581 230 619 tuimus,
242 580 314 620 ipsa
326 579 496 610 sententia
507 579 686 609 clamante.
713 577 792 608 Sca·

93 629 178 670 liger
200 635 236 661 et
259 629 479 660 Recentiores
498 638 623 667 omnes,
648 628 792 668 pessima

93 680 382 720 interpunctione,
418 679 618 710 sententiam
654 687 792 718 prorsus

94 730 336 770 perturbarunt
350 740 356 760 :
373 730 589 760 Permanserat
600 739 611 764 ;
623 738 712 767 quum
719 737 794 767 pars

96 781 235 819 quaedum
267 779 407 810 deitatis
437 780 501 818 <jus
535 777 707 818 defecisset,
740 779 792 817 ξε.

99 829 208 861 Clark,

137 884 155 911 5
179 880 364 920 Lenwnum]
382 881 540 911 Testatur
570 878 728 911 Ciaccon.
759 879 793 909 in

96 930 226 962 dnobus
250 931 357 962 Codd.
385 931 487 962 scribi
509 931 691 961 Limonum:
716 939 792 961 cum

94 979 183 1012 Edu.
217 981 312 1012 vett.
351 980 515 1011 haberent
549 980 712 1010 Lenwnem
739 980 793 1010 vel

95 1028 301 1069 Lemovicum,
317 1035 355 1060 ut
380 1034 433 1060 est
452 1030 484 1060 in
502 1030 614 1061 Oxon.
631 1030 794 1060 Limonum

93 1078 163 1109 vidi
179 1088 314 1119 qnoque
340 1080 373 1110 in
398 1080 495 1110 Leid.
517 1084 598 1110 tert.
624 1080 733 1110 Palat.
758 1085 794 1111 et

91 1128 192 1160 Voss.
209 1133 292 1159 tert.
308 1137 346 1159 ac
357 1129 429 1159 Ine.
447 1128 511 1159 Ed.
543 1129 670 1159 Verum
687 1129 794 1159 ceteri

93 1187 209 1209 omnes
238 1179 441 1210 vetustiores
465 1179 641 1211 Lemonum.
670 1180 792 1210 Petav.

95 1228 188 1259 Lemo
202 1238 303 1260 unuin.
328 1229 452 1260 Putem
476 1229 611 1260 omnino
626 1229 660 1260 in
676 1229 793 1261 Ptole-

95 1287 181 1309 maeo
191 1288 325 1319 quoque
341 1279 407 1319 legi
419 1277 545 1310 debere
553 1278 704 1317 Λέμωνον.
726 1278 794 1309 Adi

98 1327 234 1358 omnino
254 1328 427 1358 Valesium
456 1328 539 1359 Not.
562 1328 652 1359 Gall.
671 1337 704 1368 p.
719 1331 794 1360 449.

99 1376 190 1408 Hinc
207 1387 222 1408 e
236 1377 398 1418 deinceps
419 1378 452 1407 in
470 1378 553 1408 Mss.
573 1377 717 1408 adhaesit
737 1378 795 1408 Lc-

96 1437 214 1458 monem
241 1427 309 1468 obp.
343 1433 378 1458 et
404 1428 567 1458 Lemonem
599 1428 703 1459 redit.-
739 1427 795 1458 ubi

97 1476 175 1507 vide
191 1477 305 1508 etiam.
336 1477 451 1508 Surita
472 1483 584 1508 tamen
609 1483 646 1509 et
666 1478 796 1508 Wesse-

97 1526 180 1567 ling.
207 1527 222 1556 i
253 1526 442 1566 praeferunt
469 1528 509 1558 ad
549 1527 677 1558 Anton.
711 1527 795 1559 ltin.

97 1585 132 1616 p.
145 1578 220 1608 459.
235 1577 292 1607 ubi
308 1577 427 1608 eadem
443 1578 477 1608 in
491 1577 577 1609 Mss.
594 1577 758 1609 confusio.

139 1629 158 1657 7
181 1627 342 1658 Dumnaco
366 1629 440 1658 duce
461 1627 598 1658 Andium
620 1628 797 1658 Dum-ium

96 1677 244 1715 ebusum,
272 1677 435 1708 Limonum
463 1677 650 1718 obpugnari]
671 1677 797 1709 Foedis-

100 1725 184 1756 sima
211 1731 264 1757 est
288 1726 423 1764 menda,
447 1736 544 1767 quain
568 1727 670 1758 miror
696 1737 716 1758 a
742 1737 798 1759 ne·

98 1776 188 1807 mine
213 1776 487 1808 animadversam.
522 1777 588 1808 Ms.
603 1778 709 1808 Norv.
727 1778 799 1808 Du-

98 1826 216 1855 rucium
236 1826 371 1856 clausum
385 1826 510 1856 Limone
525 1827 708 1866 oppugnari.
743 1827 797 1858 Sic

96 1878 133 1905 et
156 1874 254 1906 editt.
280 1880 365 1906 vett.
393 1876 490 1906 Rom.
518 1876 604 1907 Ven.
635 1876 795 1907 Beroald.

96 1923 160 1955 nisi
173 1925 262 1965 quod
278 1925 345 1956 illae
358 1925 502 1957 Lemone.
528 1926 634 1957 Recte
647 1931 699 1957 est
712 1927 797 1957 Msti

97 1973 205 2005 Norv.
241 1974 356 2006 lectio.
400 1976 586 2016 Distingue
623 1977 797 2007 Duratium

96 2024 232 2054 clausum
267 2024 407 2064 Limone,
440 2027 624 2066 oppugnari.
667 2027 796 2058 Tertiae

97 2072 188 2103 enim
202 2073 437 2106 declinationis
453 2085 576 2106 nomen
590 2085 661 2106 esse
677 2076 798 2107 statui-

98 2131 185 2162 mus,
199 2127 235 2154 et
257 2123 306 2154 ita
329 2133 444 2154 omnes
470 2125 554 2156 Msti
575 2130 700 2166 praeter
726 2134 796 2164 eos,

99 2171 158 2212 qui
194 2177 356 2213 corrupte
392 2173 581 2204 Limon-icum
614 2175 796 2213 exhibent3

98 2221 189 2251 unde
202 2231 303 2261 supra
321 2222 397 2262 lege
418 2224 458 2252 ad
472 2223 615 2263 oppidum
629 2224 797 2263 Limonem,

100 2275 138 2302 et
181 2269 272 2301 infra
317 2273 356 2302 ad
393 2272 589 2303 obsidendum
623 2274 796 2306 Limonem.

100 2319 202 2352 Hanc
217 2321 416 2362 scripturam
440 2322 538 2353 simul
565 2332 640 2354 cnm
667 2325 799 2365 conjec-

100 2373 179 2401 tura
190 2375 302 2402 nostra
317 2375 431 2403 tuetur
444 2372 514 2404 Jul.
531 2372 649 2404 Celsus
671 2384 704 2414 p.
723 2377 798 2406 165.

100 2420 111 2438 ⁴
128 2421 320 2461 Duracius‚'
342 2423 452 2463 inquit
468 2424 536 2462 ille,
560 2427 568 2441 ‘
583 2429 652 2454 tum
670 2430 797 2466 tempo-

92 2471 146 2502 -ris
167 2471 210 2502 ad
222 2471 383 2504 Limonem
397 2473 615 2504 obsidebatur
630 2474 671 2505 ab
689 2474 800 2507 Andio

96 2521 304 2552 Dumnaco?
350 2523 481 2554 Erroris
509 2533 623 2554 ansam
652 2525 801 2565 praebuit

101 2570 180 2603 Pet.
194 2572 407 2611 ciacconius,
422 2574 480 2614 qui
499 2574 674 2605 Dur-ocium
688 2575 800 2606 vicum

100 2619 205 2652 fuisse
216 2623 404 2662 contendit,
419 2633 495 2655 cum
518 2624 594 2655 luce
615 2624 801 2655 meridiana

103 2670 150 2702 sit
163 2671 296 2712 clarius,
310 2674 400 2705 inter
423 2674 587 2714 primores
605 2674 707 2706 fuisse
722 2675 799 2706 Pic-

102 2724 235 2754 ioum
273 2722 376 2763 Prius
390 2727 505 2756 tamen
517 2729 553 2756 et
569 2725 707 2766 gravius
719 2724 799 2757 deli·

1430 175 1541 223 1299

841 279 929 308 ravit
946 277 1164 318 Raymundus
1181 278 1379 317 Manlianus,
1403 278 1481 310 dum
1497 290 1539 310 ex

842 327 903 358 hoc
929 328 1003 359 loco
1027 329 1180 360 Παναιτίου
1204 328 1342 359 finxerit
1367 329 1541 369 populum,

842 377 898 418 qui
915 385 1080 417 perpetuo
1094 380 1125 409 in
1142 378 1291 410 amicitia
1308 384 1541 419 permanserat

841 426 1082 460 Romanorum.
1106 429 1216 460 Datis.
1265 431 1425 460 Dumnaco
1453 431 1539 461 duce.

841 477 909 508 Mu.
931 477 1015 516 Reg.
1039 483 1073 508 et
1090 479 1214 509 Eliens.
1240 489 1258 509 a
1280 480 1428 510 dumnaco
1444 481 1543 516 duem

842 537 916 568 quae
933 532 969 558 et
984 527 1104 558 melior
1116 528 1227 559 lectio.
1276 529 1451 560 Dur-avium
1465 530 1546 560 clau-

839 586 905 607 sum
920 577 1048 607 Limone
1063 579 1243 617 oppugnari.
1279 578 1334 609 Ita
1351 580 1478 619 optime
1495 588 1544 609 re-

842 627 955 658 stituit
985 626 1144 657 Davisius
1184 637 1226 657 ex
1262 628 1346 658 Mss.
1385 633 1419 659 et
1454 629 1544 659 Edd.

842 678 939 708 Vett.
979 677 1054 708 Nisi
1079 676 1167 708 forte
1188 678 1253 717 legi
1277 679 1380 717 possit
1407 680 1544 710 clausum

843 727 982 766 Limono,
1011 726 1192 766 obpugnat-i.
1242 726 1331 757 Urbs
1363 728 1451 759 enim
1481 729 1545 759 ista

840 778 1043 817 (annotante
1070 775 1245 816 Cellario‚)
1274 777 1460 809 Ptolemaeo
1492 786 1543 810 est

843 826 984 863 λίμωνον.
1018 826 1170 865 Scaliger
1186 832 1220 858 et
1238 828 1459 859 Recentiores
1478 829 1546 859 edi-

844 876 969 907 derunt
987 876 1030 907 D.
1049 886 1073 906 c.
1089 876 1252 907 Limonum
1266 887 1335 917 opp.
1354 878 1463 910 Quam
1477 880 1544 911 lec-

844 926 969 957 tionem
987 926 1098 957 Ciacc.
1114 932 1290 966 acceptam
1305 926 1469 967 referunt,
1486 929 1545 969 qui

845 977 1030 1015 Duraci'um,
1044 976 1213 1006 hominem
1237 977 1394 1008 Romanis
1417 978 1545 1009 amicis-

845 1027 977 1065 simum,
999 1025 1172 1065 oppidum,
1185 1036 1260 1057 esse
1277 1027 1410 1058 scilicet
1430 1028 1546 1058 existi—

844 1075 961 1105 mavit.
1015 1075 1128 1104 Multo
1161 1080 1274 1106 autem
1299 1077 1401 1107 etiam
1433 1077 1543 1107 adhuc

844 1124 968 1155 lautius
991 1124 1121 1154 erravit
1147 1125 1189 1155 R.
1209 1125 1394 1156 Marlianus
1409 1126 1546 1166 (eodem

844 1174 1048 1205 observante
1066 1173 1234 1214 Das-isim)
1251 1174 1308 1214 qui
1323 1184 1365 1205 ex
1387 1175 1451 1206 hoc
1473 1175 1547 1207 loco

844 1224 1002 1257 Duracios
1027 1223 1141 1254 nescio
1159 1233 1256 1264 quenl
1276 1226 1423 1265 populum
1437 1225 1547 1258 finxit.

848 1273 955 1303 Clark.
980 1272 1121 1303 Norvic.
1136 1272 1194 1303 dat
1209 1274 1376 1305 adumnaco
1391 1275 1466 1307 duce
1479 1277 1546 1307 An·

844 1323 939 1355 dium.
984 1321 1180 1362 Legendnm
1210 1333 1229 1352 a
1258 1323 1419 1355 Dumnaco
1443 1326 1475 1356 d.
1505 1326 1546 1356 A.

847 1371 935 1411 quod
959 1371 1062 1401 etiam
1089 1370 1139 1400 Cl.
1156 1370 1310 1402 Clarkius
1338 1373 1547 1404 animadver-

847 1421 901 1452 tit.
926 1420 981 1452 Ita
996 1419 1121 1453 diserte
1136 1427 1363 1460 repraesentat
1377 1422 1545 1462 Egmond.

848 1471 1009 1510 Gottorp.
1038 1469 1146 1509 Bong.
1172 1479 1223 1509 pr.
1249 1479 1315 1501 sec.
1342 1471 1455 1502 Daris.
1473 1482 1544 1504 cur.

845 1530 912 1553 sec.
941 1520 1058 1551 Primo
1072 1530 1092 1550 a
1108 1519 1224 1550 addidi
1246 1529 1288 1550 ex
1304 1521 1443 1552 Hotom.
1461 1523 1546 1554 Cod.

847 1571 1041 1610 Mimniaco,
1074 1570 1132 1611 qui
1160 1571 1336 1604 nesciebat
1363 1573 1443 1614 quid
1479 1574 1544 1606 hoc

847 1621 962 1661 vellet,
976 1620 1026 1651 uti
1051 1624 1086 1650 et
1107 1620 1205 1651 Voss.
1226 1622 1346 1662 primo,
1374 1628 1410 1654 et
1437 1623 1545 1655 tribus

848 1671 922 1701 aliis
945 1675 1048 1711 atque
1076 1669 1215 1701 Incerta
1240 1672 1304 1702 Ed.
1322 1672 1399 1703 dein
1416 1682 1475 1712 pro
1490 1673 1544 1704 Li—

847 1731 969 1752 monum
983 1720 1066 1753 Mss.
1084 1726 1216 1752 tantum
1232 1731 1299 1753 non
1312 1732 1425 1753 omnes
1438 1724 1546 1754 Lemo-

847 1781 915 1801 nem
939 1772 994 1802 vel
1016 1773 1146 1804 Limone
1171 1778 1230 1803 aut
1249 1773 1398 1804 Lemone:
1421 1774 1472 1804 uti
1495 1778 1547 1804 est

848 1820 881 1850 in
909 1821 1022 1852 Oxou.
1054 1823 1180 1853 Lovan.
1213 1822 1310 1853 Gott.
1340 1822 1434 1854 Leid.
1464 1829 1545 1855 tert.

847 1870 944 1901 Voss.
975 1876 1056 1902 tert.
1091 1872 1199 1903 Dorv.
1228 1878 1264 1903 et
1300 1872 1388 1904 Edd.
1418 1874 1546 1913 primis.

847 1919 979 1951 Libonae
996 1921 1093 1961 Egm.
1127 1922 1253 1952 Errant
1269 1922 1342 1952 sine
1361 1923 1474 1963 dubio,
1488 1924 1546 1962 qui

847 1980 890 2001 ex
910 1971 1080 2011 scriptura
1102 1972 1209 2003 Codd.
1233 1971 1366 2004 faciunt
1385 1973 1471 2004 hanc
1494 1984 1547 2005 ur-

847 2019 925 2050 bem
954 2020 1064 2051 tertiae
1095 2021 1352 2059 declinationi53
1390 2024 1545 2064 maleque

847 2070 979 2102 Lemana
994 2071 1167 2102 revocavit
1180 2071 1292 2102 Clark.
1314 2072 1383 2104 Cur
1397 2082 1463 2104 non
1478 2083 1546 2104 ser-

847 2120 934 2151 vatis
958 2119 1078 2152 iisdem
1102 2121 1225 2152 litteris
1251 2121 1404 2155 Lemoni?
1434 2133 1546 2165 quam-

848 2170 899 2201 vis
925 2170 954 2200 si
977 2170 1175 2202 addicerent
1198 2172 1279 2202 Mss.
1302 2181 1369 2203 non
1390 2172 1546 2213 inproba-

848 2229 919 2250 rem
932 2220 1076 2252 Lemono.
1112 2221 1200 2252 Vide
1215 2221 1257 2253 ad
1273 2231 1337 2254 vu.
1354 2225 1407 2254 32.
1431 2225 1439 2239 ‘
1456 2222 1547 2256 Ava-

848 2269 919 2301 rico
936 2271 1182 2302 commoratus.’

893 2322 933 2350 12
960 2320 1216 2361 obpugnatione]
1256 2323 1323 2353 Ms.
1359 2323 1484 2364 Scalig.
1510 2330 1546 2356 et

849 2369 937 2406 Edd.
965 2371 1098 2402 Mannt.
1124 2372 1255 2413 Gryph.
1279 2373 1545 2414 obpugnationem.

851 2421 950 2455 Quod
967 2426 1005 2452 ut
1020 2422 1188 2461 adrideat‚
1213 2433 1293 2455 cave
1317 2431 1442 2465 tamen,
1463 2426 1543 2466 quid

848 2476 980 2506 temere
1002 2478 1123 2504 mutes.
1146 2483 1180 2505 v.
1198 2477 1248 2505 11.
1277 2475 1286 2491 ‘
1303 2474 1344 2505 In
1370 2475 1421 2506 his
1445 2475 1546 2506 rebus

851 2529 885 2552 x.
910 2521 982 2552 dies
1001 2522 1189 2554 consumit!
1221 2524 1262 2554 B.
1279 2524 1316 2554 C.
1335 2533 1359 2555 1.
1373 2527 1424 2554 27.
1450 2527 1459 2540 ‘
1477 2524 1546 2555 die-

851 2570 914 2602 bus
943 2572 978 2602 in
1010 2582 1051 2603 ea
1078 2583 1115 2604 re
1140 2573 1347 2604 consumtis!
1371 2583 1400 2604 c.
1419 2577 1470 2604 81.
1486 2575 1495 2589 ‘
1511 2573 1546 2604 in

850 2635 891 2657 ea
920 2637 956 2658 re
979 2627 1067 2659 diem
1094 2629 1318 2660 consumunt.’
1367 2629 1409 2658 B.
1434 2626 1544 2659 Afric.

850 2686 880 2708 c.
915 2680 968 2709 78.
999 2680 1008 2697 ‘
1038 2684 1170 2722 tempus
1204 2681 1239 2712 in
1274 2679 1344 2710 otio
1376 2687 1548 2710 consumo·

849 2726 971 2761 batur:
