1818 3131
267 200 352 242 996

268 305 378 346 primo
402 304 445 335 sit
476 315 511 335 ac
538 305 576 334 de
602 313 718 334 summo
747 303 844 344 jugo,·
875 304 965 345 quod

267 360 362 386 certe
378 363 441 384 non
465 358 518 384 est
533 353 772 391 spernendum.
818 353 967 393 Aoporta

267 410 332 444 est,
350 404 392 435 ab
409 413 448 434 ea
464 408 561 443 parte
590 412 654 443 qua
677 407 729 433 cst
757 408 865 443 porta.
911 404 966 435 De

269 464 333 495 qua
360 453 533 485 locutione
547 453 640 491 alibi,
655 458 692 484 ut
710 463 771 484 vn.
788 458 839 484 82.
867 455 967 485 latius

268 505 408 544 egimus.
454 504 509 534 Sic
536 512 592 534 ιιι.
613 506 664 534 25.
687 503 750 533 ‘ab
766 504 967 534 Decumana

268 558 368 593 porta
404 558 516 584 castra
542 552 694 584 mnnita!
727 562 777 584 w.
810 556 862 583 37.
902 553 966 583 ‘ab

267 603 467 635 Decumana
484 607 582 644 porta
606 604 637 633 in
655 608 765 634 castra
781 604 966 643 irrumpere

265 653 454 685 conantur!
490 654 614 686 Juven.
645 663 678 683 v.
698 658 750 684 29.
777 653 830 683 ‘A
857 654 967 683 limine

265 708 416 734 moverat
427 704 813 743 tunium,Protuleratun
825 703 968 743 pedem?

265 754 321 785 Sic
347 755 500 794 plerique
518 755 602 785 Mas.
622 758 657 784 et
684 754 770 784 Edd.
787 754 883 784 Vett.
901 754 970 783 vnl-

267 813 310 843 go
340 805 388 834 «Ie.
434 804 522 834 Vide
552 805 666 834 Burm.
697 803 738 832 ad
768 802 872 833 Ovid.
902 804 966 842 Ep.

265 855 352 886 Her.
366 863 472 885 xwu.
499 858 550 884 10.
574 856 583 871 ‘
599 854 626 884 A
646 859 742 893 portu
766 853 881 883 navita
902 864 968 884 mo-

265 904 317 935 vit
333 904 420 935 iter!
466 905 590 934 Lucan.
610 913 687 934 vm.
707 907 781 933 201.
804 903 813 920 ‘
827 912 846 933 a
869 903 968 934 litore

265 953 471 985 occurrere.’
498 953 599 994 Apul.
612 954 634 984 1.
650 963 683 984 v.
699 963 731 993 p.
751 955 821 983 107.
840 954 848 969 ‘
862 962 968 983 omer-

265 1004 317 1044 git
344 1014 364 1034 a
393 1003 501 1035 mari.'
570 1003 663 1034 Male
696 1002 782 1033 Edd.
815 1003 968 1032 lllmenh.

265 1054 374 1085 Scriv.
406 1054 549 1095 aliaeque
580 1064 595 1084 e
622 1054 713 1084 mari.
764 1052 854 1084 lbid.
883 1063 899 1082 u
917 1052 970 1090 so-

266 1103 352 1134 ribus
393 1103 493 1134 boans.
553 1104 713 1135 Ceterum
753 1103 872 1133 det-inm
917 1107 969 1133 est

264 1152 299 1183 in
317 1153 411 1183 Leid.
429 1163 479 1193 pr.
507 1156 542 1184 et
559 1162 662 1193 supra
687 1152 851 1193 scriptum
880 1153 968 1183 Bou·

265 1212 354 1242 gars.
388 1212 438 1242 pr.
476 1203 648 1243 decimano,
681 1202 729 1233 uti
769 1202 858 1232 idem
892 1212 968 1233 cum

264 1252 339 1283 aliis
357 1253 391 1282 in
404 1253 523 1283 ultimo
540 1253 646 1284 citato
670 1254 762 1284 loco:
788 1257 821 1283 at
849 1258 969 1284 eontra

266 1312 297 1333 c.
313 1304 366 1333 21.
383 1312 446 1343 pro
461 1303 609 1334 decimam
627 1303 714 1333 idem
733 1303 854 1334 scribit
881 1304 969 1333 drm-

264 1362 357 1383 mum.
402 1353 844 1393 Quidpraeferam,lr.rroo.
880 1354 967 1384 Nam

265 1406 401 1432 veteres
417 1403 641 1433 Grammatici
660 1403 759 1434 otiam
778 1403 830 1434 hic
849 1402 968 1434 incerti

264 1449 373 1481 fuere.
419 1452 561 1482 Constat
577 1452 726 1492 quidem,
747 1452 967 1493 Antiquiores

265 1499 346 1530 talia
376 1509 437 1539 per
463 1511 482 1531 u
509 1501 724 1540 expressisse.
769 1501 836 1531 Sed
866 1511 925 1542 pro
949 1513 969 1532 ιι

265 1549 432 1589 scriplum
449 1560 522 1581 esse
540 1550 550 1579 i
567 1551 622 1580 alii
639 1550 758 1582 dicunt
775 1561 794 1581 a
811 1553 849 1582 C.
875 1551 968 1583 Julio

265 1600 414 1637 Caesare,
440 1599 495 1629 alii
528 1609 547 1630 a
575 1601 613 1631 C.
644 1600 779 1631 Caesare
805 1600 966 1640 Caligula.

265 1649 425 1688 Consule,
453 1660 536 1689 qnos
568 1649 684 1679 laudat
708 1650 750 1680 G.
773 1650 806 1681 J.
830 1650 968 1680 Vossius

264 1700 308 1731 dc
333 1700 484 1731 Gramm.
503 1705 524 1731 l.
540 1710 564 1731 1.
596 1711 628 1740 p.
647 1704 700 1731 55.
716 1704 767 1732 56.
788 1702 901 1733 Burm.
926 1701 967 1732 ad

268 1750 435 1782 Quinctil.
466 1759 506 1781 11.
536 1750 622 1782 lust.
649 1753 680 1782 7.
714 1751 895 1782 Drakenl).
925 1752 967 1782 ad

263 1800 339 1832 Liv.
363 1809 419 1831 111.
436 1803 488 1832 17.
534 1800 624 1831 Dein
651 1801 802 1831 tran-sisse
831 1802 967 1841 reposui

263 1859 341 1881 cum
357 1851 465 1890 Boug.
483 1850 602 1890 primo,
628 1849 750 1880 Petav.
779 1851 875 1881 Voss.
900 1850 967 1890 pri-

262 1909 331 1938 mo,
349 1901 446 1940 Egm.
470 1905 506 1930 et
521 1903 552 1930 5.
569 1898 656 1938 aliis,
679 1903 713 1929 et
732 1899 818 1929 Edd.
837 1899 966 1939 primis,

261 1949 400 1981 Vascos.
418 1950 549 1990 Gryph.
565 1960 632 1981 sec.
655 1950 771 1990 Stepli.
789 1951 944 1991 aliisque.

309 2003 348 2031 10
387 2001 512 2031 Clamor
541 1999 748 2040 fremitusque
795 2001 967 2041 oriebatur]

257 2049 475 2083 .Editt.Vcn.
502 2050 660 2081 Beroald.
689 2051 794 2082 Basil.
823 2051 965 2083 Vnst-os.

262 2100 508 2136 examliebatuN
532 2111 606 2141 quae
624 2101 739 2140 lectio,
768 2101 795 2132 si
823 2102 876 2133 Fr.
894 2102 963 2132 Ho-

263 2153 459 2181 tomannum
484 2160 675 2192 sequamur,
691 2161 759 2183 uon
775 2155 826 2181 est
853 2152 962 2191 rejici-

263 2200 362 2231 enda.
387 2201 499 2231 Dat-is.
557 2201 668 2232 Etiam
693 2201 859 2240 Romana,
877 2202 964 2233 ch.

264 2250 406 2282 Mediol.
448 2261 488 2281 ac
524 2251 643 2291 Steph.
676 2253 741 2283 ἃς.
798 2252 901 2284 Quasi
930 2252 964 2282 id

262 2299 439 2331 hauserint
455 2311 495 2331 ex
513 2300 639 2331 Graeco
656 2301 850 2341 Interprete
861 2301 920 2338 Βυή
929 2314 965 2332 τε

264 2348 316 2389 καὶ
337 2348 450 2390 βρόμος
477 2349 649 2389 ἐξηκούετο.
700 2351 756 2381 Sic
787 2351 862 2391 lege
889 2361 964 2382 cum

264 2398 316 2430 Cl.
330 2399 479 2437 Wasseo,
491 2409 570 2439 nou,
586 2406 622 2430 ut
639 2400 753 2439 vulgo,
769 2399 877 2439 φόβος.
924 2400 964 2430 In

262 2449 355 2480 nullo
382 2449 450 2479 Ms.
481 2449 562 2479 illud
590 2449 814 2480 exaudiebatur
832 2460 965 2489 compa-

263 2503 330 2530 ret.
373 2499 428 2529 Ita
452 2504 563 2529 tamen
593 2508 642 2530 w.
670 2501 723 2529 48.
755 2500 764 2515 ‘
783 2500 964 2530 clamorem

265 2548 474 2580 exaudiunt.’
507 2558 573 2579 vu.
601 2552 654 2580 48.
691 2549 872 2580 ‘exaudito
899 2551 963 2580 cla-

264 2601 380 2630 more.’
410 2598 510 2629 Adde
527 2609 555 2629 c.
573 2602 625 2630 01.
645 2602 697 2630 81.
744 2600 777 2629 Si
802 2601 852 2630 vel
880 2611 963 2632 nnus

264 2647 443 2679 addiceret
479 2648 609 2687 Codex,
643 2649 817 2680 crederem
847 2660 963 2682 verum

264 2707 338 2728 esse
361 2697 566 2730 exoriebatur.
591 2700 686 2739 Yirg.
715 2699 790 2731 AEu.
820 2709 861 2731 11.
888 2703 962 2731 313.

264 2745 275 2762 ⁴
293 2746 456 2780 Exoritur
470 2748 663 2791 clamorque
681 2749 800 2792 virum,
815 2751 965 2792 claugor-

735 211 760 240 N
771 210 874 239 oTAE
907 208 1125 243 VARIORU
1137 210 1167 239 M
1202 209 1251 239 ΙΝ

1019 312 1083 343 que
1100 303 1281 335 tubarum.'
1307 303 1407 334 Nunc
1421 303 1592 343 vulgatum
1607 312 1717 335 servo.

1019 362 1069 384 vr.
1100 357 1153 385 47.
1202 355 1281 384 Oreo
1307 354 1447 384 clamore.
1492 352 1623 393 Saepius
1645 354 1718 385 hoec

1020 403 1208 435 turbantur.
1254 404 1341 434 Vide
1369 403 1420 434 Cl.
1445 403 1554 434 Drak.
1579 403 1621 434 ad
1644 403 1717 435 Liv.

1019 462 1066 484 lv.
1092 456 1145 484 45.

1064 511 1149 533 xxv,
1174 505 1190 533 1
1218 503 1322 533 Coesar
1336 503 1374 533 ab
1389 503 1514 533 decima>
1534 503 1662 542 legionis
1673 513 1720 534 co-

1020 551 1249 581 hortationem!
1275 554 1419 583 durh-mn
1446 563 1536 583 corun
1549 552 1720 594 profectus]

1020 600 1081 630 Vir
1097 601 1263 631 maximus
1283 602 1402 633 justus
1426 603 1570 642 Lipsius,
1596 603 1650 633 cui
1676 612 1720 633 ae-

1022 655 1152 680 ternum
1171 656 1205 681 et
1219 652 1333 681 Cavsar
1358 656 1393 682 et
1418 662 1532 683 omnes
1557 653 1717 684 Romanae

1020 701 1149 731 militi-‹1›
1161 701 1342 741 scriptores
1353 701 1538 741 debebunt,
1549 702 1607 733 lib.
1618 702 1720 733 elect.

1021 759 1060 781 11.
1085 753 1115 781 7.
1134 756 1295 791 corrupta
1311 751 1382 781 lure
1408 751 1509 781 vcuba
1535 751 1718 782 existimat.

1021 800 1145 831 Caussa
1174 801 1233 838 illi,
1263 801 1350 841 quod
1381 801 1450 841 jam
1492 806 1572 832 ante
1603 801 1718 833 Caesar

1020 850 1106 881 dixit
1128 859 1162 881 sc
1190 859 1209 881 a
1232 850 1365 882 decima
1393 851 1523 890 legione
1553 852 1587 882 iu
1619 852 1718 883 aliam

1020 905 1153 941 partem
1198 901 1240 932 ad
1284 902 1528 933 cohortandum
1574 903 1718 934 militem

1019 951 1155 982 abiisse.
1202 951 1324 992 Itaque
1337 961 1410 982 cum
1426 953 1458 983 in
1477 962 1508 984 v.
1527 961 1556 983 c.
1579 953 1720 993 legisset

1019 1002 1141 1032 cohme
1165 1012 1224 1042 pro
1249 1002 1469 1041 cohortatione,
1491 1013 1556 1034 non
1587 1003 1719 1035 dubita-

1020 1051 1069 1082 vit
1107 1051 1307 1093 rescribere,
1333 1062 1400 1083 cum
1436 1054 1562 1084 decima>
1591 1054 1722 1093 legionis

1016 1101 1151 1133 cohorte.
1197 1103 1285 1133 Nam
1327 1103 1462 1134 solitum
1499 1104 1624 1135 Ca’sari
1659 1105 1719 1145 ait,

1018 1162 1189 1183 assumere
1215 1153 1412 1195 plerumque
1442 1164 1481 1184 ex
1500 1155 1562 1185 llac
1587 1155 1719 1196 legione

1018 1201 1194 1232 cohortem
1225 1202 1371 1243 aliquam
1406 1203 1448 1233 ad
1485 1204 1625 1234 tutelam
1659 1205 1721 1237 sui.

1017 1252 1085 1282 Sed
1125 1253 1214 1282 enim
1248 1262 1459 1294 nequaquam
1498 1254 1578 1284 mihi
1621 1254 1718 1286 unius

1019 1301 1159 1340 codicis,
1176 1306 1233 1332 aut
1252 1302 1363 1342 potius
1384 1303 1453 1333 sola
1468 1303 1587 1343 Lipsii‚
1605 1313 1721 1344 quam-

1018 1351 1068 1381 vis
1093 1352 1231 1382 maximi
1248 1352 1310 1382 viri
1327 1352 1490 1383 autoritas
1513 1352 1719 1385 antehaben-

1019 1401 1062 1431 da
1091 1401 1222 1432 videtur
1246 1402 1390 1432 omnium
1417 1401 1572 1433 codicum
1594 1404 1719 1435 autori-

1021 1449 1097 1481 tati.
1145 1451 1232 1481 Nam
1263 1461 1328 1481 uon
1356 1451 1474 1482 dubito
1496 1452 1578 1482 illud
1598 1453 1720 1484 cohorte

1020 1509 1081 1540 per
1097 1500 1368 1532 abbreviatur-am
1398 1501 1558 1542 scriptum
1588 1512 1650 1543 pro
1672 1513 1719 1534 co·

1021 1550 1209 1581 hortatione.-
1227 1550 1285 1581 sed
1300 1551 1454 1581 lineolam
1466 1552 1718 1591 superscribere

1019 1599 1189 1630 librarium
1204 1600 1365 1631 omisisse.
1421 1602 1592 1632 Quantum
1605 1606 1717 1634 autem

1020 1649 1061 1679 ad
1089 1650 1193 1681 verba
1217 1651 1373 1689 Caesaris,
1400 1655 1434 1682 et
1457 1651 1606 1682 historiae
1630 1652 1720 1683 ordi·-

1020 1709 1109 1739 nem,
1125 1711 1186 1741 ogo
1202 1695 1259 1731 illa
1282 1701 1482 1741 rectissima,
1497 1701 1586 1732 hunc
1612 1702 1718 1733 omui-

1019 1759 1063 1780 no
1091 1750 1212 1781 bonum
1239 1760 1306 1781 uon
1329 1756 1410 1791 puto
1435 1752 1547 1790 modo,
1569 1752 1628 1783 sed
1656 1762 1718 1793 pro

1019 1804 1113 1830 certo
1148 1800 1269 1832 habco.
1325 1801 1424 1832 Dixit
1461 1802 1568 1841 primo
1602 1803 1719 1833 Caesar

1018 1859 1053 1880 se
1089 1850 1253 1881 decimam
1287 1851 1453 1891 legionem
1483 1851 1717 1889 cohortatum;

1018 1899 1098 1930 exin
1125 1901 1158 1930 in
1182 1901 1321 1931 alteram
1346 1906 1477 1941 partem
1506 1900 1716 1933 decurrisse:

1018 1955 1092 1982 tum
1121 1951 1363 1992 digressionem
1391 1951 1486 1991 facit,
1509 1962 1548 1984 ac
1574 1962 1717 1984 comme-

1017 2006 1128 2032 morat
1161 2003 1325 2033 rationcm
1360 2003 1484 2043 proelii,
1512 2012 1577 2035 uon
1605 2009 1716 2035 antem

1017 2061 1148 2092 eorum,
1161 2062 1234 2092 qna·
1251 2053 1323 2092 ipsc
1347 2052 1443 2083 fecit.
1490 2053 1584 2093 Mox,
1600 2053 1650 2085 his
1663 2064 1718 2084 ex—

1018 2101 1148 2141 positis,
1166 2102 1256 2132 redit
1274 2102 1362 2132 undo
1378 2102 1545 2143 digressus
1563 2108 1650 2144 crat,
1673 2103 1715 2134 ad

1017 2150 1183 2181 decimam
1219 2151 1397 2190 legionem.
1452 2152 1497 2182 Et
1526 2152 1628 2183 verba
1662 2153 1717 2183 illa

1015 2201 1025 2217 ‘
1039 2202 1153 2232 Caesar
1175 2201 1216 2232 ab
1238 2202 1379 2232 decimae
1401 2201 1541 2241 legionis
1562 2201 1717 2233 cohorta-

1016 2252 1120 2291 tione,
1137 2252 1177 2282 ad
1195 2251 1351 2283 dextrum
1377 2261 1479 2282 cornu
1506 2250 1681 2292 profectus
1694 2251 1715 2290 ς’

1018 2302 1218 2333 tantundem
1234 2302 1360 2340 valent,
1388 2311 1426 2332 ac
1451 2301 1478 2331 si
1500 2301 1712 2341 scripsisset:

1013 2351 1023 2367 ‘
1038 2351 1148 2390 Igitur
1165 2352 1293 2389 Cat-sar,
1317 2356 1354 2381 ut
1380 2360 1482 2391 supra
1508 2350 1648 2390 dictum,
1670 2350 1714 2381 ab

1016 2400 1158 2431 decimae
1208 2400 1347 2438 legionis
1394 2399 1641 2438 cohortatione,
1670 2400 1713 2430 ad

1015 2450 1173 2480 dextrum
1189 2459 1294 2480 cornu
1309 2448 1506 2490 profectus.¹
1546 2448 1599 2479 Ita
1615 2459 1715 2481 cunc-

1016 2505 1052 2529 ta
1074 2500 1166 2530 clara
1179 2509 1252 2530 esse
1266 2499 1376 2530 nullus
1399 2498 1542 2536 ambigo.
1581 2499 1714 2531 Vossius.

1019 2550 1238 2580 Cohortamine
1273 2553 1431 2579 exaratur
1469 2548 1501 2578 in
1549 2548 1712 2581 Vossiauo

1016 2599 1147 2639 primo:
1180 2599 1346 2639 quomodo
1375 2599 1545 2636 hortamen,
1569 2599 1712 2630 adhorta-

1014 2659 1083 2679 men
1115 2649 1205 2689 apud
1241 2649 1373 2679 Livium
1401 2653 1436 2679 et
1469 2648 1552 2680 alios
1583 2654 1619 2681 et
1645 2648 1713 2681 fors

1014 2699 1155 2730 molimen
1171 2708 1272 2740 supra
1287 2708 1318 2730 c.
1338 2702 1386 2730 17.

1057 2751 1077 2781 3
1100 2748 1169 2783 Sibi
1192 2749 1281 2793 ipsis]
1302 2752 1387 2784 Mss.
1415 2752 1500 2793 Reg.
1528 2756 1564 2784 et
1588 2752 1710 2794 vossii,
