1818 3131
237 168 350 210 1210

235 283 310 305 cum
340 273 425 305 Mss.
459 271 611 313 reliquis,
639 271 689 303 uti
720 276 756 303 et
785 271 936 312 Mem-di,

235 324 304 355 sive
329 324 470 362 derectis,
486 322 575 363 quod
600 327 652 353 est
667 322 700 353 in
716 323 815 354 Voss.
833 332 883 363 pr.
902 328 937 354 et

236 374 313 405 Urs.
329 373 484 403 derelictis
502 372 597 404 Leid.
614 383 679 404 sec.
718 373 857 405 Directis
868 384 935 415 ope-

235 423 319 453 ribus
334 422 421 453 idem
437 427 500 461 est,
522 432 561 453 ac
586 423 729 463 oppidum
743 433 846 455 versus
864 434 934 465 pro-

236 473 337 512 motis,
358 476 389 502 et
414 472 581 513 institutis,
597 474 668 504 sive
694 473 743 504 ita
768 473 935 514 dispositis,

236 528 272 554 ut
288 522 446 563 operibus
472 522 538 553 illis
560 523 632 564 jam
649 522 747 554 factis
762 534 886 555 nocere
901 530 935 556 et

237 572 500 614 adpropinquari
517 577 633 613 posset
648 573 736 604 urbi.
795 573 847 604 Ita
864 584 935 614 pas-

236 622 296 653 sim
311 622 448 661 dirigere
461 622 568 655 aciem.
613 622 685 654 Imo
711 623 847 662 dirigere
872 634 935 654 cas-

237 674 322 704 tella.
368 674 486 705 Florus
500 683 549 705 lv.
569 676 620 705 12.
636 675 652 714 ξ
668 676 721 705 26.
767 674 856 705 Hinc
874 674 935 704 ibi-

235 722 312 755 dem
338 725 354 765 ξ
369 727 420 755 31.
443 724 484 755 Se
504 725 660 764 dirigere.-
684 725 741 756 ubi
757 724 833 755 vide
851 729 885 756 et
901 725 935 754 in

235 774 312 805 Ind.
329 784 367 806 ac
384 775 532 806 Lexicis‘.

277 828 297 855 4
323 825 412 860 Quod
433 826 534 864 paullo
556 825 709 856 incautius
730 824 883 857 custodias
903 824 937 854 in

236 884 322 905 rnuro
335 875 512 915 dispositus]
550 876 588 906 In
608 875 730 906 Orosio
747 880 810 913 est,
834 875 843 891 ‘
860 884 937 905 cum

234 926 407 956 hostilium
423 926 651 956 machinarum
670 930 807 956 amenta
831 925 938 956 nervi-

236 985 299 1017 que
315 976 538 1017 languerent!
588 976 724 1008 Vossius.

277 1031 295 1058 5
321 1027 455 1068 Suosque
470 1027 646 1067 languidius
660 1027 693 1058 in
709 1025 813 1067 opere]
855 1026 936 1057 Vet.

235 1077 310 1108 cod.
339 1078 417 1108 Suos
442 1087 569 1117 quoque,
586 1077 674 1118 quod
703 1081 836 1107 rectum
864 1086 938 1108 esse

237 1127 347 1157 nullus
376 1127 522 1167 ambigo.
568 1127 666 1158 Idem.
724 1127 831 1157 Vetus
857 1127 939 1158 Dio-

236 1187 310 1217 nys.
328 1178 438 1208 Vossii
456 1177 566 1208 codex
580 1177 694 1216 habet,
716 1176 793 1208 Suos
811 1188 938 1218 qnoque.

237 1227 312 1259 Nec
329 1227 464 1258 dubitat
481 1227 533 1258 vir
549 1227 778 1267 doctissimus,
795 1228 874 1269 quin
891 1229 940 1259 ita

235 1275 302 1317 legi
319 1277 452 1308 debeat.
499 1278 547 1308 At
571 1287 652 1308 vero
678 1277 712 1308 id
739 1278 788 1308 ita
803 1278 939 1309 demum

235 1327 316 1358 ferri
345 1333 472 1368 potest,
489 1328 529 1366 si,
555 1331 685 1358 mutata
708 1327 940 1367 distinctione,

236 1381 309 1408 tota
326 1377 389 1409 hoc
411 1378 508 1408 modo
526 1378 789 1417 inter-pungatur
805 1383 940 1408 senten-

236 1427 305 1458 tia:
341 1428 350 1444 ‘
369 1427 555 1458 arbitratus
581 1432 643 1458 est.
697 1427 797 1460 Quod
827 1428 941 1468 paullo

236 1478 404 1508 incautius
427 1478 598 1509 custodias
626 1478 659 1509 in
686 1488 784 1509 muro
799 1477 942 1519 disposi-

236 1533 288 1559 tas
303 1529 454 1569 videbat,
479 1539 548 1560 suos
569 1539 683 1569 quoque
705 1529 893 1570 languidius
908 1530 941 1560 in

236 1588 340 1619 opere
357 1580 485 1611 versari
508 1580 636 1620 jussit‚'
654 1582 719 1612 sm.
765 1580 941 1613 Quomodo

237 1635 271 1660 et
287 1629 427 1662 Gra-cus
447 1631 622 1671 Inter-pres
639 1631 784 1672 accepit.
832 1632 940 1662 Clark.

237 1681 367 1722 Cujacii
382 1682 483 1712 etiam
502 1682 584 1713 Cod.
599 1681 760 1722 Scaliger.
779 1687 814 1712 et
828 1681 941 1712 Oxon.

237 1739 313 1761 cum
346 1732 459 1762 Pulm.
489 1731 629 1762 Scliedis
661 1736 696 1763 et
727 1730 814 1762 Edd.
839 1731 941 1762 Vasc.

237 1781 379 1821 Stradae‚
417 1783 456 1813 R.
491 1781 610 1822 steph.
643 1786 679 1812 et
710 1781 774 1812 Ed.
807 1781 941 1821 Gryph.

237 1835 323 1877 post.
347 1831 513 1862 exhibent
537 1841 608 1861 suos
632 1841 770 1871 quoque5
802 1831 942 1870 optimc,

237 1880 336 1910 modo
369 1886 447 1920 post
476 1881 650 1911 arbitratus
679 1880 851 1911 deleamus
873 1883 942 1911 est:

238 1930 325 1961 uude
342 1931 470 1970 majore
486 1930 544 1960 illa
556 1930 775 1961 distinctione
801 1940 865 1961 non
889 1934 942 1961 est

238 1989 334 2021 opus,
380 1979 445 2010 lid.
463 1979 534 2010 Iuc.
549 1989 619 2010 suos
631 1981 695 2011 etl.

279 2034 300 2062 6
323 2030 416 2061 Intra
440 2030 559 2070 vineas]
606 2030 767 2061 Nonnulli
785 2030 942 2069 Codices,

236 2084 327 2112 extra
356 2081 470 2113 vineas.
531 2081 728 2122 Lautusque
759 2081 859 2112 valde
890 2085 942 2112 est

237 2131 487 2170 Hotomannus,
515 2131 570 2171 qui
596 2131 632 2161 id
659 2131 732 2162 sine
748 2131 852 2162 dubio
870 2141 942 2162 rec-

237 2186 306 2212 tum
336 2181 522 2222 existimat,
551 2182 630 2223 quia
657 2182 815 2213 nimirum
844 2183 943 2213 eineis

236 2232 386 2262 contineri
403 2232 540 2271 legiones
554 2242 614 2262 non
638 2235 790 2273 poterant.
836 2232 942 2265 Quasi

238 2292 330 2321 vcro,
359 2282 443 2312 iutra
468 2283 572 2313 vineas
588 2291 652 2314 non
671 2281 752 2312 illud
769 2282 875 2322 ipsum
894 2292 942 2313 es-

237 2338 302 2373 set,
325 2332 415 2373 quod
432 2336 551 2363 censet
568 2333 620 2363 vir
636 2331 853 2363 doctissimus
872 2333 943 2363 (¹ae-

238 2392 346 2414 sarem
373 2382 486 2413 dicere
507 2381 678 2422 debuisse,
693 2382 775 2413 citra
799 2382 850 2411 vel
873 2386 941 2421 post

236 2432 352 2463 tineas.
421 2432 535 2463 Graec.
581 2431 637 2462 ὑπὸ
674 2433 741 2462 ταῖς
777 2433 942 2470 μηχαναῖς.

240 2482 346 2513 Clark.
392 2481 485 2512 Intra
500 2481 605 2512 vineas
622 2481 709 2512 idem
727 2488 780 2512 est
796 2492 834 2513 ac
859 2483 944 2513 intra

236 2534 363 2571 vallum,
380 2533 463 2563 intra
478 2535 593 2572 castra,
618 2533 702 2563 intra
727 2534 874 2574 prasidio
902 2534 942 2564 Β.

239 2583 313 2613 Civ.
346 2590 402 2614 ιιι.
433 2584 516 2620 83.;
550 2587 586 2613 et
616 2583 737 2613 similia
769 2589 941 2614 stomoma.

239 2633 367 2664 Verum
406 2636 518 2662 tamen
559 2633 642 2664 mss.
682 2634 763 2663 mire
800 2635 942 2665 variant.

240 2684 327 2714 ham
344 2683 455 2723 Bong.
479 2692 530 2722 pr.
559 2683 691 2723 praebet
715 2686 723 2700 ‘
742 2684 944 2723 legionibus-

242 2742 305 2772 que
322 2737 421 2764 extra
447 2732 563 2764 vincas
590 2734 621 2763 in
647 2735 780 2765 occulto
807 2736 946 2775 expedi—

240 2783 307 2814 tis!
354 2783 509 2815 Vossiaui
526 2794 606 2816 vcro
622 2794 674 2825 pr.
689 2791 724 2816 et
740 2794 808 2818 sec.
823 2786 945 2818 l’etaV.

704 176 846 208 NOTAE
878 177 1141 209 VARIORUM
1175 178 1225 209 {N

986 273 1150 312 Egmund.
1168 273 1263 304 Gott.
1285 273 1295 290 ‘
1313 271 1570 314 legionibusque
1585 275 1685 305 extra

986 329 1095 354 castra
1111 324 1223 354 vineas
1246 324 1279 354 iu
1297 333 1327 354 o.
1345 323 1514 364 expeditis
1527 323 1549 355 :'
1580 329 1684 366 atquo

986 373 1033 404 ita
1062 374 1185 405 Lovan.
1209 373 1271 404 nisi
1296 373 1386 414 quod
1412 374 1469 404 ille
1495 373 1619 405 habeat
1640 374 1687 405 ri-

984 432 1124 462 neasque.
1182 422 1228 453 At
1245 423 1336 453 Leid.
1353 432 1420 454 sec.
1436 427 1471 453 et
1486 423 1583 454 Voss.
1601 427 1684 455 tert.

983 472 993 488 ‘
1010 472 1262 513 legionibusque
1289 479 1387 504 extra
1403 478 1513 504 castra
1528 473 1634 504 vineis
1652 473 1686 503 in

985 532 1058 552 occ.
1075 523 1243 562 expeditis
1257 523 1277 554 :’
1302 527 1392 554 extra
1408 527 1510 554 castra
1525 533 1585 564 pro
1601 524 1687 554 intra

985 572 1089 601 cineas
1125 581 1260 612 quoque
1295 573 1428 604 Duker.
1495 574 1534 604 In
1570 575 1686 605 occulto

986 622 1080 652 deest
1099 621 1193 652 Leid.
1221 631 1273 661 pr.
1298 627 1333 653 et
1353 623 1475 665 Scalig.
1492 624 1586 655 Lcid.
1603 629 1685 656 tert.

987 676 1021 702 et
1038 671 1169 702 Buslid.
1197 671 1472 713 ‘legionibusque
1501 679 1598 704 extra
1614 683 1687 705 cas·

987 726 1041 752 tra
1055 721 1170 752 vincas
1188 721 1219 752 in
1234 731 1265 753 o.
1290 722 1443 763 expediri
1457 722 1476 753 :’
1511 733 1578 764 quo
1602 723 1686 757 facit

987 772 1090 803 etiam
1114 773 1177 804 Ed.
1198 772 1337 803 Incerta
1358 772 1484 804 habens
1507 772 1516 789 ‘
1533 777 1570 804 et
1585 774 1689 815 legio-

987 822 1084 852 nibus
1101 826 1199 854 extra
1215 828 1326 853 castra
1343 823 1457 854 xineas
1479 823 1512 854 in
1539 833 1611 856 occ.
1633 833 1690 856 ex·

987 872 1121 912 pediri.’
1174 872 1244 903 I'ro
1267 872 1350 903 intra
1374 873 1408 904 in
1431 873 1525 906 Leid.
1552 884 1603 915 pr.
1627 884 1690 916 pro

988 923 1081 954 varia
1097 924 1243 955 lectione
1260 929 1314 956 est
1327 925 1436 963 justa.
1480 926 1533 957 Ex
1557 925 1607 957 his
1632 935 1691 957 va-

987 974 1166 1005 rietatibus
1185 975 1350 1006 Codicum
1375 976 1442 1017 legi
1467 977 1599 1016 plenius
1615 987 1690 1018 pos-

989 1029 1053 1064 set,
1066 1025 1148 1056 licet
1164 1034 1280 1057 sensus
1298 1025 1417 1057 eodem
1432 1025 1563 1066 redeat,
1578 1027 1691 1066 Legio-

987 1075 1135 1116 nibusque
1150 1079 1241 1107 extra
1256 1080 1358 1107 castra
1372 1077 1456 1107 intra
1471 1077 1575 1108 vinem
1590 1077 1623 1108 in
1643 1088 1691 1108 oc-

987 1125 1068 1155 culto
1091 1126 1257 1165 expeditis,
1277 1126 1456 1157 cohortatur
1467 1136 1479 1162 ,·
1509 1136 1557 1158 sc.
1573 1136 1624 1158 eas
1636 1128 1691 1158 vel

989 1175 1113 1206 milites.
1170 1175 1266 1215 vide,
1296 1186 1371 1216 qua:
1396 1176 1539 1208 diximus
1566 1185 1642 1218 cap.
1658 1180 1690 1208 4.

990 1226 1142 1266 quamvis
1177 1230 1214 1257 et
1249 1226 1354 1266 possit
1388 1225 1510 1257 referri
1540 1227 1580 1257 ad
1610 1237 1692 1266 suos,

990 1275 1078 1315 quod
1097 1277 1284 1316 praecessit.
1337 1276 1374 1307 In
1391 1277 1506 1307 occulto
1521 1277 1627 1317 possit
1644 1277 1692 1307 vi-

991 1325 1064 1354 deri
1097 1326 1199 1356 etiam
1238 1335 1310 1356 esse
1348 1326 1691 1367 interpretamentum

990 1376 1053 1404 τῶν
1069 1375 1155 1406 intra
1170 1376 1285 1406 cineas.
1331 1376 1400 1406 Sed
1417 1377 1471 1407 adi
1486 1385 1511 1408 1.
1527 1380 1581 1408 30.
1622 1377 1694 1408 Sal-

991 1430 1059 1457 tem
1089 1426 1268 1457 cohortatur
1299 1427 1447 1467 praetuli,
1473 1427 1601 1467 majore
1628 1427 1696 1459 dis-

991 1476 1156 1508 tinctione
1184 1481 1262 1517 post
1288 1477 1480 1518 perciperent
1506 1478 1628 1518 posita,
1651 1487 1693 1510 ex

992 1526 1074 1557 Mss.
1102 1526 1261 1558 Leidensi
1290 1527 1413 1568 primo,
1432 1527 1556 1567 Scalig.
1581 1527 1692 1559 Oxon.

991 1575 1138 1617 Audino‚
1153 1577 1299 1608 Dorvill.
1317 1578 1451 1610 Carrar.
1467 1582 1503 1609 et
1521 1577 1610 1609 Edd.
1627 1579 1695 1619 pri-

991 1627 1064 1658 mis.

1035 1680 1054 1708 8
1089 1677 1323 1718 Escendissent]
1367 1679 1493 1720 Vulgg.
1522 1680 1695 1711 adscendis-

990 1731 1076 1764 sent‚·
1098 1729 1156 1759 sed
1173 1728 1276 1768 lectio
1295 1739 1313 1760 a
1328 1729 1425 1760 nobis
1442 1735 1582 1771 recepta
1594 1734 1646 1762 est
1661 1731 1696 1762 in

992 1778 1077 1809 Cod.
1095 1778 1242 1818 Andino,
1258 1783 1293 1810 et
1310 1789 1383 1810 eam
1401 1784 1593 1821 propugnat
1609 1781 1643 1813 J.
1656 1779 1697 1812 F.

992 1830 1183 1861 Gronovius
1212 1830 1254 1860 ad
1283 1830 1371 1860 Livii
1401 1839 1440 1861 11.
1468 1834 1521 1862 28.
1567 1832 1695 1862 Eadem

991 1889 1055 1910 vox
1072 1880 1153 1910 Silio
1176 1879 1299 1911 Italico
1322 1880 1459 1911 videtur
1474 1881 1696 1920 restituenda,

992 1929 1023 1959 in
1042 1939 1106 1970 quo
1123 1938 1162 1960 11.
1188 1932 1218 1961 3.
1246 1930 1295 1960 ita
1322 1930 1458 1970 legitur,
1481 1932 1491 1949 ‘
1510 1932 1696 1963 Gelidosne

992 1981 1136 2011 scandere
1176 1985 1287 2011 tecum
1326 1980 1494 2012 Deficiam
1532 1982 1695 2013 montes?

993 2030 1136 2071 Repono
1153 2032 1322 2063 escendere.
1375 2032 1431 2063 Sic
1447 2032 1624 2063 Sallustius
1639 2032 1699 2064 Ju-

993 2081 1106 2122 gurth.
1124 2091 1154 2113 c.
1168 2084 1220 2113 97.
1237 2081 1325 2112 dixit
1341 2082 1349 2098 ‘
1368 2091 1447 2122 pars
1466 2092 1570 2123 equos
1584 2092 1699 2114 escen-

992 2131 1096 2162 dere!
1132 2127 1242 2163 Daris.
1299 2131 1462 2163 Attamen
1479 2133 1563 2164 Mss.
1582 2142 1698 2164 omnes

994 2181 1112 2222 reliqui
1127 2182 1168 2212 ad
1187 2191 1302 2221 unum,
1319 2183 1420 2213 etiam
1438 2184 1549 2215 Oxou.
1567 2184 1623 2224 qni
1639 2184 1698 2215 ali-

993 2238 1046 2263 ter
1063 2232 1252 2263 consentire
1278 2243 1353 2264 cum
1378 2233 1515 2264 Andino
1531 2234 1628 2274 solet,
1641 2235 1697 2266 hic

994 2288 1028 2314 et
1055 2293 1085 2314 c.
1112 2285 1167 2313 «16.
1190 2283 1390 2315 Adscensus:
1413 2283 1469 2314 ubi
1487 2283 1564 2314 vide
1585 2284 1698 2316 Periz.

994 2340 1029 2365 et
1057 2344 1085 2365 e.
1102 2337 1155 2364 48.
1181 2335 1375 2364 Adscendere
1398 2333 1567 2365 retinent:
1591 2342 1698 2374 quare

995 2394 1079 2425 pace
1095 2384 1215 2415 summi
1242 2384 1304 2414 viri
1331 2384 1492 2423 manium,
1508 2393 1584 2414 cum
1606 2383 1697 2414 Clar-

994 2435 1050 2465 kio
1078 2435 1119 2465 ad
1141 2434 1195 2465 hic
1213 2434 1381 2465 revocavi.
1427 2434 1587 2465 Ceterum
1603 2433 1699 2463 innu-

994 2485 1094 2515 meris
1119 2484 1203 2515 locis
1231 2484 1321 2515 istud
1346 2485 1502 2514 escendere
1516 2482 1697 2513 voluerunt

994 2535 1166 2566 inculcare
1181 2535 1244 2565 viri
1260 2534 1364 2565 docti.
1409 2533 1495 2563 Vide
1521 2541 1602 2572 quos
1631 2532 1699 2562 lau-

995 2586 1078 2616 dant
1119 2586 1191 2616 Cel.
1222 2583 1401 2615 Drakeub.
1427 2581 1468 2612 ad
1494 2581 1585 2612 laud.
1610 2581 1699 2612 Livii

995 2636 1118 2673 locum,
1149 2640 1184 2665 et
1220 2635 1322 2665 Doct.
1355 2631 1472 2663 Arntz.
1507 2631 1549 2662 ad
1582 2631 1698 2663 Aurel.

995 2686 1085 2716 Vict.
1115 2685 1167 2715 Ill.
1191 2694 1222 2715 c.
1245 2686 1298 2714 58.
1322 2684 1330 2699 ‘
1349 2683 1466 2713 Muros
1492 2682 1620 2722 primus
1642 2682 1699 2714 ad-

996 2734 1149 2766 scendit.'
1183 2733 1249 2765 Sed
1267 2732 1477 2773 etjudicium
1495 2732 1698 2764 Cel.Burm.

998 2785 1046 2816 ad
1065 2785 1161 2816 Suet.
1189 2784 1258 2817 Jul.
1285 2792 1315 2814 c.
1342 2785 1395 2814 02.
1428 2783 1468 2813 B.
1495 2782 1569 2815 Civ.
1595 2792 1622 2815 ι.
1647 2785 1699 2815 28.
