1818 3131
226 232 338 274 1218

225 337 393 380 piebatur.
450 335 539 366 Vide
563 335 656 367 Cort.
673 336 715 367 ad
732 336 867 369 Sallust.
884 338 925 368 B.

226 389 328 421 Catil.
346 397 376 418 c.
389 390 419 417 7.
436 387 495 426 §7-
521 384 658 427 Aliquid
675 387 784 418 latere
801 388 925 420 docent

224 439 326 471 etiam
339 446 440 468 manu
453 437 585 467 exarati
601 436 757 469 codices:
775 448 848 469 nam
867 439 925 470 illa

223 490 417 530 desperarit.-
443 490 480 520 de
505 489 672 521 obsessione
698 500 763 522 nou
791 501 924 532 compa-

222 545 301 571 rent
336 541 368 570 in
400 541 509 581 Bong.
541 540 724 581 Vossianis,
754 542 923 582 Egmund.

223 591 351 622 Lovan.
384 596 420 622 et
450 591 597 632 quinque
626 593 711 631 aliis,
747 603 857 634 neque
890 594 923 624 in

222 640 312 672 Edd.
340 641 470 682 primis.
524 642 593 673 Pro
620 652 754 684 expugn.
784 653 864 674 vero
891 645 924 675 iu

222 690 375 730 Andiuo,
400 691 511 723 Oxou.
538 692 635 724 Leid.
660 693 768 733 primo
784 693 925 724 habetur

220 740 456 782 obpugnatione.
504 742 607 775 Quasi
623 743 826 782 simpliciter
843 743 924 773 olim

220 789 344 822 fuisset
373 793 500 824 lectum
530 795 567 825 de
602 793 828 832 obpugnatione
864 803 925 824 non

215 842 306 882 prius
320 845 484 883 agendum,
506 846 570 875 «Sec.
595 844 654 874 sed
673 844 846 884 vulgatum
866 844 924 874 ali-

220 902 288 933 quo
316 893 416 923 modo
444 892 600 924 defendit
625 904 655 925 c.
679 896 732 925 69.
764 895 834 925 ‘Ut
860 894 924 925 nisi

220 941 399 974 obsidione
415 944 604 984 expugnari
628 953 693 975 non
710 954 807 985 posse
831 945 922 977 vide-

218 992 335 1025 retur!

262 1045 283 1073 6
306 1043 409 1083 Prope
424 1042 583 1083 oppidum]
615 1043 758 1075 Codices
770 1045 921 1076 nonnulli

213 1101 273 1133 pro
287 1093 408 1133 oppido.
455 1094 540 1126 Quae
558 1094 661 1125 lectio
683 1092 763 1125 ferri
787 1104 921 1136 quoque

219 1146 346 1182 potest.
372 1143 479 1174 Clark.
524 1143 588 1173 Pro
608 1144 718 1183 oppido
740 1154 816 1175 cum
833 1145 919 1176 Edd.

219 1193 300 1223 Bas.
329 1193 416 1223 Ven.
456 1195 551 1224 1517.
606 1194 706 1226 Vasc.
738 1194 817 1227 Ald.
851 1196 920 1228 Str.

219 1243 338 1284 Stepln.
362 1243 493 1284 Grypli.
518 1244 622 1275 liabct
646 1245 757 1276 Oxon.
781 1251 816 1277 ut
840 1247 921 1286 ‘pro

219 1293 351 1324 castris'
364 1304 395 1325 c.
411 1298 463 1325 65.
481 1297 533 1325 68.
551 1297 602 1325 70.
622 1304 702 1326 vui.
721 1299 769 1327 14.
788 1297 827 1327 B.
846 1296 922 1328 Afr.

219 1354 251 1375 c.
267 1346 321 1375 40.
343 1344 352 1360 ‘
366 1354 426 1385 pro
443 1344 583 1375 aedibus'
600 1349 634 1375 et
647 1346 725 1376 alia.
757 1346 813 1377 Sic
837 1347 846 1364 ‘
861 1357 922 1387 pro

220 1394 397 1434 angustiis'
424 1394 631 1425 restituimus
655 1395 817 1426 Frontino
833 1405 873 1426 11.
889 1399 922 1427 4.

218 1443 235 1483 ς
252 1446 283 1475 4.
306 1444 365 1474 sed
383 1445 474 1474 nulla
491 1448 542 1474 cst
558 1453 685 1484 caussa,
699 1454 758 1475 cur
773 1455 793 1476 a
808 1446 922 1487 vulga-

219 1493 273 1532 tis
288 1493 498 1524 recedamus.
547 1494 622 1525 Nisi
645 1499 682 1525 et
704 1495 874 1527 deleamus
891 1497 924 1527 in

218 1547 334 1574 monte.-
358 1554 431 1584 qiue
461 1554 541 1575 sane
568 1554 633 1575 nou
662 1551 862 1586 comparent
890 1547 922 1577 iu

218 1595 331 1635 Bong.
355 1596 542 1636 Vossianis,
567 1597 686 1637 Cujac.
713 1597 834 1628 l’etav.
862 1599 924 1629 Lo-

218 1656 292 1677 van.
311 1646 476 1685 Egmuud.
492 1651 528 1677 et
540 1647 689 1688 quinque
706 1647 795 1686 aliis;
813 1658 922 1689 neque

215 1696 253 1727 iu
277 1696 365 1727 Edd.
384 1697 610 1737 principibus,
636 1702 670 1727 et
695 1708 712 1728 e
729 1707 822 1740 seqq.
841 1699 921 1730 satis

217 1754 359 1787 possunt
385 1748 540 1788 intelligi.
590 1748 632 1778 U
656 1759 753 1789 prope
779 1750 923 1790 oppidum

218 1796 251 1826 in
267 1802 369 1828 monle
386 1799 431 1828 sit
447 1799 569 1829 Glossa
585 1800 646 1829 τῶν
656 1809 714 1839 pro
728 1801 849 1840 oppido.
872 1801 922 1832 Ἐν

218 1845 281 1887 ὄρει
294 1848 390 1879 addit
406 1849 671 1889 Metaplirastes.

264 1900 302 1928 15
337 1899 593 1938 Periclitoretur]
650 1900 725 1931 Nisi
756 1900 921 1940 inponunt

218 1953 395 1989 excerpta,
424 1949 549 1980 liabent
577 1950 624 1981 ita
652 1951 768 1991 Cujac.
793 1952 919 1993 Scalig.

220 1999 332 2030 Oxou.
361 1999 450 2031 And.
485 2001 615 2032 Duker.
646 2007 681 2032 et
708 2003 818 2033 Dorv.
845 2013 919 2034 cum

218 2050 308 2082 Edu.
325 2050 424 2082 Rom.
444 2051 582 2082 Mcdiol.
600 2053 686 2083 Vcn.
724 2054 837 2085 Quare
855 2063 921 2084 om-

219 2101 299 2133 nino
337 2102 551 2133 reum-nomn
584 2103 707 2143 judico
739 2114 781 2134 cx
817 2114 855 2135 ιι.
888 2108 919 2136 8.

218 2151 229 2168 ‘
242 2152 403 2184 Quotidie
421 2157 534 2183 tamen
552 2154 764 2193 equestribus
779 2155 920 2194 proeliis,

219 2201 299 2242 quid
328 2202 431 2232 hostis
459 2203 586 2233 virtute
619 2209 747 2243 posset,
778 2210 812 2235 ct
839 2205 919 2245 quid

219 2252 326 2282 nostri
350 2253 529 2291 auderent,
546 2253 837 2293 periclitabatur?
863 2255 919 2285 uhi

218 2300 302 2331 Mss.
332 2302 483 2342 plerique
505 2302 630 2333 habeut
653 2304 921 2336 sollicitationibus

217 2350 415 2390 exquirebat.-
440 2352 529 2382 unde
559 2351 640 2392 quid
664 2352 711 2382 ibi
740 2353 919 2392 legendum

219 2401 441 2441 conjecerim,
459 2402 547 2442 vide,
563 2402 588 2433 si
607 2403 692 2433 tanti
710 2408 772 2434 cst.
789 2404 829 2435 B.
845 2404 918 2435 civ.

217 2458 274 2481 111.
289 2453 338 2481 10.
357 2452 364 2466 ‘
376 2450 545 2483 fortunam
560 2453 772 2492 periclitari,¹
796 2454 919 2485 ‘virtu-

218 2499 299 2531 tem'
319 2501 359 2532 Β.
377 2501 476 2532 Alex.
493 2513 520 2533 c.
537 2505 589 2533 43.
636 2502 734 2533 Adde
754 2504 793 2534 Β.
809 2503 919 2535 Al'ric.

219 2559 250 2581 c.
276 2553 327 2582 28.
352 2551 529 2592 ‘sruge1n‚’
562 2562 600 2583 ac
614 2553 707 2583 llirt.
724 2554 764 2584 B.
780 2553 876 2586 Alex.
891 2565 919 2586 c.

220 2602 384 2642 16.Apul.
402 2603 422 2634 l.
435 2611 484 2633 vr.
499 2613 531 2642 p.
553 2607 622 2634 116.
656 2604 762 2634 Immo
773 2605 871 2644 plane
883 2610 919 2636 ut

217 2652 283 2691 hic,
301 2653 389 2682 idem
410 2652 542 2683 Hirtius
559 2654 598 2684 Β.
618 2653 714 2684 Alex.
729 2665 758 2686 c.
778 2657 827 2685 13.
845 2656 920 2695 ‘pe-

219 2702 360 2734 riclitati
390 2703 542 2743 remigio,
571 2704 652 2744 quid
682 2714 825 2745 qumque
849 2704 919 2736 cffi-

218 2762 296 2784 ccre
314 2753 453 2794 posset!
501 2754 566 2785 Hic
583 2764 660 2786 vero
679 2755 712 2785 in
736 2755 819 2786 Mss.
845 2756 920 2787 reli-

219 2804 293 2844 quis
324 2808 378 2836 cst
405 2805 642 2848 perspiceretur,
671 2806 733 2838 nisi
765 2807 855 2848 quod
885 2807 920 2839 iu

689 241 830 272 NOTAE
864 242 1127 275 VARIORUM
1162 246 1212 276 1N

976 338 1071 372 Carr.
1095 344 1130 370 et
1153 340 1252 371 Voss.
1279 349 1347 371 sec.
1371 349 1448 371 cum
1469 341 1675 381 Steplianleo

975 389 1017 420 sit
1033 391 1230 431 perspiceret.
1270 390 1310 421 In
1329 391 1424 422 Leid.
1442 395 1521 423 tert.
1535 392 1675 433 Ortclii,

974 446 1008 470 et
1024 441 1086 472 Ed.
1102 441 1175 473 Inc.
1190 441 1398 482 perficeretur.
1438 443 1541 473 Estne
1557 444 1675 475 rescri-

974 490 1119 521 bendum
1135 491 1422 532 per-specularetur?
1463 493 1554 524 Hirt.
1572 492 1614 524 de
1631 494 1674 525 Β.

974 539 1082 572 Afric.
1098 551 1127 572 c.
1146 544 1198 572 31.
1224 545 1232 559 ‘
1247 543 1358 575 Quum
1374 542 1416 573 dc
1435 544 1522 573 vallo
1540 553 1678 584 persp&

974 591 1169 622 cularetur.⁷
1212 592 1259 623 At
1284 593 1351 623 illic
1375 603 1478 634 prosp.
1496 594 1675 634 legendum

974 649 1045 670 esse
1063 650 1080 670 e
1098 641 1181 670 Mss.
1199 640 1397 672 videbimus.

1019 694 1056 722 17
1071 691 1168 732 Aquoe
1183 701 1294 729 magna
1308 696 1409 732 parte,
1424 698 1452 724 et
1467 695 1676 736 pabulatione]

975 740 1044 772 Pro
1061 742 1188 772 usitata
1202 742 1344 772 Caesaris
1363 743 1520 783 loquendi
1533 745 1676 785 ratione,

973 791 1175 822 crediderim
1190 792 1381 830 legandum,
1395 794 1403 809 ⁴
1415 793 1504 832 Aqua
1521 803 1676 833 maguam

974 842 1129 882 partem,¹
1154 843 1207 872 vel
1220 843 1228 858 ‘
1243 852 1366 881 magua
1384 848 1495 882 parte,
1507 846 1537 874 et
1549 843 1676 883 pabula-1

972 892 1077 923 tione?
1107 892 1174 922 Sed
1191 892 1261 923 sine
1279 892 1440 923 Codicum
1457 893 1677 935 auctoritate,

972 941 1052 973 nihil
1069 947 1174 973 muto.
1202 944 1312 974 Clark.

1028 994 1068 1024 18
1105 992 1307 1023 Prohibituri
1343 993 1444 1024 hostes
1481 994 1677 1036 ridebantur]

972 1041 1040 1072 ΜΞ.
1065 1042 1149 1081 Reg.
1176 1043 1354 1082 ‘prohiberi
1381 1044 1493 1075 hostes
1516 1044 1678 1075 videban-

973 1096 1028 1123 tur
1039 1092 1059 1131 ;'
1076 1093 1137 1124 lioc
1149 1098 1212 1131 est,
1227 1094 1406 1124 videbatur
1419 1094 1502 1132 sore,
1517 1100 1556 1125 ut
1569 1095 1678 1136 prohi-

971 1142 1147 1173 berentur.
1193 1142 1308 1184 Atque
1318 1144 1401 1174 hauc
1419 1149 1455 1175 ut
1472 1155 1585 1176 veram
1602 1155 1678 1178 esse

971 1193 1152 1225 lectionem
1169 1194 1371 1233 existimem,
1395 1195 1525 1226 faciunt
1548 1197 1674 1228 similes

971 1244 1047 1275 istae
1064 1244 1266 1283 locutiones,
1283 1255 1382 1284 supra
1398 1254 1445 1275 lv.
1461 1249 1514 1277 21.
1541 1248 1675 1287 v.§«13.

972 1303 1020 1325 vi.
1038 1295 1054 1334 ξ
1070 1298 1102 1325 9.
1122 1299 1158 1326 et
1173 1293 1262 1325 infra
1276 1304 1360 1326 vm.
1377 1299 1430 1327 52.
1455 1297 1552 1328 Idem.
1597 1299 1676 1330 Non

973 1344 1072 1382 male,
1097 1343 1124 1373 si
1141 1344 1225 1374 Mss.
1243 1346 1444 1377 vetustiores
1462 1347 1675 1380 addicerent.

974 1393 1128 1423 Praeseus
1143 1403 1205 1433 pro
1222 1394 1337 1425 futuro
1355 1397 1447 1435 poni,
1464 1398 1518 1427 vel
1535 1398 1676 1429 verbum

969 1452 1056 1483 posse
1097 1443 1221 1484 omitti,
1257 1445 1433 1486 aliquoties
1472 1456 1573 1488 supra
1603 1448 1676 1489 jain

973 1492 1131 1525 diximus,

1018 1546 1057 1573 19
1082 1544 1236 1575 l’rcesidio
1252 1545 1289 1576 ab
1314 1546 1355 1577 iis
1375 1557 1435 1578 non
1458 1547 1550 1579 nimis
1563 1548 1677 1591 firmo]

975 1595 1082 1625 Recte
1094 1595 1166 1635 jam
1183 1596 1261 1627 olim
1278 1598 1420 1629 Ursinus
1435 1599 1567 1630 monuit
1582 1599 1677 1630 indu-

973 1645 1117 1676 cendum
1133 1646 1170 1676 τὸ
1182 1657 1252 1678 non.
1301 1649 1467 1680 canterus
1481 1650 1561 1680 Var.
1576 1650 1674 1683 Lect.

974 1704 1013 1726 11.
1030 1698 1081 1726 28.
1103 1707 1163 1727 non
1181 1697 1379 1739 minus-firmo
1392 1699 1539 1739 legebat.
1573 1700 1675 1734 Quod

972 1747 1106 1778 damno.
1160 1748 1247 1779 Celsi
1266 1753 1376 1779 tamen
1392 1750 1595 1790 exscriptor,
1617 1749 1675 1782 ‘Is

972 1797 1092 1834 collis,’
1108 1797 1230 1838 inquit,
1244 1798 1253 1814 ‘
1267 1798 1355 1839 quod
1369 1799 1505 1830 caeteris
1521 1798 1676 1833 omnibus

971 1846 1142 1878 difficilior
1159 1853 1262 1889 atque
1277 1849 1492 1889 praeruptior,
1503 1850 1676 1891 negligen-

972 1897 1038 1927 tius
1070 1898 1292 1929 servabatur?
1349 1899 1439 1932 Quin
1467 1904 1502 1930 et
1529 1900 1673 1933 Graecus

971 1946 1125 1988 ὀλιγώρως
1148 1947 1370 1988 φρουρούμενον
1396 1954 1506 1980 vocat.
1551 1950 1673 1991 Itaque

971 1998 1119 2039 dubium,
1150 1999 1316 2040 quomodo
1343 2000 1410 2039 legi
1438 2005 1591 2040 praestet.
1638 2001 1674 2032 Si

970 2050 1032 2080 hoc
1062 2050 1277 2089 retineamus,
1293 2048 1435 2081 offendit
1458 2060 1511 2081 rne
1535 2060 1601 2081 vox
1625 2055 1672 2082 ta-

970 2110 1053 2130 men:
1076 2107 1111 2130 ct
1128 2100 1354 2139 nihilominus,
1373 2104 1410 2130 ut
1428 2110 1543 2131 verum
1568 2099 1674 2132 fatea-

971 2160 1056 2189 mur,
1073 2151 1191 2181 Cacsar
1208 2151 1255 2182 ait
1283 2156 1420 2191 captum
1445 2161 1463 2181 a
1487 2160 1522 2182 se
1539 2151 1674 2190 collem,

971 2202 1164 2243 priusquam
1189 2203 1340 2233 subsidio
1370 2203 1484 2234 venire
1511 2203 1673 2244 oppidani

970 2259 1122 2294 possent,
1139 2253 1228 2294 quod
1252 2253 1386 2284 omnino
1405 2254 1542 2284 videtur
1556 2254 1672 2294 praesi-

970 2304 1017 2334 dii
1031 2305 1235 2344 paucitatem
1249 2305 1400 2335 innuere.
1423 2305 1551 2336 sossius.
1576 2304 1671 2336 Fulv.

970 2355 1112 2386 Ursinus
1143 2361 1178 2386 et
1208 2355 1284 2385 Pet.
1317 2354 1531 2392 ciacconius,
1557 2353 1671 2384 deleta

970 2405 1139 2444 particula
1154 2404 1325 2445 negativa,
1341 2404 1459 2443 legunt
1471 2403 1616 2443 proesidio
1631 2402 1669 2433 ab

970 2454 1011 2484 iis
1036 2454 1128 2484 nimis
1144 2453 1257 2495 firmo,-
1284 2453 1403 2484 codem
1426 2462 1523 2483 sensu
1541 2452 1669 2483 Guliel-

968 2514 1042 2535 mus
1065 2506 1232 2535 Canterus
1250 2505 1336 2536 Nov.
1356 2505 1450 2534 Lcet.
1475 2512 1514 2534 11.
1537 2505 1590 2533 28.
1618 2512 1668 2534 re-

969 2555 1063 2595 ponit
1093 2565 1150 2585 non
1181 2555 1281 2586 minus
1299 2554 1412 2596 firmo;
1449 2558 1484 2584 et
1512 2561 1589 2583 sane
1619 2553 1667 2584 sic

969 2604 1107 2635 exhibet
1132 2605 1196 2636 Ms.
1223 2604 1359 2635 Nervic.
1403 2603 1470 2634 sed
1497 2612 1557 2633 ncc
1580 2603 1667 2634 lianc

968 2663 1031 2685 nec
1062 2654 1152 2684 illam
1182 2653 1410 2693 conjecturam
1440 2652 1582 2683 admitto
1597 2663 1606 2690 3
1641 2652 1669 2682 si

968 2703 1055 2734 enim
1085 2712 1179 2733 mons
1206 2702 1262 2732 ille
1290 2701 1478 2731 firmissimo
1507 2700 1667 2741 praru-idio

969 2758 1116 2792 tenetur,
1133 2751 1300 2794 quomodo
1313 2750 1384 2782 ficri
1400 2751 1524 2791 potuit,
1541 2756 1578 2781 ut
1595 2751 1666 2782 Cae-

968 2813 1022 2836 sar
1048 2813 1124 2836 eum
1151 2807 1348 2844 occuparet,
1368 2803 1549 2843 priusquam
1570 2801 1665 2833 subsi-
