1818 3131
303 236 398 266 Lnu
431 235 496 264 vn
525 222 828 263 cAP.18.nn
863 233 1016 262 nunno
1049 233 1276 264 cALAACO.

75 331 261 371 ῥιπτοῦντες,
275 331 343 361 ταῖς
355 329 468 360 ἄλλαις
476 339 511 359 τι
527 325 698 358 κτείναντες
714 328 765 355 θα-

76 381 170 413 νάτου
190 380 291 412 ἰδέαις.
333 380 466 412 Vossius.
523 376 683 417 Ceperint,
703 377 766 416 ple-

75 442 199 472 rumque
230 432 385 462 devovent.
437 428 515 463 Quae
544 427 768 467 superat-erint,

75 482 220 514 animalia
233 483 323 521 capta
337 477 504 515 immolant,
520 478 572 515 ἔμ’.
617 476 768 514 Scaliger

75 537 111 563 et
121 531 335 564 Recentiores
344 528 644 567 habent,ceperune.
669 525 768 558 Quod

74 589 208 622 prorsus
243 577 436 610 absurdum.
494 577 652 609 Nondum
681 575 768 606 enim

73 632 148 663 bello
169 630 348 672 quicquam
378 631 532 668 ceperunt,
568 637 668 668 quum
696 627 767 667 jam

69 680 175 721 proelt'o
201 680 348 711 dimicare
376 680 598 709 constituerunt
628 682 768 707 tantum.

73 730 186 764 Quare
210 730 344 761 omniuo
360 738 435 761 cum
453 728 633 759 Ciaccouio
656 727 768 766 legen-

71 781 151 812 dum
167 781 334 819 existimo,
350 789 416 820 quae
439 778 515 809 bello
527 777 661 818 ceperint
674 787 685 812 ;
707 777 769 806 hoc

73 837 138 872 est,
151 842 218 872 (μεθ
231 832 352 872 capturi
367 831 450 866 sinn·
473 840 546 871 quae
562 829 709 868 futurum
724 831 769 859 est

72 887 105 914 ut
121 883 266 923 ccpiant;
284 882 324 913 τὰ
339 879 569 922 ληφθησόμενα,
587 884 624 910 ut
640 879 769 920 optime

73 935 238 974 expressit
268 933 431 965 Graecus:
463 937 564 973 atque
595 930 643 961 ita
669 930 769 970 plane

71 984 232 1025 scriptum
257 989 312 1015 est
335 984 368 1014 in
391 984 473 1014 Mss.
492 983 574 1022 Reg.
591 981 717 1012 Ellens.
735 985 769 1011 et

72 1034 196 1066 Vossii.
242 1035 363 1074 Porro,
390 1043 465 1065 cum
488 1032 606 1064 eodem
631 1031 769 1063 Ciacco·

71 1085 139 1126 nio,
155 1094 217 1126 pro
234 1085 313 1121 Quae
328 1084 553 1125 superat-erint,
571 1083 704 1113 omnino
725 1082 771 1112 le-

73 1136 219 1178 gendum
248 1141 344 1177 puto,
370 1145 472 1176 quum.
520 1133 608 1164 Nam
637 1132 671 1162 in
702 1132 769 1164 Ms.

73 1186 196 1219 Ellensi
206 1186 370 1228 scriptum
380 1190 432 1217 est
444 1184 654 1221 abbreviate,
665 1192 771 1223 quam:

72 1242 108 1270 et
129 1236 285 1276 Librarii,
307 1235 364 1278 qui
382 1244 449 1266 non
464 1233 718 1272 intellexerunt,
734 1233 771 1262 τὸ

72 1298 164 1329 quum
188 1286 412 1329 superaverint,
430 1284 624 1326 oppositum
641 1293 713 1315 csse
728 1280 772 1320 τῷ

73 1348 163 1379 quum
196 1339 304 1379 proelio
338 1337 485 1368 dimicare
521 1334 771 1370 constituerunt,-

73 1388 292 1429 scripserunt,
316 1396 383 1427 ‹111ae
406 1385 630 1426 superaverint,
653 1388 691 1414 ut
713 1393 772 1423 op-

75 1439 153 1479 poni
177 1437 350 1470 videretur
371 1437 414 1475 τῷ
435 1447 503 1476 ‹111ae
526 1435 600 1467 bello
624 1435 771 1476 ceperint.

73 1489 244 1530 Denique,
258 1487 363 1530 (quod
383 1496 449 1518 non
465 1487 660 1518 observavit
676 1487 772 1518 Ciac-

72 1538 217 1579 conius‚)
240 1548 283 1570 ex
312 1539 390 1569 Vet.
415 1538 508 1570 Edit.
522 1537 675 1569 Romana
692 1538 770 1569 scri-

71 1589 220 1621 bendum
257 1588 426 1628 existimo,
455 1592 698 1628 superarer-unm
733 1594 772 1620 ut

73 1638 276 1680 respondeat
291 1638 515 1678 praecedenti,
533 1638 770 1670 constituerunt.

71 1690 216 1730 Jamque
242 1693 316 1720 tota
334 1688 502 1720 sententia
517 1694 637 1729 aperta
655 1690 720 1720 erit
736 1694 772 1720 et

72 1741 220 1781 elegans.
254 1741 263 1757 ‘
281 1739 384 1779 Huic,
414 1750 507 1780 quum
536 1740 654 1780 proelio
677 1740 773 1771 dimi-

73 1799 153 1822 care
167 1790 402 1827 constituerunt,
414 1799 467 1830 ea,
479 1799 556 1831 quae
572 1789 661 1821 bello
675 1799 774 1830 cepe-

72 1842 140 1873 rint
160 1841 216 1883 (τὰ
235 1839 482 1881 ληφθησόμενα,)
498 1841 698 1881 plerumque
713 1840 772 1872 de-

71 1897 214 1924 vovent:
238 1902 329 1933 quum
354 1894 586 1932 superaverunt,
616 1891 773 1922 animalia

72 1947 174 1984 capta
189 1942 386 1982 immolant,'
403 1944 468 1973 ὅτε.
487 1942 596 1972 Clark.
625 1941 772 1983 ceperint

72 1993 230 2027 scribitur
245 1993 278 2024 in
295 1993 379 2025 Cod.
402 1993 491 2024 Ach.
512 1993 600 2024 Stat.
626 1997 661 2023 et
687 1992 772 2023 Mss.

71 2045 155 2077 meis
175 2044 342 2084 omnibus,
360 2048 396 2076 et
421 2043 510 2075 Edd.
533 2044 674 2074 Vascos.
697 2043 772 2074 Ste-

72 2095 183 2136 phani,
195 2094 339 2134 stradae,
356 2094 517 2135 Gryphii,
533 2093 671 2135 aliisque
692 2102 773 2134 pau-

75 2145 133 2176 cis.
179 2144 328 2184 Priores,
347 2144 429 2176 item
444 2143 538 2183 Alai,
555 2144 772 2184 plurimaeque

68 2195 140 2234 jam
154 2198 233 2225 ante
248 2194 413 2235 Scaliger,
431 2195 520 2225 male
534 2196 687 2234 ceperunt.
734 2193 774 2224 In

76 2246 198 2277 ceteris
213 2245 294 2276 nihil
311 2245 455 2285 variant,
470 2245 532 2276 nisi
545 2245 635 2286 quod
651 2255 774 2285 supera-

77 2299 183 2327 rerunt
210 2299 321 2327 exstat
350 2296 383 2326 in
409 2295 496 2327 Edd.
521 2296 616 2327 Rom.
631 2296 720 2326 Ven.
738 2300 774 2327 et

75 2346 217 2378 Mediol.
232 2346 322 2388 quod
348 2355 416 2377 nou
441 2345 541 2377 video
568 2355 642 2377 esse
660 2355 774 2377 ueces-

73 2397 206 2428 sarium.

117 2449 157 2478 13
184 2446 340 2487 Tumulos]
365 2446 554 2487 Glaudorp.
569 2445 619 2477 uti
635 2449 671 2476 et
687 2445 774 2478 Edd.

74 2497 159 2529 Ven.
174 2495 254 2528 Ald.
268 2497 386 2537 steph.
401 2496 531 2537 Grypli.
546 2496 662 2533 Probi,
676 2496 774 2527 Plan-

76 2547 136 2578 tin.
153 2546 317 2578 exhibent
341 2548 494 2578 cumulos:
519 2546 609 2588 quod
631 2550 667 2577 et
692 2556 775 2586 prae-

79 2595 147 2628 fert
170 2597 243 2629 Cel.
268 2597 403 2629 Duker.
422 2597 464 2628 ad
480 2597 614 2628 Florum
640 2606 680 2627 ιι.
698 2599 731 2635 4,
744 2600 774 2627 5.

18 2656 24 2665 ’
78 2655 119 2676 ex
133 2646 208 2678 loco
222 2647 310 2680 Livii
321 2657 353 2680 v.
368 2650 421 2678 39.
437 2656 534 2689 quem
545 2647 656 2678 locum
672 2647 774 2678 ctiam

79 2694 164 2727 citat
189 2696 429 2739 Glmdorpius,
459 2699 467 2715 ‘
486 2698 579 2729 Galli
610 2707 774 2729 caesorum

79 2744 184 2784 spolia
205 2745 330 2787 legere,
356 2757 592 2789 armorumque
611 2748 773 2787 cumulos,

81 2798 119 2826 ut
133 2802 205 2826 mos
231 2795 279 2828 eis
298 2800 363 2838 est,
385 2797 611 2830 coacervare!
645 2797 772 2829 Verum

1406 222 1516 264 1161

820 325 901 356 Msti
919 336 1032 356 omncs
1057 328 1252 358 constanter
1268 329 1404 355 servant
1419 328 1519 356 tumu-

817 375 870 405 los.
896 377 969 406 Nec
988 378 1084 407 male.
1123 376 1246 407 Tamuli
1263 381 1338 406 sunt
1352 374 1446 415 facti,
1460 376 1516 417 qui

818 432 992 456 remanent
1017 437 1056 457 cx
1085 428 1247 467 conjectis
1268 427 1346 457 olim
1376 426 1517 456 cumulis

818 477 927 507 har-um
955 487 1068 507 rerum.
1124 478 1246 507 Tumuli
1278 479 1387 507 harum
1413 486 1516 507 rerum

819 526 981 557 distincte
995 529 1147 557 atumulis
1162 528 1304 564 terrenis,
1320 533 1355 557 ut
1370 526 1518 568 loquitur

819 578 860 608 B.
885 577 928 607 G.
957 580 1048 608 ι.43.
1089 577 1302 607 ereberrime
1328 583 1440 608 autem
1463 577 1516 608 hae

818 637 919 658 voces
949 626 993 657 ob
1022 627 1230 658 vicinitatem
1268 629 1446 668 scripturae
1483 632 1521 660 et

819 677 1074 717 significationis
1111 678 1370 710 confunduntur.
1431 679 1518 711 Vide

820 730 920 760 etiam
946 729 988 760 ad
1018 731 1142 760 Lucan.
1170 739 1204 760 v.
1225 733 1298 761 644.
1321 736 1355 761 et
1372 739 1421 761 lx.
1440 734 1516 762 485.

823 780 994 811 ‘tumulos
1029 779 1171 811 involvit
1204 780 1348 811 arenae:'
1392 786 1428 811 et
1465 781 1518 811 el.

820 831 935 862 Burin.
953 830 994 861 ad
1012 830 1115 861 Ovid.
1131 831 1232 862 Trist.
1248 840 1271 861 1.
1291 834 1342 861 10.
1359 832 1413 861 20.

865 885 901 912 14
927 882 1034 921 Neque
1055 892 1134 922 swpe
1161 883 1275 912 accidit
1297 886 1344 921 ut,
1362 881 1431 921 ἐγὼ]
1457 881 1522 912 Lo-

820 942 895 963 van.
917 932 1047 963 Buslid.
1075 933 1205 963 Duker.
1231 934 1338 964 Dorv.
1365 938 1400 963 et
1420 933 1519 963 Voss.

821 993 887 1014 sec.
902 993 995 1023 neque
1018 986 1052 1013 ut
1076 993 1155 1023 soepe
1178 994 1239 1015 acc.
1263 984 1296 1014 in
1322 984 1414 1014 Leid.
1441 991 1520 1014 vero

822 1034 928 1074 primo
951 1033 1107 1064 scribitur
1122 1045 1129 1064 :
1147 1036 1155 1050 ‘
1172 1034 1327 1074 Namque
1343 1042 1434 1073 saepe
1456 1033 1520 1064 sic—

820 1090 858 1115 ut
888 1085 1025 1124 accidit,
1052 1086 1113 1124 ut‚’
1148 1088 1210 1118 ἃς.
1250 1087 1291 1117 R.
1330 1086 1519 1126 Stephanus

821 1134 923 1165 etiam
953 1144 1027 1165 cum
1052 1135 1191 1167 Vascos.
1215 1140 1251 1166 et
1279 1135 1402 1166 Strada
1429 1135 1522 1165 exhi-

820 1185 968 1217 buerunt
991 1196 1130 1227 namque.
1177 1186 1288 1217 Aliter
1309 1186 1364 1216 hic
1386 1185 1522 1216 videtur

821 1236 942 1277 legisse
970 1237 1237 1277 B‘Ietapllraste5‚
1256 1241 1394 1267 vertens
1418 1234 1443 1266 εἰ
1466 1235 1522 1273 μὲν

820 1286 881 1327 ’γάρ
894 1298 985 1325 τινες,
999 1289 1063 1319 «Sec.
1080 1286 1250 1327 κλεψάντες
1278 1286 1432 1327 εὕρωνται,
1452 1285 1520 1317 τού-

819 1351 891 1370 τους
906 1341 1033 1379 ᾰφειδῶς
1057 1338 1236 1378 κολάζουσι.
1283 1338 1387 1372 Quasi
1410 1338 1444 1369 in
1461 1348 1521 1369 suo

822 1390 948 1421 Codice
971 1390 1160 1420 invenerit:
1185 1390 1194 1405 ‘
1209 1389 1365 1429 Namque
1392 1389 1440 1419 sic
1465 1388 1523 1419 ubi

820 1442 957 1481 accidit,
973 1446 1023 1480 ut,
1041 1444 1105 1472 obe.
1121 1440 1275 1479 auderet,
1291 1440 1522 1481 gravissimum

822 1491 863 1522 ei'
889 1492 943 1522 vel
968 1495 976 1509 ‘
995 1492 1043 1522 illi
1070 1492 1179 1532 suppl.
1203 1491 1425 1522 constitutum
1447 1490 1524 1522 est.’

821 1543 866 1574 Et
890 1552 970 1574 sane
989 1542 1110 1573 melius
1134 1541 1336 1582 procederet
1353 1539 1524 1581 inperfec-

822 1598 894 1624 tum
909 1594 1056 1624 auderet:
1078 1592 1121 1623 ad
1142 1592 1230 1632 qnod
1253 1592 1326 1632 jam
1349 1590 1524 1622 offendens

823 1642 1022 1674 Ciacconius
1047 1641 1252 1682 conjiciebat
1277 1642 1409 1673 audeat:
1438 1651 1525 1682 prae-

822 1696 917 1724 terea
942 1693 989 1724 rei
1015 1702 1082 1723 non
1113 1692 1268 1733 agnoscit
1294 1692 1524 1729 Petavianus;

822 1748 858 1774 et
887 1743 915 1774 ei
953 1743 1051 1774 deest
1084 1742 1117 1773 iu
1150 1741 1282 1773 Duker.
1313 1741 1460 1772 Dorvill.
1488 1747 1524 1771 et

821 1793 1098 1825 Voss.secundo.
1143 1792 1232 1823 Vide
1254 1792 1358 1822 etiam
1380 1801 1448 1832 seq.
1466 1800 1524 1822 no-

822 1847 903 1874 tam.
960 1844 1087 1874 Verum
1112 1843 1215 1883 quum
1246 1842 1438 1873 encliticam
1468 1850 1525 1881 que

822 1894 995 1925 retineant
1011 1893 1097 1924 Mss.
1117 1902 1248 1931 omnes,
1263 1892 1354 1930 vide,
1370 1901 1450 1922 num
1474 1901 1525 1923 re-

822 1943 925 1975 scribi
946 1943 1076 1984 possit:
1101 1943 1110 1960 ‘
1126 1943 1282 1984 Namque
1306 1941 1395 1973 haud
1418 1941 1524 1982 saepe’

821 1994 877 2024 vel
891 1994 901 2010 ‘
920 2002 1010 2033 saepe
1025 1992 1116 2024 haud
1132 1992 1270 2032 accidit,
1285 1996 1323 2023 ut
1339 1992 1412 2034 quis
1426 1990 1528 2022 aude-

823 2043 898 2074 ret!
948 2043 989 2074 Iu
1023 2042 1170 2073 lectione
1211 2041 1373 2083 Stephani
1409 2050 1527 2073 sensus

823 2093 923 2134 plane
941 2093 1132 2124 contrarius
1147 2096 1211 2124 est.

867 2147 908 2176 16
931 2143 975 2174 Εἰ
995 2144 1043 2174 rei
1062 2142 1261 2183 supplicium]
1285 2143 1399 2182 Longe
1415 2141 1528 2180 aliter,

823 2195 883 2226 scd
910 2195 1127 2235 interpolate,
1151 2193 1178 2224 si
1206 2192 1287 2234 quid
1313 2192 1427 2233 video,
1452 2192 1526 2223 haec

823 2244 1068 2277 circumferunt
1122 2244 1207 2275 Mss.
1246 2243 1364 2283 Cujac.
1399 2241 1527 2273 Audin.

824 2296 920 2328 Leid.
960 2296 1059 2337 prim.
1095 2293 1314 2332 Oxoniensis,
1341 2296 1377 2324 et
1406 2292 1529 2324 Petav.

822 2356 949 2388 margo.
973 2349 982 2363 ‘
1002 2346 1055 2377 Ibi
1071 2345 1273 2386 supplicium
1291 2344 1411 2375 horum
1425 2343 1528 2374 delic-

823 2396 945 2429 torum'
976 2397 1029 2428 vel
1069 2399 1194 2436 ‘supp
1227 2393 1271 2425 ibi
1300 2394 1427 2424 horum.
1460 2392 1527 2424 del.

822 2455 899 2477 cum
916 2445 1020 2477 cruc!
1035 2448 1099 2477 ἃς.

866 2505 975 2528 xvm.
994 2499 1007 2527 l
1038 2495 1128 2526 Galli
1152 2505 1185 2526 se
1204 2504 1306 2525 omnes
1327 2493 1365 2524 ab
1381 2493 1459 2525 Dite
1471 2503 1527 2533 pa-

823 2549 871 2577 tre
892 2549 1060 2587 prognatos
1074 2544 1262 2586 pradicant]
1287 2543 1388 2574 Hunc
1412 2543 1526 2573 Samo-

824 2597 904 2627 then
930 2596 1032 2627 fuisse
1061 2596 1191 2627 dictum
1217 2594 1285 2625 tide
1312 2593 1433 2624 Berosi
1461 2591 1529 2622 An-

824 2647 913 2678 niani
927 2647 1032 2678 tradit
1043 2646 1140 2678 Edm.
1151 2645 1389 2676 Dickcnsonus
1399 2641 1527 2682 Delph.

824 2696 943 2729 Phoen.
960 2707 992 2738 p.
1008 2699 1080 2728 184.
1099 2695 1160 2726 sed
1174 2695 1278 2725 miror
1293 2693 1401 2723 virum
1419 2691 1530 2722 erudi-

823 2752 895 2780 tum
911 2748 1134 2789 suppositicio
1152 2746 1200 2776 illi
1223 2744 1324 2782 libro,
1349 2746 1384 2773 et
1408 2742 1530 2784 turpis-

822 2798 905 2830 simo
943 2797 1134 2829 fabularum
1169 2792 1382 2835 sterquilinio
1418 2792 1526 2825 credi-
