1818 3131
424 223 570 253 1,111.1.
603 221 708 251 oAP.
733 213 775 252 5.
811 224 872 253 nu
907 225 1060 254 nunno
1093 224 1265 254 civim.

124 315 216 353 legas
233 323 365 355 quoque
383 315 415 344 in
431 314 526 346 Leid.
542 324 593 354 pr.
610 320 678 344 sec.
695 313 816 343 Petav.

125 364 234 394 Palat.
263 365 367 403 Bong.
394 365 518 395 Lovan.
547 368 582 394 et
605 361 692 394 Edu.
723 362 818 392 Rom.

123 413 218 444 Med.
243 414 330 444 Ven.
356 414 508 453 aliisque,
533 413 571 443 In
596 411 741 442 Dorvill.
767 417 819 443 est

124 465 263 492 extrema
271 463 353 501 juris
368 462 590 493 intercessione.

163 515 182 541 6
207 512 267 542 Sed
282 514 319 543 de
340 522 394 543 sua
414 514 512 543 salute
527 512 578 542 die
592 512 720 552 septimo
735 512 818 551 cogi-

121 565 189 592 tare
203 563 368 602 coguntur]
398 564 501 594 Recte
518 564 588 594 liaec
606 565 710 594 verba
734 564 820 594 acci-

121 611 254 651 pienda,
279 622 354 642 nam
385 612 476 643 foede
504 614 536 644 in
564 614 601 644 iis
633 614 716 654 lapsi
742 618 819 644 sunt

121 670 196 692 cum
227 663 378 702 Ursinus,
418 670 487 695 tum
517 665 728 702 Ciacconinm,
763 665 818 705 qui

119 712 214 744 aiunt
244 723 297 744 vn
324 715 412 746 diem
437 716 524 746 hunc
555 716 667 755 fuisse,
690 727 731 747 ex
752 725 818 757 quo

120 763 352 803 magistratum
388 766 534 797 inierunt
570 766 724 805 Tribuni,
761 767 817 807 qui

119 813 246 853 spissus
274 823 368 845 error
394 819 469 846 est:
506 825 580 846 nam
613 816 756 846 Tribuni
783 821 819 846 ut

121 862 272 895 disertim
315 870 460 896 testatur
494 866 636 906 Dionys.
665 866 818 898 Halicar.

119 915 150 942 4.
176 913 226 944 Id.
251 915 416 945 Deeemb.
443 915 643 955 dignitatem
667 917 816 955 auspica-

121 961 255 995 bantur.
283 965 381 995 Unde
399 970 433 996 et
451 966 653 997 Plutarchus
670 966 703 996 in
721 967 818 999 Qua*-

120 1012 284 1044 stionibus
304 1015 398 1046 Rom.
425 1025 457 1055 p.
474 1019 548 1047 283.
574 1026 603 1047 c.
627 1016 684 1054 ait,
706 1017 766 1046 Διὰ
787 1016 833 1046 τὶ,

121 1062 343 1103 περιπόρφυρον
367 1065 384 1094 ὁ
407 1064 562 1105 δήμαρχος
585 1066 620 1095 οὐ
639 1068 735 1106 φορεῖ,
757 1067 818 1096 τῶν

119 1112 225 1144 ἄλλων
248 1114 405 1154 ἀρχόντων
423 1115 612 1154 φορούντων;
638 1117 657 1152 ἢ
672 1116 711 1146 τὸ
724 1115 818 1156 παρά-

117 1174 178 1193 παν
193 1163 264 1195 οὐδέ
275 1165 360 1195 ἐστιν
375 1164 496 1204 ἅρχων;
524 1165 594 1196 οὐδὲ
607 1166 668 1206 γὰρ
689 1166 817 1205 ῥαβδού-

119 1225 195 1252 χους
217 1213 336 1254 ἔχουσι,
363 1215 431 1246 οὐδὲ
447 1216 495 1246 ἐπὶ
523 1215 628 1256 δίφρου
657 1216 818 1255 καθήμενοι

119 1263 372 1305 χρηματίζουσιν,
386 1265 454 1296 οὐδὲ
471 1264 557 1297 ἔτους
575 1266 668 1307 ἀρχῇ,
684 1266 818 1307 καθάπερ

119 1313 146 1343 οἱ
157 1314 258 1344 λοιποὶ
266 1313 390 1354 πάντες,
400 1314 641 1355 ἄρχοντέςζείσιν,
649 1321 714 1348 etc.
734 1317 817 1348 Voss.

159 1367 180 1394 6
205 1364 293 1398 Quod
316 1365 363 1395 illi
387 1365 658 1406 turbulentissimi]
695 1367 817 1398 Sensus

117 1414 278 1453 postulat,
302 1418 339 1445 ut
365 1415 511 1455 legatur,
539 1425 614 1446 cum
635 1417 682 1446 illi
710 1417 817 1448 turbu·

116 1464 293 1502 latissimi,
317 1466 381 1494 ὰς.
428 1465 520 1496 Olim
544 1476 641 1505 quom,
667 1472 703 1497 at
727 1467 760 1497 id
783 1467 816 1497 in

116 1516 195 1553 quod
209 1513 310 1545 facile
327 1519 486 1547 mutatur.
532 1516 619 1547 Vide
646 1517 688 1547 ad
718 1518 755 1548 Β.
771 1518 816 1550 G.

117 1572 141 1595 1.
158 1567 209 1595 18.
247 1564 359 1596 Dat-is.
382 1575 453 1597 cur.
471 1575 537 1597 sec.
579 1567 671 1598 Male
687 1572 816 1600 mutare

117 1618 260 1644 conatur
284 1615 452 1647 Davisius.
501 1617 589 1651 Quod
612 1617 744 1649 scilicet
771 1628 817 1649 co-

114 1663 219 1701 gitare
230 1665 268 1694 de
282 1674 338 1695 sua
351 1666 460 1697 salute.

158 1717 178 1745 7
205 1715 323 1746 octavo
346 1717 476 1757 denique
491 1718 605 1758 mmse]
644 1719 814 1760 Legebam

117 1764 292 1795 duodecimo
306 1775 418 1805 mense,
435 1773 470 1797 et
496 1767 594 1799 video
618 1777 707 1800 nunc
726 1769 816 1800 idem

117 1814 336 1845 Ciacconium
365 1817 526 1856 posuisse.
578 1818 692 1849 Facile
724 1819 815 1849 enim

118 1865 228 1906 potuit
245 1874 298 1896 xu
317 1866 350 1896 in
366 1875 419 1899 ux
443 1867 575 1898 mutari.
621 1868 655 1899 Si
680 1877 735 1899 xit
766 1869 813 1899 le-

116 1924 188 1955 gas,
217 1913 318 1946 facile
342 1916 502 1957 conjectu
520 1921 584 1958 est,
600 1918 681 1959 quid
699 1919 815 1950 Caesar

116 1965 211 1996 velit.
265 1965 301 1996 Si
329 1969 434 1997 octavo
463 1967 602 2007 retines,
632 1968 814 1999 dicendum

117 2025 193 2046 cum
240 2016 456 2049 Hotomanno
498 2024 641 2059 propter
678 2019 815 2050 comitia

117 2066 321 2106 consularia,
331 2077 406 2108 quae
422 2072 543 2099 octavo
556 2074 634 2108 post
644 2068 814 2100 habeban-

119 2122 187 2157 tur,
219 2117 333 2149 dicere
359 2119 526 2149 Caesarem
558 2119 711 2151 tribunos
742 2125 814 2151 tum

119 2166 252 2197 demum
269 2167 413 2207 coepisse
439 2173 611 2206 metuere;
635 2170 713 2210 quia
735 2179 815 2210 quo-

122 2217 206 2247 tidie
223 2216 385 2248 videbant
401 2217 488 2256 illos,
506 2218 595 2258 apud
612 2229 695 2260 quos
715 2221 816 2251 ratio-

115 2275 192 2298 nem
228 2266 394 2298 reddituri
411 2273 526 2299 essent
549 2269 718 2300 actionum
742 2279 815 2300 sua-

118 2326 204 2348 rum.
237 2316 376 2358 An‚quo
392 2322 544 2358 tempore
561 2328 648 2350 coss.
663 2319 815 2361 designa-

117 2366 253 2406 bantur,
266 2367 385 2398 eodem
409 2372 443 2398 et
471 2368 620 2400 Tribuno
642 2369 818 2400 denuntia-

117 2417 226 2456 batur,
240 2421 278 2448 ut
292 2427 328 2449 se
345 2422 481 2458 pararet
495 2418 538 2448 ad
562 2419 727 2450 rationem
743 2419 816 2450 red-

115 2467 262 2498 dendam
287 2468 432 2498 omnium
456 2477 531 2508 quae
551 2467 687 2509 egisset,
709 2468 816 2510 inqui-

115 2517 258 2548 rendum
285 2527 418 2548 censeo.
447 2518 579 2549 Vossius.
639 2519 723 2550 Mss.
748 2520 816 2550 mei

116 2567 249 2606 decem,
273 2572 310 2598 et
325 2567 414 2598 Edd.
433 2568 588 2608 primitus
606 2579 697 2600 cusae
723 2570 815 2600 exhi-

117 2616 199 2648 bent
212 2622 410 2649 constanter
436 2621 502 2649 octo
525 2619 556 2649 d.
576 2628 702 2650 menses.
747 2619 815 2650 Pro

115 2676 240 2697 suarum
269 2668 304 2699 in
335 2668 453 2699 Petav.
486 2669 610 2709 Scalig.
637 2669 731 2700 Leid.
761 2679 813 2708 pr.

117 2715 215 2746 Voss.
231 2720 344 2748 exstat
358 2717 528 2749 variarum.
574 2717 628 2749 An
654 2728 814 2758 mnarum,

118 2764 139 2796 i.
157 2774 189 2797 e.
208 2765 354 2798 levium?
388 2776 465 2810 quae
498 2776 600 2800 voces
630 2768 814 2810 saepissime

1456 215 1567 257 1339

871 321 1115 354 permutantur.
1157 316 1254 349 Quod
1272 317 1357 348 certi
1374 317 1427 348 hic
1445 317 1567 358 dicam,

870 365 950 394 nillil
977 366 1094 397 liabeo.
1141 369 1254 400 Quare
1287 368 1360 398 aliis
1387 368 1567 409 dispicien-

870 413 947 444 dum
967 416 1130 456 relinquo.

912 466 931 492 8
955 466 1006 494 Aa
1028 466 1103 495 illud
1120 470 1290 497 extremum
1314 472 1405 507 utque
1427 469 1567 499 ultimum

869 512 964 552 S.C.]
1001 515 1051 544 De
1076 516 1137 545 hoc
1164 516 1237 546 fuse
1262 519 1359 549 Barn.
1378 519 1566 549 Brissonins

871 563 982 593 Form.
1000 564 1022 594 l.
1036 573 1073 594 11.
1092 575 1125 605 p.
1141 568 1212 596 211.
1229 576 1320 607 seqq.
1337 568 1399 598 Ed.
1414 569 1567 600 Francos.

872 612 986 642 Duris.

912 666 932 693 9
956 663 995 694 In
1024 665 1162 695 incendio
1191 669 1281 705 atque
1310 668 1444 707 despen]
1481 669 1565 700 Mss.

870 722 984 743 omues
1008 713 1087 743 item
1116 715 1203 744 Iidd.
1228 716 1328 746 Vasc.
1359 717 1426 747 Str.
1449 718 1566 758 Steph-

870 762 1013 802 Gryphii
1036 762 1164 794 addunt
1181 764 1212 794 in
1235 766 1318 804 desp.
1366 766 1425 796 Uti
1453 767 1567 806 debet,

870 812 897 842 si
914 813 1104 852 exprimere
1130 814 1280 845 volumus
1310 814 1356 854 id,
1377 816 1466 856 quod
1483 818 1569 848 solet

870 864 992 904 passim
1020 864 1146 895 addere
1170 869 1302 904 auctor,
1322 871 1358 897 ut
1386 866 1569 898 innumeris

869 914 975 954 liquet
1001 915 1175 954 exemplis.
1222 915 1308 945 Vide
1335 916 1375 946 ad
1406 917 1503 948 B.G.
1527 926 1566 948 11.

869 966 920 994 10.
937 964 944 979 ‘
959 968 994 994 ut
1009 965 1120 1004 potius
1136 965 1168 994 in
1186 965 1266 1004 suis,
1281 975 1380 1006 quam
1399 966 1431 997 in
1449 966 1567 998 alienis

871 1012 995 1045 finibus
1013 1014 1253 1045 decertarent!

911 1066 950 1093 10
973 1064 1123 1094 Laterum
1160 1065 1309 1104 audacia]
1354 1066 1425 1096 Has
1456 1075 1568 1105 voces,

868 1113 1024 1153 apposita
1047 1114 1280 1145 admirationis
1312 1121 1404 1153 nota,
1443 1115 1568 1146 Paren-

867 1163 954 1192 thesi
970 1163 1189 1194 includendas
1212 1165 1344 1195 censuit
1359 1166 1391 1197 J.
1410 1166 1464 1195 Fr.
1482 1165 1568 1196 Gro-

867 1213 999 1243 novius.
1019 1213 1131 1243 Diatr.
1145 1213 1178 1243 in
1196 1214 1341 1244 Statium
1360 1224 1389 1245 c.
1410 1217 1441 1245 3.
1465 1225 1500 1257 p.
1516 1218 1567 1246 20.

867 1263 948 1302 Ipse
964 1263 1078 1303 potius
1096 1273 1166 1303 eas,
1191 1268 1351 1305 tanquam
1377 1265 1567 1304 Glossema,

867 1312 975 1344 deleo.
992 1314 1104 1344 Dat-is.
1120 1323 1190 1345 cur.
1206 1323 1273 1345 sec.
1321 1314 1495 1345 Manutius
1508 1315 1566 1346 has

867 1372 966 1394 voces
981 1363 1097 1394 abesse
1117 1368 1262 1395 testatur
1276 1374 1294 1394 a
1310 1366 1419 1395 veteri
1439 1366 1562 1396 Pinelli

866 1411 965 1442 libro.
1011 1412 1107 1443 Idem
1135 1413 1212 1443 olim
1237 1414 1425 1453 suspicatus
1447 1420 1497 1445 est
1523 1416 1567 1446 Ia-

866 1464 987 1492 tronum
1002 1463 1144 1501 audacia,
1169 1463 1335 1502 quomodo
1363 1465 1562 1496 Ciacconius

865 1512 985 1543 scribit
1014 1522 1087 1543 esse
1111 1513 1144 1543 in
1170 1513 1298 1553 scripto
1330 1514 1427 1545 libro.
1479 1515 1567 1546 Viro-

865 1571 933 1592 rum
946 1562 1055 1593 inveni
1070 1562 1103 1592 in
1120 1563 1216 1593 Voss.
1241 1564 1298 1594 alii
1315 1563 1434 1603 legunt
1450 1564 1566 1605 inepte

869 1612 983 1643 civium
1007 1614 1200 1653 perditor-um
1228 1614 1367 1645 audacia.
1429 1615 1566 1646 Ciacco-

866 1662 940 1692 nius
971 1663 1108 1694 delebat
1133 1665 1242 1695 salutis
1265 1666 1399 1695 latorum
1426 1665 1569 1705 audacia,

868 1712 1087 1754 ultimamque
1115 1723 1231 1745 vocem
1248 1715 1349 1746 etiam
1376 1726 1395 1746 a
1418 1715 1567 1746 Viterbi-

867 1762 940 1793 ensi
969 1763 1056 1794 libro
1087 1764 1240 1795 exsulare
1271 1765 1409 1796 monuit.
1481 1765 1567 1795 Post

867 1813 996 1843 audaci«
1034 1813 1288 1844 distinctionem
1313 1814 1445 1846 sustuli.
1504 1815 1567 1846 Ait

869 1863 994 1902 Caesar,
1019 1863 1060 1894 ad
1078 1863 1111 1894 id
1126 1864 1191 1895 SC.
1215 1873 1394 1905 numquam
1414 1870 1491 1896 ante
1510 1865 1565 1896 de-

865 1921 1020 1943 scensum
1030 1923 1104 1944 esse
1118 1913 1263 1944 audacia
1274 1923 1403 1954 eorum,
1414 1915 1469 1955 qui
1481 1916 1566 1946 tule-

866 1965 958 2000 runt,
987 1966 1022 1993 et
1039 1962 1107 1993 tale
1131 1963 1195 1994 SC.
1213 1968 1251 1994 ut
1277 1963 1388 2003 fieret,
1411 1965 1567 2004 perpule-

866 2017 945 2042 runt
957 2016 1140 2053 senatores,
1155 2014 1217 2044 nisi
1233 2014 1267 2044 in
1283 2014 1442 2046 incendio
1460 2021 1563 2056 atque

867 2059 1104 2101 desperatione
1116 2062 1230 2093 salutis
1246 2064 1394 2094 omnium
1410 2064 1545 2096 civium.

911 2113 948 2142 11
974 2111 1150 2142 Discessum
1165 2113 1226 2153 est]
1252 2112 1327 2144 Hoc
1353 2114 1488 2154 quidem
1513 2124 1565 2146 re-

866 2160 976 2192 tinent
999 2161 1169 2192 mordicus
1193 2163 1274 2194 Mss.
1293 2164 1426 2194 cuncti:
1451 2165 1566 2205 placet

866 2215 978 2242 tamen
992 2212 1096 2253 magis
1109 2213 1307 2254 conjectura
1323 2213 1439 2244 Kohlii
1451 2215 1566 2255 legeu-

867 2261 910 2293 tis
940 2263 1114 2294 descensum
1135 2266 1191 2294 est.
1237 2263 1317 2294 Non
1342 2263 1431 2295 enim
1454 2265 1566 2305 agitur

867 2312 909 2343 de
926 2312 1133 2344 discessione
1148 2313 1181 2344 in
1198 2313 1283 2345 hanc
1298 2315 1351 2345 vel
1375 2313 1468 2346 illam
1492 2325 1565 2346 sen-

869 2363 1022 2402 teutiam,
1037 2363 1097 2394 sed
1114 2363 1156 2394 de
1174 2364 1279 2395 totius
1296 2369 1432 2396 senatus
1449 2365 1565 2397 decre-

866 2416 913 2443 to.
973 2411 1039 2443 Adi
1068 2413 1202 2445 omnino
1231 2424 1306 2455 quae
1337 2416 1491 2455 congessi
1517 2416 1560 2446 ad

866 2462 907 2493 B.
931 2462 975 2494 G.
1000 2472 1063 2494 vu,
1079 2465 1156 2495 78.‘
1176 2463 1231 2495 Ad
1260 2465 1400 2497 Critolai
1430 2471 1567 2497 senteu-

865 2513 948 2544 tiam
965 2513 1197 2546 descendant!

909 2566 949 2594 12
967 2564 1089 2605 Quique
1100 2575 1218 2605 procos.
1234 2569 1303 2596 sunt
1314 2568 1354 2597 ad
1370 2566 1486 2606 urbem]
1508 2566 1564 2597 Ita

866 2613 991 2653 primus
1004 2615 1156 2646 restituit
1173 2616 1280 2648 Aldus
1298 2618 1485 2657 Manutius,
1502 2617 1561 2648 sed

865 2666 958 2697 nulla
970 2666 1094 2698 codicis
1122 2668 1246 2698 veteris
1262 2668 1467 2698 auctoritate
1493 2677 1562 2699 mo·

865 2721 928 2748 tus.
972 2717 1074 2749 Certe
1098 2717 1131 2747 in
1156 2718 1264 2757 Bong.
1281 2717 1402 2748 Petav.
1426 2721 1461 2747 et
1484 2718 1559 2749 Pal.

865 2772 940 2800 erat
965 2778 1030 2799 non
1046 2778 1163 2809 procos.
1189 2767 1250 2799 sed
1275 2777 1335 2798 cos.
1381 2767 1481 2798 Unde
1511 2774 1560 2800 te-
