1818 3131
266 214 379 258 1262

263 320 361 351 Voss.
380 330 446 352 sec.
464 322 614 353 meridiei.
653 321 700 353 At
716 322 840 354 Audin.
856 323 962 363 Bong.

264 379 316 410 pr.
349 371 444 401 Leid.
479 380 529 410 pr.
565 373 717 403 Vossian.
757 383 808 413 pr.
839 374 962 413 Scalig.

267 421 390 450 Lovau.
406 426 441 450 et
452 424 469 451 4
485 422 690 453 recentiores
700 428 733 454 et
748 423 811 455 Ed.
828 424 964 454 Incerta

263 470 411 500 meridie:
458 471 546 510 quod
581 481 647 502 non
685 479 800 512 putem
837 478 963 503 temere

263 519 498 558 spernendum.
525 521 660 552 Meridie
674 528 786 562 potest
797 523 963 562 seriptum

261 577 334 600 esse
352 570 490 611 antique
509 581 569 611 pro
586 573 721 603 meridiei
745 573 872 603 scilieet
890 577 964 602 tem-

259 629 329 658 ple-⁴1,
347 620 436 660 quod
454 622 638 660 prmcessit.
670 623 756 653 Vide
772 623 904 652 omuino
924 622 964 651 ad

262 677 302 701 Π.
330 673 383 700 25.
425 672 434 687 ‘
460 670 499 701 In
528 676 627 712 parte
654 673 751 702 acie!
791 673 965 702 l‘ra‘terea

260 719 443 750 notandum
459 730 590 761 quoque
608 731 684 751 mox
698 722 764 759 legi
784 721 815 750 in
841 719 963 751 Audin.

261 768 373 799 Oxou.
398 769 491 801 Laid.
517 780 565 810 pr.
583 775 616 800 et
633 771 757 808 Sealig.
782 775 790 786 ³
807 770 847 799 ad
867 770 963 800 nicri-

260 817 350 848 diem
369 819 624 859 propinquare!

304 876 455 899 Lxxxrv.
482 873 496 899 l
527 870 579 898 Ex
611 869 721 908 oppido
747 869 919 907 egreditur,
949 878 964 899 e

259 919 372 948 castris
402 919 573 959 longurios]
606 918 660 950 Ita
689 919 840 959 plerique
874 919 964 950 eodi-

262 975 330 1004 ces,
358 972 393 998 ut
418 969 579 998 nonnulla
619 968 738 999 deesse
773 969 964 1000 videantur.

263 1016 404 1047 Ursinus
423 1027 483 1057 pro
507 1028 523 1048 ι·
545 1018 656 1048 castris
683 1019 819 1058 legebat
842 1022 873 1049 et
896 1029 962 1049 cra-

259 1068 324 1096 tes:
348 1066 402 1096 alii
419 1070 448 1096 et
460 1071 587 1099 rastros.
650 1069 776 1098 *rraecus
793 1069 909 1106 habet,
925 1069 958 1099 ἐκ

260 1118 316 1153 τῆς
340 1112 609 1158 πόλεως’-’ἐξήγαγε
628 1118 666 1149 τὸ
691 1118 748 1148 σὺν
768 1119 849 1157 αὐτῷ
871 1119 963 1159 στρά-

262 1179 369 1205 τευμα.
404 1169 592 1207 Iucertuin,
608 1179 682 1209 qum
701 1179 780 1199 vera
797 1170 910 1208 lectio,
927 1174 962 1200 et

261 1221 484 1260 exspectandi
516 1221 673 1252 meliores
701 1221 847 1251 codices.
878 1221 961 1252 l'oss.

262 1271 349 1303 Vide
376 1273 513 1305 Justnm
537 1273 686 1313 Lipsiuux
714 1273 861 1303 Poliore.
889 1272 911 1301 l.
937 1281 960 1302 1.

261 1324 351 1354 Dial.
368 1326 399 1353 9.
427 1324 536 1354 Duris.
582 1324 629 1353 Ac
654 1321 961 1360 crates‚longnrios‚

261 1372 534 1410 musculos-‚falces
580 1372 635 1402 Ita
652 1371 877 1402 emendarunt
889 1371 961 1401 viri

260 1422 366 1460 docti,
389 1431 462 1452 cuin
488 1421 518 1450 iu
545 1421 627 1451 Mss.
655 1421 699 1450 sit
719 1421 830 1450 castris
855 1420 962 1458 longu-

260 1471 335 1509 rios,
351 1472 403 1510 8515.
449 1471 546 1503 Quod
565 1471 629 1501 etsi
655 1470 735 1501 ferri
762 1479 860 1510 posse
883 1479 962 1510 quo-

261 1520 439 1551 danunodo
475 1520 623 1558 videtur,
669 1520 759 1561 quod
807 1520 962 1550 habuerit

261 1571 521 1609 Vercingetorix
533 1570 715 1601 munitiones
729 1574 763 1601 et
775 1573 877 1600 castra
895 1572 963 1609 (su-

261 1630 322 1660 pra
339 1630 368 1652 c.
385 1620 455 1661 70.)
482 1621 569 1651 unde
587 1621 619 1651 iu
636 1620 798 1660 oppidum
816 1629 851 1650 se
870 1629 962 1650 reee—

261 1675 377 1710 perat;
417 1671 516 1711 longe
544 1676 657 1701 tamen
685 1670 881 1701 concinnior
909 1676 962 1701 est

261 1721 363 1751 lectio
400 1721 465 1751 ista
499 1721 690 1760 emendata,
714 1724 825 1758 crates,
855 1721 962 1759 longu-

261 1772 336 1810 rios,
350 1772 402 1810 850.
449 1770 524 1801 Nisi
542 1770 630 1802 forte
644 1781 685 1801 ex
706 1771 831 1801 Graeco
854 1770 961 1800 Inter-

261 1824 372 1860 prete,
396 1820 452 1861 qui
475 1821 577 1851 habet
600 1819 793 1860 ἁρπαγῶνας,
818 1820 960 1858 seripse-

260 1871 305 1901 rit
329 1870 402 1910 quis
427 1870 552 1910 potius,
573 1870 695 1907 siu-cus,
718 1870 885 1907 witgario&
908 1871 959 1909 έῇϊ.

260 1919 347 1951 Quae
364 1919 587 1949 instrumenta
603 1924 636 1949 ct
660 1920 738 1949 alibi
761 1930 960 1950 muniuerun-

262 1974 315 1999 rat
347 1969 473 1999 Caesar.
501 1970 609 1999 (ἹιινΙε.

258 2018 335 2048 dem
374 2018 508 2048 videtur
546 2019 654 2058 Lipsii
694 2019 886 2049 emendatio
925 2029 959 2049 uc

258 2071 368 2098 crates.
429 2068 517 2098 Nuin
549 2068 580 2097 in
609 2069 698 2098 nullo
723 2068 850 2107 codice,
867 2068 957 2108 quod

259 2117 375 2154 sciam,
387 2122 500 2148 exstat
517 2128 544 2148 e.
574 2118 640 2149 Sed
656 2129 674 2149 a
693 2119 845 2158 plurimis
863 2118 960 2149 abest

258 2169 468 2208 praepositio,
497 2169 545 2199 uti
570 2175 605 2199 et
633 2169 718 2199 [dd.
745 2169 874 2209 primis,
906 2169 959 2198 vel

257 2218 377 2257 legunt
392 2229 422 2257 u,
445 2218 492 2249 uti
521 2224 574 2249 est
598 2219 630 2248 in
655 2219 730 2258 Cuj.
748 2218 836 2248 Seal.
864 2218 957 2249 Leid.

258 2277 310 2308 pr.
335 2267 426 2298 And.
448 2269 558 2299 Otxon.
586 2268 674 2299 Edd.
704 2269 804 2298 Vase.
828 2268 956 2307 Gryph.

256 2318 410 2359 aliisque.
430 2320 604 2350 Praeterea
633 2329 664 2349 c.
682 2322 734 2349 81.
753 2319 839 2349 dixit
857 2321 864 2336 ‘
880 2321 958 2349 Cra-

257 2372 308 2398 tes
326 2368 503 2407 projicere,
520 2366 642 2403 fundis,
670 2368 814 2406 sagittis,
838 2368 956 2407 lapidi-

257 2417 318 2448 bus
346 2417 559 2448 deturbare?
592 2418 648 2447 ubi
677 2427 755 2447 vere
784 2423 897 2447 exstat
922 2418 954 2447 in

257 2467 367 2498 Oxon.
391 2468 497 2506 crutis,
513 2468 651 2508 antiquo
668 2469 872 2507 accusativo,
898 2470 955 2509 qui

255 2515 417 2547 facillime
432 2518 463 2547 in
479 2518 591 2547 castris
606 2517 699 2548 abire
720 2518 842 2557 potnit.
890 2519 954 2549 Ra-

257 2569 338 2597 atros
367 2567 514 2606 conjecit
536 2568 607 2607 jain
641 2569 839 2607 (lai-canus,
861 2575 896 2600 et
920 2569 954 2600 in

255 2617 442 2657 marginem
459 2618 590 2657 recepit
608 2619 831 2656 vaiscosanus,
848 2619 880 2649 in
905 2620 953 2659 ip-

256 2676 327 2698 sum
365 2672 563 2698 contextum
595 2669 758 2708 Stephon.
793 2670 951 2700 Ciaeeon.

255 2718 306 2748 ait
327 2717 361 2748 iu
389 2718 543 2749 l‘arieusi
576 2719 660 2750 libro
688 2729 761 2750 esse
788 2720 891 2750 etiam
916 2731 952 2751 a«.-

254 2769 368 2800 crates.
440 2768 519 2799 Non
549 2778 648 2800 ausus
678 2768 725 2800 sui
765 2774 876 2801 tamen
917 2781 952 2802 ac

662 1969 862 1999 Verisiinilis
893 1969 963 2009 qui-

718 227 860 259 NOTAE-
898 227 1159 260 VARIORUM
1206 231 1256 260 ΙΝ

1013 327 1113 354 crates
1126 334 1201 355 curn
1219 324 1355 355 Clarkio
1368 325 1421 355 vel
1439 324 1549 365 potius
1564 333 1600 356 ac
1615 326 1712 356 cratis

1014 374 1242 406 substituere:
1258 384 1334 406 uam
1351 380 1464 416 putem
1478 386 1514 407 ac
1529 376 1643 406 eastris
1657 375 1714 406 de-

1014 423 1106 454 fendi
1139 425 1219 455 satis
1247 435 1342 464 posse
1369 425 1421 464 iis,
1449 435 1524 466 quae
1555 426 1717 466 leguntur·

1015 482 1044 503 c.
1071 476 1123 512 82,
1145 480 1180 504 et
1211 475 1294 505 aliis.
1342 475 1390 505 Ea
1417 480 1577 506 accurate
1606 475 1716 506 lector

1014 524 1140 553 otiosus
1153 525 1335 561 examinet,
1347 530 1381 555 et
1393 534 1467 565 quae
1484 525 1553 556 JOS.
1567 524 1717 555 Castalio

1019 572 1101 602 Obs.
1123 573 1209 603 Dec.
1224 582 1273 604 vr.
1292 577 1321 604 5,
1340 583 1400 613 pro
1419 574 1548 613 vulgari
1566 574 1715 605 lectione

1015 632 1031 651 e
1046 621 1156 651 castris
1173 620 1297 652 adfert.
1353 623 1381 654 A
1398 623 1564 654 Mstoruin
1580 622 1647 654 fule
1664 623 1712 654 iu·

1017 670 1114 700 terim
1131 671 1277 709 reposui.

1057 724 1076 750 4
1102 721 1244 761 Acriter]
1273 721 1375 752 Hanc
1403 731 1520 752 vocem
1549 723 1663 753 addidi
1693 732 1712 754 e

1016 771 1100 802 Mss.
1129 771 1250 810 Sealig.
1282 776 1318 801 et
1350 770 1444 801 Leid.
1476 771 1573 811 prim.
1601 781 1716 812 quam-

1015 829 1113 859 quam
1139 821 1170 850 iu
1195 820 1318 859 Scalig.
1336 824 1497 860 corrupte
1521 825 1592 851 erut
1614 830 1717 852 occur-

1013 871 1074 900 rit.-
1097 871 1135 901 ὡς
1157 870 1307 906 ἠδύναντο
1330 870 1426 901 addit
1448 869 1602 901 Graecus.
1648 870 1720 902 Ali-

1015 919 1147 959 quoties
1174 920 1220 950 ita
1244 919 1392 959 loquitur
1415 919 1541 950 Caesar.
1590 919 1717 950 Forsan

1014 969 1129 999 acriter·
1146 969 1229 999 abiit
1246 969 1278 998 in
1294 972 1407 1009 utque:
1431 974 1467 1000 ut
1484 968 1650 1000 ἀσύνδετος
1667 969 1718 1000 fu-

1015 1017 1080 1048 erit
1111 1019 1218 1048 oratio
1247 1027 1327 1049 vm.
1358 1021 1407 1048 19.
1437 1021 1490 1049 42.
1517 1018 1717 1050 ‘Acerrime

1014 1068 1243 1107 proelianturz'
1257 1068 1314 1098 sed
1331 1072 1364 1098 et
1383 1068 1420 1098 B.
1440 1069 1512 1100 Civ.
1525 1078 1549 1099 1.
1566 1071 1619 1100 80.
1632 1070 1640 1085 ⁴
1658 1077 1718 1108 pu·

1015 1123 1137 1157 gnatur
1151 1118 1274 1148 aeriter
1290 1117 1330 1147 nd
1345 1117 1558 1148 novissimum
1571 1117 1717 1159 agmen-'¹

1056 1171 1074 1197 5
1102 1168 1179 1200 Quae
1203 1168 1327 1197 niiuime
1350 1177 1424 1207 pars
1442 1167 1474 1205 f.
1498 1168 1563 1198 risa
1586 1167 1647 1208 est]
1662 1168 1718 1199 lta

1015 1226 1056 1247 ex
1071 1218 1155 1248 Mss.
1176 1218 1258 1257 Reg.
1285 1218 1413 1248 miens.
1431 1223 1466 1248 et
1485 1219 1595 1248 Vossii
1621 1218 1719 1250 resti-

1015 1268 1075 1298 tui.
1136 1268 1289 1308 Scaliger
1317 1273 1351 1299 et
1381 1268 1475 1298 Editi
1504 1268 1715 1299 recentiores

1014 1328 1080 1356 qud·
1108 1327 1147 1348 m.
1174 1318 1239 1347 risu
1262 1328 1336 1356 pars
1353 1318 1384 1355 f.
1408 1327 1481 1348 esse.
1528 1319 1643 1359 Longe
1657 1318 1716 1348 mi-

1015 1376 1076 1396 nus
1094 1367 1281 1405 eleganter.
1309 1367 1414 1396 Clark.
1465 1367 1606 1397 Variant
1631 1368 1716 1398 Mss.

1015 1417 1139 1447 minima
1164 1415 1277 1446 Oxou.
1295 1417 1360 1446 tiso
1383 1416 1481 1447 deest
1509 1417 1601 1447 Carr.
1619 1417 1714 1448 Leid.

1015 1477 1065 1507 pr.
1087 1467 1217 1497 Duker.
1237 1472 1271 1497 et
1290 1466 1402 1498 Oxou.
1424 1467 1523 1507 firma
1547 1477 1622 1507 pars
1649 1467 1715 1498 visa

1015 1517 1109 1548 Leid.
1135 1522 1216 1548 tert.
1233 1522 1268 1548 et
1286 1518 1383 1548 Voss.
1409 1523 1488 1548 tert.
1506 1527 1566 1558 pro
1580 1527 1643 1548 esse
1660 1519 1715 1548 ha·

1015 1567 1096 1597 bent
1126 1570 1202 1597 essst
1235 1566 1328 1597 Leid.
1359 1576 1407 1606 pr.
1432 1571 1467 1598 et
1496 1567 1607 1598 Oxon.
1636 1577 1713 1598 cum

1015 1617 1102 1648 Edd.
1130 1617 1220 1655 Aldi,
1248 1618 1380 1658 (lrypli.
1414 1617 1529 1648 Plant.
1576 1618 1714 1658 Reliqui

1015 1669 1098 1698 Mss.
1117 1672 1153 1698 et
1170 1667 1255 1698 Edd.
1267 1668 1382 1707 priuiae
1399 1668 1542 1708 alia‘que
1558 1672 1615 1699 est.
1645 1669 1712 1700 Sed

1015 1718 1134 1748 Petav.
1163 1718 1266 1755 solus,
1291 1723 1326 1748 et
1355 1726 1434 1747 vere
1459 1728 1528 1757 qua.
1560 1718 1621 1749 Gr.
1645 1715 1712 1759 ᾗτε.

1014 1768 1126 1799 Quare
1150 1767 1401 1797 rescribendum
1417 1773 1489 1798 erat
1504 1779 1510 1797 :
1538 1769 1607 1802 Qua
1623 1769 1715 1799 mini¹

1013 1827 1060 1847 me
1076 1818 1140 1847 visu
1155 1817 1332 1857 pursfirma
1349 1820 1406 1852 est,
1422 1817 1480 1847 huc
1494 1827 1575 1848 conc.
1600 1827 1714 1858 quam-

1013 1876 1110 1907 quam
1129 1872 1165 1897 et
1183 1867 1246 1896 risu
1264 1866 1369 1905 possit
1392 1866 1524 1905 abesse,
1541 1867 1590 1897 uti
1605 1872 1639 1898 et
1656 1871 1714 1900 ese.

1010 1916 1076 1946 Sed
1095 1916 1140 1946 ita
1157 1916 1256 1955 plane
1274 1926 1290 1945 e
1317 1916 1398 1946 Mss.
1423 1917 1603 1956 legendum
1628 1918 1713 1948 vidi.

1010 1976 1083 1996 nius
1116 1975 1149 1996 v.
1175 1969 1228 1996 41.
1254 1967 1262 1982 ‘
1282 1967 1425 2006 (Quaque
1456 1977 1532 2006 pars
1564 1967 1708 1999 hostium

1014 2014 1266 2046 confertissima
1283 2016 1352 2045 visa
1376 2021 1438 2054 est,
1452 2016 1483 2046 iu
1500 2027 1572 2047 eain
1590 2017 1714 2048 iurum.

1012 2068 1085 2108 pit!
1132 2068 1260 2098 Crebro
1291 2078 1350 2107 qna
1383 2068 1484 2098 fuisse
1513 2073 1713 2109 corruptum

1012 2119 1090 2149 alibi
1108 2129 1240 2160 quoque
1260 2118 1412 2149 vidimus.

1052 2172 1072 2200 0
1096 2169 1271 2200 Periculum
1289 2169 1321 2198 in
1337 2169 1436 2199 aliena
1459 2179 1488 2199 v.
1505 2169 1621 2199 virtute
1641 2179 1710 2200 con-

1007 2219 1130 2259 sistere]
1147 2218 1411 2249 VertitGraeeus
1429 2219 1460 2248 ἐν
1472 2220 1511 2259 τῇ
1526 2221 1587 2249 τῶν
1600 2219 1707 2249 ἄλλων

1008 2267 1088 2309 ἀλκῇ
1102 2268 1157 2298 τὸν
1180 2270 1266 2307 σφῶν
1293 2269 1392 2299 αὐτῶν
1412 2268 1550 2299 κίνδυνον
1579 2271 1707 2300 κεῖσθαι.

1007 2319 1096 2349 Mira
1121 2324 1231 2349 tamen
1257 2319 1392 2350 videtur
1416 2320 1558 2350 locutio:
1584 2320 1593 2337 ‘
1610 2320 1706 2350 Peri·

1006 2369 1117 2400 eulurn
1146 2379 1257 2399 meum
1285 2369 1440 2400 consistit
1466 2370 1498 2399 in
1528 2370 1612 2400 alius
1639 2369 1707 2399 vir-

1010 2419 1105 2450 tute)
1161 2420 1281 2450 Verius
1308 2420 1458 2451 videtur:
1484 2422 1494 2438 ⁴
1511 2421 1604 2451 Salus
1627 2429 1706 2450 cou-

1007 2471 1097 2501 sistit
1126 2472 1158 2501 in
1191 2472 1299 2503 aliena
1331 2471 1481 2503 virtute)
1537 2473 1592 2502 Sic
1622 2481 1702 2503 sane

1004 2531 1042 2551 ιι.
1065 2525 1117 2552 33.
1144 2523 1247 2553 ‘Una
1272 2523 1303 2553 in
1332 2523 1459 2553 virtute
1490 2523 1595 2553 omnis
1625 2532 1702 2563 spes

1003 2573 1119 2603 salutis
1134 2573 1337 2603 consisteret
1350 2572 1370 2602 :’
1384 2572 1436 2601 vel
1453 2576 1569 2601 contra
1586 2574 1594 2589 ‘
1614 2573 1704 2612 peri·

1002 2623 1113 2652 culum
1151 2622 1306 2653 consistit
1343 2622 1376 2651 iu
1414 2622 1525 2651 alieno
1555 2621 1700 2653 timore.’

1002 2674 1115 2704 Quare,
1130 2672 1218 2709 vide,
1235 2681 1312 2701 nuni
1331 2670 1542 2711 praeferenda
1566 2672 1610 2702 sit
1632 2671 1701 2703 lec-

1003 2722 1052 2752 tio
1093 2722 1172 2752 Mss.
1210 2721 1318 2758 Bona.
1358 2730 1410 2760 pr.
1446 2721 1698 2761 Vossianorum,

1002 2770 1094 2802 Leid.
1112 2780 1163 2812 pr.
1188 2775 1223 2802 et
1248 2776 1323 2803 tert.
1348 2771 1473 2812 Scalig.
1491 2771 1617 2803 Lovan.
1634 2771 1699 2802 Pe·
