1818 3131
322 259 414 289 Lm.
447 259 511 290 vr.
543 257 650 288 cAP.
678 245 749 288 36.
784 258 846 287 DE
880 259 1036 290 nanno
1067 261 1295 293 GALLwO.

95 352 339 394 longitudinem
363 351 485 393 pedum
505 360 558 389 ce,
583 349 792 389 resciderat,’

96 408 132 434 ut
149 403 222 444 ipsc
239 403 354 434 docuit
370 411 470 441 supra
486 411 516 432 c.
532 403 585 432 29.
626 400 789 431 Davisius.

97 452 260 484 Nonnulli
301 451 442 483 Codices
482 451 646 491 perfectus.
723 450 790 481 Sed

94 504 193 534 male.
239 502 344 533 Clark.
391 502 500 533 Nimis
528 502 593 532 levi
622 502 708 542 pede
727 501 790 532 hoc

95 553 264 585 transilire
294 551 373 583 milii
405 551 562 583 videntur
594 552 654 582 viri
685 551 790 583 docti.

96 603 182 635 Num
216 602 371 644 perfectus
407 609 569 634 exaratur
616 603 720 633 etiam
758 602 790 632 in

93 652 201 692 Bong.
219 653 335 692 primo,
351 653 586 692 Leidensibus,
610 652 793 693 Vossianis,

90 700 239 741 Andino‚
274 703 386 733 Oxou.
419 705 540 735 Petav.
570 706 696 736 Lovan.
725 704 790 744 Eg-

91 753 207 784 mund.
224 753 320 784 Gott.
338 759 373 784 et
399 754 461 784 Ed.
490 755 635 786 incerta.
672 756 790 786 Totam

90 812 211 834 vocem
240 812 304 833 nou
333 804 486 845 aguoscit
515 804 789 845 Metaphrastes:

92 857 260 893 praeterea
287 853 419 893 dubito,
443 864 483 884 an
502 855 616 885 recisus
636 864 712 894 pons
738 864 792 885 vo-

92 904 163 935 cari
191 910 293 945 queat
320 905 517 945 inperfectus,
541 905 597 947 qui
628 906 740 947 potius
766 906 791 936 is

91 953 229 992 dicitur,
255 957 310 995 qui
341 965 518 996 numquam
544 955 608 987 fuit
635 954 792 995 effectus,

91 1007 129 1034 et
155 1003 254 1043 plane
281 1004 467 1042 absolutus,
493 1010 528 1035 ut
552 1005 791 1045 ‘inperfectus

90 1054 362 1084 commentarius’
398 1055 511 1085 Hirtio
542 1055 636 1095 praef.
666 1057 685 1086 1.
711 1065 790 1087 vui.

92 1103 102 1121 ‘
119 1102 319 1144 Inperfecta
334 1105 448 1145 opera'
466 1107 604 1137 δικ-(οη.
627 1106 740 1137 Tiber.
759 1117 789 1137 c.

92 1155 144 1185 40.
171 1154 322 1195 quamvis
336 1155 381 1185 ibi
397 1155 507 1186 malim
525 1166 601 1186 cum
619 1156 688 1187 Cel.
708 1157 791 1186 Bur-

90 1213 211 1235 manno
237 1204 362 1242 insecta.
408 1205 496 1236 Vide
520 1215 615 1245 ergo,
639 1215 717 1236 num
734 1216 791 1237 ve-

90 1253 129 1285 lit
146 1254 283 1286 innuere
308 1261 427 1287 auctor
450 1256 650 1297 simpliciter
669 1257 792 1294 locum,

88 1303 99 1319 ‘
118 1304 176 1335 ubi
204 1304 335 1337 fecerat
363 1310 501 1346 pontem
527 1311 562 1337 et
595 1307 791 1347 praesidium

93 1356 276 1397 reliquerat
293 1357 429 1389 Caesar:
476 1358 678 1388 Praesidium
698 1363 791 1389 certe

92 1405 135 1436 ab
151 1415 191 1436 ea
207 1410 304 1446 parte
319 1411 393 1437 erat
406 1407 619 1443 collocatum,
636 1407 692 1437 ubi
708 1417 791 1447 pons

95 1456 229 1497 integer
242 1462 324 1489 erat.
370 1457 456 1488 Vide
475 1462 568 1489 029.
606 1459 670 1489 Vel
687 1459 714 1489 si
729 1459 790 1489 lioe

93 1516 158 1537 non
176 1507 301 1547 placet,
324 1508 494 1548 conjicere
513 1508 616 1548 possis
641 1508 793 1548 profruc-

93 1561 143 1587 lus
159 1557 180 1588 i.
196 1566 226 1588 e.
254 1557 287 1587 in
306 1562 403 1598 parte
420 1559 594 1598 superiore
617 1558 793 1598 abruptus,

93 1607 163 1638 sive
180 1613 367 1648 praesectus
383 1613 441 1639 aut
460 1609 666 1648 praescissus.
694 1609 791 1641 Quod

94 1658 316 1698 compositum
342 1659 475 1690 restitui
500 1659 602 1690 etiam
628 1659 792 1690 Frontino

95 1716 136 1738 11.
164 1711 196 1739 3.
222 1711 274 1739 20.
311 1710 319 1726 ‘
336 1708 599 1749 praefriugereut
628 1710 757 1750 spicula
774 1711 792 1741 :'

95 1757 150 1788 ubi
182 1758 258 1789 vide
286 1759 393 1798 plura.
449 1760 493 1790 Et
534 1761 582 1790 ita
618 1761 752 1800 reposui
774 1770 792 1791 e

95 1809 180 1840 Mss.
209 1809 242 1839 iu
272 1810 312 1839 B.
341 1810 413 1842 Civ.
444 1819 484 1840 11.
512 1814 542 1841 6.
575 1810 792 1841 ‘praefracto

94 1858 239 1889 rostro:’
275 1859 284 1875 ⁴
302 1859 448 1899 praecisis
478 1859 646 1900 pontibus'
674 1861 792 1891 Celsus

93 1918 126 1950 p.
144 1911 216 1940 101.
232 1909 295 1940 Ed.
312 1909 420 1950 Lugd.

136 1960 175 1990 21
214 1959 496 2000 fortunatissimis]
534 1961 590 1992 Ita
629 1961 792 1993 exhibent

96 2008 185 2041 And.
201 2009 317 2050 Cujac.
335 2011 447 2042 Oxon.
471 2012 595 2052 Scalig.
617 2012 717 2043 Voss.
740 2022 790 2052 pr.

95 2067 116 2089 a
136 2067 180 2089 m.
204 2068 255 2099 pr.
284 2064 318 2090 et
347 2061 512 2092 secundus
535 2071 612 2093 cum
638 2062 732 2092 Carr.
757 2066 792 2093 et

96 2110 229 2141 Duker.
246 2111 408 2151 aliisque;
432 2122 497 2153 quo
522 2112 654 2144 adludit
669 2113 791 2145 Petav.

86 2159 347 2196 fortunatissimi.
391 2162 440 2192 Ut
463 2162 621 2194 dubitare
644 2173 711 2195 nou
735 2164 792 2195 de—

99 2207 211 2239 buerit
235 2209 405 2249 Brautius,
442 2211 522 2251 quid
552 2216 643 2243 esset
674 2212 794 2253 praefe-

99 2257 253 2297 rendum,
290 2259 372 2291 licet
412 2269 487 2290 cum
526 2261 634 2300 ipsius
669 2263 794 2294 Codice

99 2306 201 2338 etiam
233 2307 353 2349 reliqui
379 2309 445 2340 mei
471 2314 507 2340 ct
531 2311 796 2353 Edd.autiquis-

99 2356 192 2387 simae
222 2358 452 2390 accusativum
481 2364 664 2393 ostentent.
708 2363 794 2393 Vide

101 2407 234 2439 Clariss.
264 2409 440 2440 Drakeub.
479 2410 521 2441 ad
550 2411 623 2442 Liv.
652 2421 706 2442 111.
741 2416 794 2443 50.

99 2456 166 2488 Sed
182 2457 224 2488 de
238 2467 277 2488 eo
291 2458 444 2498 pluribus
458 2469 592 2498 agemus
606 2461 648 2491 ad
664 2462 796 2493 initium

100 2507 142 2538 B.
172 2508 246 2540 civ.
276 2518 330 2540 111.
369 2510 377 2526 ‘
396 2509 426 2540 ei
455 2509 529 2541 tieri
559 2512 730 2543 consulem
760 2513 797 2543 li-

99 2557 220 2589 cebat.'

144 2609 185 2638 22
207 2607 394 2640 Atuatucam
416 2611 519 2641 venire
532 2612 674 2652 potestis]
697 2613 797 2653 Opti-

102 2665 166 2687 mae
194 2656 245 2689 Cl.
274 2659 433 2690 Meuardi
458 2662 663 2694 membranae
697 2664 797 2695 habe-

102 2707 185 2740 bant
210 2710 388 2744 Amaticam
415 2713 516 2744 veniri
538 2717 659 2754 potest;
696 2725 797 2756 quam

105 2757 281 2791 lectionem
297 2761 419 2802 probat
437 2763 472 2795 J.
489 2764 527 2794 F.
544 2764 734 2795 Gronovius
753 2765 796 2795 ad

104 2807 195 2839 Livii
221 2817 301 2842 viu.
326 2814 378 2844 3⁴.
421 2813 532 2845 Daris.
576 2813 712 2846 Audino
734 2815 796 2846 Co-

1430 252 1544 296 1183

844 349 908 381 dici
924 352 1155 392 adstipulatur
1172 354 1389 387 Oxoniensis.
1424 357 1545 396 Recte,

844 401 995 440 quamvis
1021 402 1108 433 idem
1136 403 1209 434 fere
1237 415 1311 435 esse
1327 415 1392 436 non
1410 415 1543 447 negem.

844 450 930 480 Vide
945 452 986 481 ad
1003 460 1053 482 ιν.
1072 456 1123 484 29.
1154 454 1334 494 vulgatum
1353 456 1456 487 vertit
1469 457 1544 488 Me-

844 499 1050 539 taphrastes.

886 552 927 580 23
953 550 1003 580 Ne
1026 561 1130 581 murus
1151 553 1273 593 quidem
1303 556 1404 595 cingi]
1449 556 1545 588 Bene

843 598 916 630 haec
957 608 1180 633 correxerunt
1231 610 1265 635 ct
1310 612 1545 646 exposuerunt

843 649 969 680 Brutus
980 656 1014 681 et
1028 651 1320 693 Hotomannus‚00
1334 656 1475 687 militum
1487 657 1545 688 de-

843 701 953 731 notari
982 702 1201 741 paucitatem.
1248 704 1361 745 Atque
1392 706 1439 737 ita
1466 708 1544 738 scri-

844 750 938 782 bitur
962 752 995 782 in
1019 753 1114 784 Leid.
1142 763 1194 793 pr.
1215 754 1302 786 Scal.
1328 757 1405 796 Cuj.
1430 758 1544 789 Oxou.

843 802 978 843 Reliqui
993 806 1027 833 ut
1043 813 1205 834 numerus:
1229 805 1317 846 quod
1338 804 1466 837 frustra
1489 808 1545 839 de-

842 851 951 883 fendit
977 853 1128 884 Carrion.
1157 858 1191 885 ut
1214 866 1320 886 murus
1348 857 1482 889 Duker.
1510 862 1545 889 et

844 902 936 934 carr.
960 913 1037 934 cum
1064 904 1150 936 Edd.
1174 907 1270 937 Rom.
1294 907 1380 937 ch.
1399 912 1434 938 et
1448 908 1541 939 Med.

842 953 875 983 iu
893 954 1013 994 quibus
1029 955 1166 996 insuper
1179 957 1265 995 angi.

886 1006 925 1033 25
953 1004 1067 1035 oblata
1096 1006 1164 1046 spe]
1203 1007 1295 1037 Alibi
1327 1008 1409 1040 dicit
1432 1010 1544 1042 inlata.

844 1052 899 1083 Sic
917 1063 1007 1093 saepe
1023 1056 1140 1085 occasio
1156 1055 1268 1095 oblatu,
1291 1062 1326 1087 et
1352 1068 1421 1097 spes
1443 1060 1546 1089 obluta

844 1102 960 1133 Front.
987 1112 1040 1134 111.
1066 1108 1116 1135 11.
1145 1107 1161 1145 §s
1188 1109 1218 1137 1.
1243 1111 1279 1136 et
1295 1117 1371 1147 cap.
1399 1112 1450 1138 17.
1477 1111 1491 1149 ξ
1514 1112 1545 1141 7.

842 1154 958 1185 Valer.
974 1155 1116 1186 Maxim.
1132 1165 1186 1187 111.
1204 1160 1233 1187 8.
1253 1160 1282 1187 2.
1316 1159 1444 1189 Verum
1459 1160 1545 1192 Mss.

843 1204 972 1235 Lovan.
1005 1205 1168 1247 Gottorp.
1204 1207 1298 1238 Leid.
1330 1212 1411 1240 tert.
1446 1210 1545 1242 Voss.

844 1258 923 1285 tert.
952 1255 1103 1287 Dorvill.
1130 1260 1166 1287 et
1201 1256 1288 1288 Edd.
1322 1258 1418 1289 Rom.
1450 1259 1545 1290 Med.

843 1303 930 1335 Ven.
969 1315 1009 1336 ac
1048 1305 1188 1338 Incerta
1226 1308 1381 1347 praebeut
1418 1308 1546 1347 objecta.

844 1353 1027 1393 Eleganter
1058 1365 1148 1387 sane.
1206 1358 1261 1387 De
1297 1367 1333 1388 re
1375 1359 1547 1399 inprovisa

843 1404 968 1443 passim
985 1406 1049 1436 hoc
1066 1406 1208 1438 verbum
1221 1407 1403 1447 adhibent3
1428 1409 1461 1439 in
1480 1410 1546 1450 pri-

843 1456 906 1486 mis
938 1458 978 1488 ad
1010 1459 1155 1499 aliquem
1183 1460 1409 1492 alliciendum.
1455 1462 1546 1493 Vide

843 1512 939 1538 notas
971 1508 1014 1538 ad
1043 1510 1177 1542 Phaedr.
1208 1520 1233 1542 1.
1263 1514 1316 1541 23.
1355 1512 1363 1527 ‘
1385 1511 1546 1553 Objecm,

844 1560 994 1597 tentans,
1017 1569 1058 1590 an
1075 1560 1152 1591 cibo
1168 1566 1285 1601 posset
1302 1562 1378 1601 capi
1394 1562 1414 1592 :'
1438 1562 1545 1594 Immo

844 1608 950 1639 Tacit.
980 1609 1067 1641 Anu.
1090 1620 1139 1641 iv.
1157 1614 1209 1642 60.
1244 1612 1253 1628 ‘
1271 1613 1423 1643 Drusum
1440 1613 1546 1644 traxit

844 1658 876 1688 iu
894 1664 1008 1699 partes
1025 1670 1085 1701 spe
1101 1661 1238 1702 objecta
1254 1662 1416 1703 principis
1433 1663 1523 1694 loci.'

887 1718 1014 1741 xxxvr.
1040 1715 1055 1742 1
1082 1712 1145 1742 Per
1161 1723 1266 1743 omnes
1279 1714 1451 1753 superiores
1467 1714 1547 1755 dies]

845 1760 969 1791 Exulat
1000 1763 1199 1802 praepositio
1238 1773 1257 1794 a
1299 1765 1381 1794 Mss.
1421 1764 1544 1796 Brant.

846 1810 987 1840 Norvic.
1030 1816 1066 1842 et
1109 1812 1208 1842 editt.
1246 1812 1421 1853 antiquiss.
1449 1813 1545 1845 Rom.

843 1858 929 1890 Veu.
956 1860 1116 1892 Beroald.
1144 1871 1206 1892 uec
1238 1863 1447 1893 consuetudo
1473 1864 1546 1895 Cae-

843 1909 927 1939 saris
943 1911 1106 1949 postulat,
1131 1917 1169 1942 ut
1185 1913 1383 1944 retineatur.
1428 1914 1483 1945 Sic
1502 1915 1547 1945 Β.

844 1957 886 1988 G.
904 1967 927 1989 1.
945 1962 976 1990 3.
999 1960 1008 1976 ‘
1024 1960 1127 2001 Cujus
1145 1966 1243 2001 pater
1265 1972 1404 2003 regnum
1432 1963 1465 1993 in
1489 1965 1546 1995 Se-

842 2009 961 2049 quanis
981 2012 1093 2041 ‚nultos
1117 2021 1212 2042 anuos
1234 2012 1454 2045 obtinuerat.’
1500 2016 1546 2047 Et

842 2068 871 2088 c.
890 2061 941 2090 18.
965 2059 975 2076 ‘
991 2059 1168 2100 Complures
1181 2072 1275 2093 anuos
1291 2064 1444 2103 portoria

844 2117 947 2147 parvo
973 2110 1084 2150 pretio
1111 2111 1265 2143 redemta
1287 2113 1436 2145 habere?
1481 2116 1546 2146 Eo-

843 2157 920 2189 dem
937 2160 1037 2191 modo
1064 2171 1217 2202 persaepe
1245 2163 1394 2204 loquitur
1417 2169 1544 2196 noster.

844 2210 954 2241 Dacis.
987 2212 1145 2243 Deestin
1165 2213 1246 2245 Mss.
1293 2215 1338 2245 Et
1353 2214 1470 2246 deesse
1487 2226 1545 2257 po-

844 2264 935 2300 test;
974 2266 1012 2293 ut
1050 2268 1144 2294 recte
1175 2264 1336 2296 observat
1371 2266 1544 2298 Davisius.

846 2311 953 2343 Clark.
998 2313 1204 2354 Praepositio
1234 2316 1274 2345 ad
1301 2319 1354 2346 est
1381 2317 1545 2348 tamenin

845 2359 994 2402 Andino,
1026 2363 1141 2404 Cujac.
1164 2365 1277 2395 Oxou.
1309 2366 1405 2397 Leid.
1429 2376 1481 2407 pr.
1509 2372 1546 2399 et

844 2411 1072 2453 Scaligerano.
1118 2415 1167 2445 Ut
1196 2415 1313 2446 delere
1336 2426 1402 2447 non
1427 2418 1545 2459 ausim,

845 2461 928 2493 licet
942 2473 1034 2504 saepe
1050 2464 1115 2495 alio
1131 2465 1230 2496 modo
1243 2467 1359 2497 Caesar
1376 2467 1545 2508 loquatur.

845 2512 933 2543 Vide
958 2513 1000 2544 ad
1018 2522 1058 2545 11.
1075 2517 1125 2545 16.
1170 2514 1266 2546 Infra
1291 2526 1321 2547 c.
1349 2520 1401 2547 38.
1430 2517 1546 2547 ‘diem

840 2561 913 2600 jam
929 2572 961 2594 v.
977 2564 1053 2594 cibo
1070 2566 1256 2603 caruerat;'
1280 2566 1328 2596 uti
1344 2567 1413 2606 legi
1429 2566 1545 2597 debet.

847 2613 856 2628 ⁴
874 2613 1052 2654 Reliquam
1084 2623 1214 2655 partem
1241 2617 1369 2647 hiemis'
1406 2626 1469 2647 vn.
1495 2619 1545 2648 10.

846 2664 856 2678 ‘
873 2663 1072 2705 Complures
1093 2666 1166 2697 dies
1183 2670 1212 2697 et
1229 2666 1358 2697 annos.’
1382 2677 1412 2697 c.
1432 2669 1482 2697 17.
1509 2671 1545 2697 et

845 2715 1047 2755 sexcenties,
1070 2722 1107 2747 ut
1123 2717 1170 2747 ita
1187 2717 1309 2747 dicam.
1343 2715 1472 2746 Eadem
1490 2726 1544 2747 va-

845 2764 944 2796 riatio
960 2766 993 2796 in
1009 2767 1050 2796 Β.
1067 2766 1174 2798 Afric.
1191 2775 1221 2797 c.
1238 2769 1292 2797 96.
1319 2766 1329 2782 ‘
1345 2766 1403 2796 ubi
1426 2766 1543 2797 classis

845 2817 964 2858 per.id
989 2822 1122 2858 tempus
1147 2817 1246 2858 erat,’
1276 2817 1312 2849 iu
1337 2818 1411 2850 aliis
1436 2819 1486 2861 ad,
1509 2819 1544 2850 in
