1818 3131
289 229 379 258 mn.
405 227 488 257 vn.
520 225 627 255 cm‘a
656 214 725 254 72.
760 225 822 254 DE
859 224 1012 254 BELLO
1044 223 1272 253 elciaco,

60 322 210 363 Reliqui,
228 322 260 352 in
277 321 398 362 quibus
422 321 584 360 Bongars.
600 327 651 358 pr.
668 317 751 347 Bus-

57 373 115 404 lid.
140 373 260 404 Petav.
285 370 448 412 Egmond.
474 370 568 400 Voss.
595 366 691 408 prim.
717 372 752 398 ct

58 424 120 455 Ed.
150 424 224 455 Ine.
248 422 418 453 coacervati
442 423 505 450 tum
532 419 585 449 vel
611 428 681 448 cum
710 418 752 448 G.

57 476 171 507 Quare
205 473 280 504 Tum
309 472 428 502 saltem
459 468 585 499 addidi.
642 467 753 497 Coere-

55 528 164 555 tantm-
202 521 370 554 coacervuti
405 518 540 550 retineri
572 522 752 558 utrumque

58 578 183 614 posset,
206 581 270 612 quo
286 572 382 602 simul
399 580 514 601 eornm
533 569 643 600 caedes
661 577 753 598 acer-

55 624 158 655 vatim
183 622 374 652 denotetur.
392 629 431 652 11.
446 623 499 651 27.
523 621 531 636 ‘
547 619 753 650 coacervatis

56 672 301 704 cadaveribus)
338 672 499 702 Εοω-ίαέὶο
515 671 648 701 militum
663 668 753 709 apud

59 723 208 754 Hirtium
230 722 272 753 de
298 723 338 753 B.
356 722 453 752 Alex.
474 730 503 752 c.
521 723 573 751 74.
618 719 690 751 Aut
713 729 753 750 an

55 773 273 805 scribendum
302 769 516 803 coartantur!
562 770 755 800 Caterratim

56 828 121 854 tam
139 823 181 853 G.
197 822 287 853 (ἵε-ἓ
334 823 422 852 Dein
439 820 535 852 reniri
558 821 597 850 ad
611 830 644 851 se
660 828 755 860 egre-

57 874 110 914 gie
126 873 349 904 inlustrantur
359 882 384 902 ⁴a
408 872 481 903 Cel.
497 871 690 902 Burmanno
712 869 754 900 ad

57 923 192 954 Phaedr.
217 921 297 953 Fab.
314 924 368 953 21.
392 923 400 938 ‘
415 921 509 961 Aper
525 919 695 951 fulmineis
712 919 754 949 ad

58 982 133 1004 cum
152 973 244 1002 venit
261 971 442 1002 dentibus.’

101 1031 201 1053 Lxxr.
219 1025 238 1052 2
258 1021 424 1052 Consilium
439 1021 523 1060 capit
538 1029 655 1050 omnem
669 1018 706 1049 ab
723 1028 754 1049 se

56 1072 223 1113 cquilutum
237 1074 326 1101 noctu
341 1070 513 1108 dimittere]
540 1068 755 1099 Dimittendi.

58 1122 233 1155 Cornelius
283 1121 400 1160 Nepos
438 1119 586 1151 Hannib.
634 1128 663 1149 c.
701 1120 753 1148 13.

55 1174 64 1190 ⁴
79 1172 176 1204 Nunc
193 1176 326 1210 tempus
347 1174 398 1200 est
418 1169 516 1209 hujus
541 1168 617 1198 libri
639 1166 755 1198 facere

58 1220 180 1253 tinem!
236 1219 402 1251 Phaedrus
431 1217 510 1249 Fab.
536 1227 591 1248 ιιι.
619 1220 671 1248 16.
700 1219 752 1247 13.

57 1274 66 1288 ¹
84 1271 213 1302 Potare
242 1273 295 1301 est
325 1268 452 1300 animus
484 1272 625 1298 nectar:
665 1266 756 1307 quod

57 1321 173 1353 Pallas
201 1320 280 1350 mihi
307 1319 427 1359 Nuper
453 1317 615 1348 donavit.¹
659 1316 756 1347 Simi-

58 1373 140 1403 lium
175 1369 345 1410 συντάξεων
381 1368 536 1408 exempla
565 1371 617 1397 sat
651 1366 758 1397 multa

58 1422 212 1462 congessi
224 1419 267 1452 ad
279 1418 422 1460 hujusce
433 1418 510 1449 libri
522 1426 550 1448 c.
563 1419 616 1447 26.
646 1416 757 1447 Dacis.

59 1481 142 1503 uu.
173 1474 227 1502 44.
264 1469 471 1501 ‘Rebellare
503 1467 641 1499 consilia
680 1466 758 1496 inis-

58 1521 168 1560 sent3’
197 1521 245 1552 uti
275 1525 325 1552 est
357 1520 391 1550 in
421 1520 505 1549 Mss.
534 1517 649 1558 ibique
678 1515 757 1547 vide

58 1573 167 1613 plura.

100 1626 121 1654 8
146 1623 208 1657 Qui
231 1621 276 1662 si]
313 1622 548 1653 Hotomannus
579 1622 692 1649 monet
724 1617 759 1647 in

60 1673 145 1705 Cod.
167 1681 242 1703 esse
264 1673 341 1712 quod
356 1673 396 1710 si,
417 1680 528 1712 neque
555 1670 657 1700 ullam
683 1676 758 1698 esse

59 1733 222 1762 caussam,
245 1733 306 1754 cur
328 1727 490 1760 mutetur,
517 1721 623 1752 addit.
671 1721 759 1755 Quod

59 1784 123 1815 ego
153 1774 265 1805 inveni
294 1773 327 1803 in
357 1774 464 1813 Bong.
489 1782 546 1812 pr.
575 1773 672 1802 Voss.
706 1780 758 1811 pr.

61 1824 156 1856 Leid.
190 1833 242 1865 pr.
270 1823 392 1854 Petav.
425 1822 555 1853 Lovan.
590 1820 757 1861 Egmund.

61 1874 158 1906 Carr.
174 1878 210 1904 et
225 1875 245 1904 6
257 1872 330 1902 aliis
343 1881 383 1903 ac
397 1871 511 1911 primis
528 1869 615 1901 Edd.
643 1871 758 1902 Quare

59 1923 239 1955 revocavi:
267 1926 302 1953 et
327 1922 424 1962 paulo
448 1925 527 1951 ante
551 1929 570 1950 e
602 1920 686 1950 Mss.
710 1929 760 1950 οι·-

60 1974 172 2005 dinem
198 1972 379 2004 verborum
404 1971 538 2002 inverti.
584 1971 697 2011 Vulgo
727 1971 760 2001 in

59 2033 102 2055 cr.
129 2023 205 2054 host.
248 2022 333 2053 Mox
358 2030 493 2062 quoque
523 2019 651 2050 habeut
675 2020 758 2050 Mss.

60 2073 152 2114 quod
173 2073 275 2103 sciam
297 2080 412 2102 omnes
439 2076 565 2111 praeter
587 2070 701 2101 Oxou.
725 2074 761 2100 et

61 2123 150 2154 Edd.
165 2123 300 2163 primae,
324 2122 404 2152 item
424 2122 562 2151 Vascos.
585 2121 704 2160 Stepli.
727 2125 763 2150 et

59 2173 134 2204 aliae
151 2174 267 2204 delecta
281 2180 392 2210 cxxx,
414 2180 473 2201 una
487 2180 597 2201 secum.
645 2170 694 2201 Ut
711 2179 762 2200 re-

63 2222 172 2262 posui.
217 2222 388 2262 Frequens
413 2225 465 2251 est
493 2220 588 2261 quasi
617 2217 762 2250 formula

62 2282 122 2303 una
137 2281 264 2311 mecum,
284 2274 396 2308 tecum,
412 2280 521 2301 secum.

106 2324 146 2352 10
168 2321 303 2352 Ratione
327 2321 418 2360 inita,
433 2320 630 2359 frumenlum
644 2331 676 2352 se
696 2322 763 2351 exi-

58 2382 120 2412 gue
135 2373 257 2403 dierum
272 2380 351 2402 xxx
368 2371 494 2411 habere]
527 2372 584 2403 Sic
601 2371 764 2402 exhibent

64 2421 181 2462 Cujac.
200 2422 307 2462 Bong.
321 2421 418 2462 prim.
436 2421 533 2452 Leid.
561 2421 658 2462 prim.
683 2422 763 2452 Sca-

62 2473 120 2513 lig.
143 2472 234 2504 And.
260 2472 372 2504 Oxon.
398 2474 462 2503 διο.
490 2471 553 2502 nisi
583 2471 672 2512 quod
697 2471 763 2502 duo

64 2524 268 2564 posteriores
295 2523 377 2554 dent
393 2522 641 2561 frumentatione
664 2523 764 2553 inita.-

64 2579 98 2605 et
116 2573 310 2612 frumentum
327 2574 360 2604 in
376 2574 485 2613 Bong.
505 2583 555 2614 pr.
579 2583 652 2604 cum
671 2578 763 2604 cete-

63 2625 110 2655 ris
134 2625 219 2656 Mss.
243 2630 280 2656 et
305 2624 393 2656 Edd.
419 2624 536 2663 primis
564 2623 681 2654 ultimo
707 2632 764 2663 po-

65 2678 166 2706 natur
194 2674 281 2706 loco.
336 2674 501 2716 Plerique
530 2674 656 2706 habent
686 2674 763 2705 Καί.

64 2723 148 2754 inita
168 2725 280 2764 exigue
301 2724 421 2756 dierum
449 2733 526 2755 xxx
555 2724 765 2763 frumentum,

66 2773 138 2805 sine
151 2775 216 2805 τοῖς
236 2783 268 2806 se
281 2774 412 2807 luzbere:
433 2775 468 2807 in
491 2775 614 2817 quibus
638 2780 674 2807 et
698 2776 763 2807 Pe-

1389 213 1407 252 ]
1417 212 1501 253 245

805 322 873 347 tav.
890 323 924 348 et
941 318 1037 349 Voss.
1057 326 1108 359 pr.
1139 315 1184 348 At
1199 318 1279 348 an.
1298 316 1392 347 Carr.
1409 315 1502 348 an.

804 368 912 398 Dorv.
932 369 1090 409 Gottorp.
1105 368 1202 398 voss.
1220 372 1299 398 tert.
1314 366 1411 398 Leid.
1424 371 1503 398 tert.

803 422 839 448 et
863 417 950 448 Edd.
968 419 1204 448 vetustissima:
1221 427 1248 448 r.
1265 417 1344 447 inita
1358 417 1457 456 erigit
1472 418 1503 448 d.

805 476 883 498 xxx
921 468 1012 507 (xxv
1045 468 1154 507 Duk.)
1195 467 1410 505 frumentum,·
1447 467 1501 498 vel

804 519 944 558 exigunt.
992 518 1177 558 Perperam
1208 519 1354 549 omnino.
1408 512 1504 548 Bene

805 567 948 599 Graecns
976 567 1130 604 ἐπιτήδεια
1157 567 1250 606 ὀλίγα
1276 567 1316 598 εἷς
1343 567 1506 607 τριάκοντα

803 618 915 659 ἡμέρας
934 618 1008 658 ἔχω.
1055 619 1123 649 Ρι·ο
1141 619 1258 649 ratione
1274 619 1306 648 in
1322 619 1417 649 Voss.
1434 623 1503 650 secl

803 674 946 703 statione.
1014 672 1180 702 Existimo
1223 676 1349 711 autem,
1393 671 1503 702 locum

803 724 893 755 hunc
911 724 959 755 ita
977 721 1207 763 refingendum
1224 731 1307 752 esse.
1346 720 1507 751 Frumenti

804 774 925 805 ratione
951 774 1043 810 inita,
1074 773 1185 811 exigue
1217 771 1269 802 vel
1301 771 1448 809 exiguum
1475 780 1506 801 se

805 825 923 855 dierum
951 832 1026 855 xxx
1051 823 1170 853 habere.
1217 821 1320 852 Patet
1343 821 1430 850 enim
1455 829 1505 850 sa-

806 874 860 912 tis,
881 874 1025 904 alienum
1047 873 1080 902 in
1105 873 1212 902 locum
1233 870 1413 911 inrepsisse
1430 869 1505 907 sru-

806 926 948 954 mentum.
991 923 1045 953 Sic
1061 931 1153 961 saepe
1168 921 1305 961 pecunia:
1319 920 1413 958 ratio,
1428 930 1507 960 proe-

806 974 916 1004 lior-um
938 974 1038 1003 ratio.-
1062 978 1097 1003 et
1123 971 1243 1002 similia
1267 970 1413 1010 passim:
1435 969 1508 1007 snc-

808 1024 901 1054 menti
924 1024 1005 1053 ratio
1028 1022 1107 1052 alibi
1133 1026 1167 1052 et
1193 1021 1227 1050 in
1250 1019 1416 1050 nonnullis
1441 1028 1506 1050 vn.

807 1075 859 1103 75.
882 1073 936 1103 ubi
955 1072 1042 1102 vide.

853 1125 888 1153 11
914 1122 979 1152 His
1004 1121 1087 1152 datis
1114 1119 1282 1160 nmmlutis]
1323 1118 1446 1149 Audin.
1473 1122 1509 1149 et

808 1171 920 1203 Oxou.
966 1171 1031 1201 His
1045 1171 1150 1201 dictis.
1196 1169 1251 1200 An
1278 1169 1411 1209 scripsit
1434 1178 1510 1200 auc-

807 1227 873 1253 tor.
919 1221 985 1252 His
1007 1221 1091 1252 datis
1112 1220 1217 1259 dictis,
1240 1220 1294 1250 vel
1318 1219 1436 1250 ordine
1463 1218 1511 1249 in-

807 1281 916 1303 verso.
977 1266 1114 1303 'Dictum
1151 1271 1240 1301 enim
1287 1269 1509 1310 Imperatoris

807 1321 909 1360 idem,
923 1321 1010 1362 quod
1024 1321 1213 1351 mandatum.
1249 1319 1338 1350 Vide
1350 1319 1393 1350 ad
1409 1319 1513 1350 Fron-

808 1372 870 1402 tiu.
897 1380 946 1401 xv.
975 1374 1005 1402 1.
1035 1371 1050 1411 ξ
1078 1373 1132 1400 39.
1155 1369 1350 1401 ‘Adversus
1381 1370 1510 1402 dictum

809 1421 902 1462 ejus.'

852 1479 967 1502 txxn.
984 1474 1003 1502 4
1028 1470 1154 1502 Summa
1175 1469 1276 1509 labra]
1313 1469 1398 1500 Mes.
1422 1469 1510 1511 Reg.

810 1522 936 1553 Ellens.
952 1527 986 1553 et
1005 1521 1114 1552 Vossii
1131 1526 1165 1551 et
1188 1520 1297 1551 Editt.
1311 1521 1407 1551 vett.
1432 1530 1512 1551 sum-

808 1583 866 1604 mae
889 1572 986 1611 fossae
1016 1572 1113 1603 labra.
1149 1571 1257 1602 Clark.
1302 1570 1356 1601 ita
1380 1579 1513 1611 quoque

810 1622 943 1653 Carrar.
969 1626 1004 1653 et
1034 1622 1116 1652 Mss.
1148 1621 1214 1651 mei
1243 1629 1357 1652 omnes
1386 1626 1513 1661 praeter

811 1672 928 1712 Cujac.
945 1671 1057 1702 Oxou.
1074 1675 1109 1701 et
1126 1670 1252 1702 Audin.
1297 1670 1338 1701 Iu
1354 1670 1446 1701 Leid.
1462 1680 1511 1710 pr.

808 1732 925 1753 summa
934 1722 1029 1760 fossa?
1043 1721 1139 1752 labra.
1171 1721 1281 1752 Miror
1297 1730 1376 1752 vero
1393 1720 1513 1751 Clark-

810 1772 876 1802 ium
894 1781 959 1801 non
977 1771 1143 1801 monuisse
1167 1779 1301 1811 quoque
1325 1770 1439 1811 paullo
1463 1779 1514 1801 su-

811 1829 872 1861 pra
894 1822 960 1860 ejus
980 1821 1078 1851 solum
1101 1820 1136 1849 in
1162 1819 1249 1849 Mss.
1275 1819 1356 1856 suis,
1383 1820 1432 1849 uti
1461 1824 1514 1851 est

809 1871 842 1901 in
859 1870 978 1901 iisdem
995 1871 1078 1900 meis
1093 1874 1131 1900 et
1145 1869 1234 1899 Edd.
1257 1869 1386 1910 primis,
1412 1869 1512 1900 scribi

809 1922 873 1960 ey'us
892 1921 988 1960 sossae
1010 1922 1119 1952 solum.
1164 1921 1273 1952 Immo
1289 1921 1323 1951 in
1340 1920 1461 1952 Petav.
1479 1927 1517 1951 et

810 1973 918 2013 Boug.
941 1981 991 2012 pr.
1019 1971 1085 2009 ejus
1106 1970 1203 2008 fossae
1232 1970 1302 2001 sine
1327 1971 1371 2008 τῷ
1394 1971 1489 2002 solum
1504 1981 1515 2000 .-

811 2027 847 2053 et
874 2022 908 2052 in
938 2021 1107 2061 Lipsianis
1132 2030 1258 2052 summoe
1283 2020 1381 2051 labra.
1425 2020 1515 2051 Vide

812 2072 958 2103 Poliorc.
986 2072 1008 2102 l.
1036 2081 1076 2102 u.
1104 2072 1151 2102 D.
1177 2075 1208 2102 1.
1254 2071 1410 2112 Utroque
1438 2071 1515 2102 loco

803 2122 900 2161 fos-sce
929 2121 1168 2163 repetit'mnem
1194 2120 1268 2151 fieri
1297 2121 1370 2153 vult
1399 2121 1516 2152 Victo-

811 2173 880 2204 rius
904 2174 986 2204 Var.
1018 2173 1116 2203 Lect.
1144 2180 1246 2202 xxlv.
1272 2174 1324 2202 17.
1380 2172 1516 2203 Neutro

813 2223 968 2264 agnoscit
982 2222 1249 2263 Metaplirastes.
1283 2222 1388 2253 Fossoe
1401 2227 1516 2253 tamen

814 2279 852 2304 ut
867 2273 971 2304 semel
988 2273 1163 2312 addamus,
1186 2273 1267 2304 satis
1289 2271 1421 2313 flagitat
1442 2273 1517 2305 Cae-

814 2324 936 2354 sariani
961 2323 1040 2363 styli
1068 2324 1318 2363 perspicuitas:
1356 2323 1390 2354 ni
1418 2325 1517 2355 altius

814 2375 908 2406 ulcus
929 2375 1036 2405 latere
1059 2373 1252 2413 credamus,
1275 2383 1314 2404 ac
1334 2374 1516 2414 legendum

814 2424 1031 2465 conjiciamus
1053 2428 1089 2454 ut
1114 2425 1178 2464 ejus
1196 2433 1311 2464 pressoe
1326 2425 1420 2455 solum
1436 2428 1461 2455 t.
1483 2435 1516 2465 p.

813 2479 961 2515 quemdum
986 2485 1112 2506 snmmae
1138 2474 1225 2505 labra
1254 2474 1427 2514 distabant,
1462 2474 1517 2504 vel

813 2525 977 2563 distarent,
999 2525 1048 2556 uti
1063 2529 1117 2555 est
1133 2524 1166 2554 in
1193 2525 1275 2556 Mss.
1301 2524 1384 2555 meis
1402 2529 1438 2555 et
1461 2524 1518 2553 ali-

814 2583 908 2605 orum
947 2579 1074 2615 praeter
1111 2574 1248 2615 Cujac.v
1267 2574 1357 2605 Scal.
1393 2573 1516 2603 Petav.

814 2624 904 2657 And.
920 2631 956 2657 et
970 2624 1081 2657 Oxou.
1097 2630 1132 2656 et
1148 2625 1236 2656 Edd.
1260 2625 1389 2665 primis.
1433 2623 1519 2654 Vult

816 2675 944 2715 caesar,
959 2674 1083 2707 fossam
1107 2675 1223 2706 inimo
1248 2674 1353 2704 fundo
1376 2678 1447 2704 tam
1469 2673 1519 2704 la-

814 2730 885 2758 tam
917 2726 1032 2766 fnisse,
1060 2736 1161 2768 quam
1193 2725 1228 2755 in
1254 2723 1390 2755 summis
1422 2723 1519 2763 ripis·

816 2777 938 2808 Pressae
958 2777 980 2808 i.
992 2787 1023 2809 e.
1046 2775 1175 2808 effossae
1190 2779 1285 2807 certe
1303 2773 1408 2806 facile
1423 2773 1518 2806 abire
