1818 3131
242 217 356 261 1268

713 231 854 262 NOTAE
886 231 1150 265 VARIORUM
1183 232 1232 264 IN

455 506 575 557 DE
648 509 955 559 BELLO
1029 509 1471 559 GALLICO.

857 660 954 697 LIB.
989 660 1097 698 VIII.

309 791 460 831 Praesatio
486 794 527 826 A.
560 793 682 834 Hirtii]
756 795 835 827 Jam
862 796 942 827 olim

240 851 343 882 snper
369 848 507 875 auctore
536 845 633 884 liujus
657 845 733 875 libri
751 846 942 877 dubitatum

240 890 352 932 fuisse,
369 893 485 924 docuit
503 904 563 925 nos
586 894 766 926 Suetonius
784 896 815 926 in
839 896 944 937 sulio,

240 950 316 972 cum
348 943 395 973 ait
425 954 454 975 c.
486 947 539 975 56.
563 945 673 975 ‘Nam
706 944 943 984 Alexandrini,

239 990 414 1035 Africique
449 1000 483 1026 et
522 997 755 1038 Hispaniensis
793 998 944 1029 incertus

239 1048 360 1075 auctor
386 1051 447 1077 est.
496 1046 563 1077 Alii
591 1049 680 1079 enim
707 1049 858 1089 Oppium
884 1059 941 1090 pu-

240 1099 329 1134 tant,
346 1096 402 1126 alii
420 1096 588 1129 Hirtium:
615 1099 672 1139 qui
697 1100 798 1129 etiam
819 1100 943 1130 Gallici

239 1143 321 1174 belli
338 1147 553 1178 novissimum
576 1148 882 1190 imperfectumque
908 1151 944 1180 li-

239 1193 337 1226 brum
352 1198 587 1237 suppleverit.’
632 1200 696 1230 Ms.
714 1205 830 1230 noster
845 1199 943 1230 habe-

240 1245 316 1277 bat:
342 1247 420 1279 ‘Ab
438 1249 513 1280 binc
538 1249 643 1280 Hirtii
671 1250 792 1281 Pansae
822 1250 943 1290 incipit

240 1296 398 1336 praefatio
427 1299 504 1329 libri
535 1300 627 1330 vm!
685 1300 724 1330 In
755 1300 943 1330 I’ctaviano

240 1347 326 1379 cod.
355 1350 446 1380 nulla
475 1351 651 1390 inscriptio
675 1355 761 1389 erat,
786 1351 844 1382 sed
862 1361 880 1381 a
897 1361 947 1381 sc-

240 1399 349 1429 cunda
364 1410 463 1430 mann
478 1401 699 1442 adscriptum,
717 1403 830 1433 Pansae
844 1412 946 1434 rerum

239 1452 399 1487 gestarum
429 1452 465 1482 C.
498 1452 642 1484 Coesaris.
671 1453 810 1484 Vossius.
855 1453 945 1484 Dele

240 1508 359 1530 vocem
389 1505 616 1541 postremam3
655 1512 733 1534 uam
764 1503 873 1534 nullus
903 1503 945 1535 A.

241 1548 376 1580 Hirtius
406 1551 546 1590 Pansa3
586 1552 647 1583 sed
684 1562 759 1584 cum
791 1554 946 1584 consules

240 1598 368 1630 suerint
394 1600 436 1631 Α.
454 1602 496 1632 U.
516 1602 553 1633 C.
582 1605 656 1634 710.
682 1602 722 1633 A.
753 1603 885 1634 Hirtius
910 1608 946 1634 ct

241 1649 279 1680 C.
294 1649 414 1681 Vibius
433 1652 560 1690 Pansa3
586 1652 668 1683 duos
681 1653 783 1684 hosce
800 1653 891 1684 viros
912 1653 945 1684 in

242 1709 343 1730 unum
358 1701 496 1741 hujusce
513 1703 589 1734 libri
607 1704 810 1744 scrimorcm
828 1709 946 1735 contu-

241 1750 354 1782 lerunt
386 1752 533 1792 imperiti
562 1754 719 1786 Librarii.
776 1754 865 1786 vide
895 1756 946 1787 Cl.

242 1801 471 1842 DoduelIum,
498 1804 632 1836 dissert.
656 1805 698 1836 de
727 1806 819 1838 Julio
849 1806 947 1838 Celso

240 1859 255 1890 (ς
284 1853 315 1882 -1,
370 1853 414 1883 Et
441 1854 483 1884 A.
515 1855 651 1895 quidem
682 1856 784 1886 Hirtii
811 1866 945 1896 nomen,

243 1903 365 1932 omissa
377 1912 460 1934 voce
478 1904 722 1942 Pansae‚1-ecte
741 1916 809 1946 prae
828 1917 862 1937 se
876 1906 945 1938 fert

240 1950 347 1982 editio
365 1952 579 1984 Bcroaldina.
610 1954 760 1985 Eandem
779 1957 945 1987 rationem

241 2010 353 2032 serves
369 2009 505 2042 oportet
532 2005 565 2034 in
595 2005 784 2045 Indicibus,
801 2017 876 2047 qum
905 2008 943 2038 li-

242 2052 311 2082 bris
328 2052 370 2083 de
389 2053 466 2086 bell.
495 2054 593 2085 Alex.
619 2055 726 2087 Afric.
744 2062 780 2088 et
798 2057 942 2098 Hispan.

242 2107 318 2133 sunt
335 2103 499 2144 praefixoe.
524 2106 674 2137 Hirtium
692 2116 771 2138 vero
788 2108 944 2139 notarium

243 2156 377 2186 ccesaris
406 2157 522 2196 inepte
550 2163 651 2188 vocat
688 2158 802 2199 Lupus
833 2159 943 2198 Epist.

242 2213 387 2239 xxxvn.
418 2207 528 2239 Duris.
559 2218 630 2239 cur.
661 2218 728 2240 sec.
789 2209 946 2250 Ineptior

285 2374 496 2417 PRAEFATm,
510 2381 524 2409 l
547 2379 678 2410 Coactus
689 2380 836 2421 assiduis]
857 2382 945 2413 Huic

242 2424 394 2465 epistolae
434 2429 596 2467 praemitti
629 2430 750 2461 debuit
787 2432 860 2463 lucc
899 2433 945 2463 in-

243 2474 397 2515 scriptio,
421 2477 430 2493 ‘
445 2477 485 2508 Α.
505 2478 637 2510 Hirtius
654 2480 761 2511 Balbo
775 2482 819 2513 S!
846 2483 943 2514 Illam

238 2525 377 2557 exhibet
408 2527 473 2558 Ms.
501 2530 633 2561 Cari-ar.
664 2531 727 2562 nisi
755 2534 843 2574 quod
869 2534 942 2565 Caii

242 2585 435 2615 proenomen
486 2589 663 2620 perperam
704 2588 940 2623 rcprzrscntct.

242 2627 351 2658 Duris.
379 2638 449 2659 cur.
469 2640 536 2660 sec.
585 2631 758 2673 Rescripsi
781 2634 843 2665 6Α.
862 2635 942 2665 Hir-

243 2676 310 2707 tius
324 2677 462 2718 (Pansa)
476 2680 583 2711 Balbo
596 2681 643 2712 S.’

283 2732 300 2759 -Ι
329 2729 443 2760 Rerum
456 2734 615 2770 gestarum
629 2733 757 2773 Gallim]
789 2735 853 2765 11ae
872 2739 940 2766 tres

241 2787 340 2808 voce>
359 2779 642 2813 desiderabantur
666 2783 699 2814 in
729 2784 812 2815 Cod.
838 2785 940 2816 Peta-

997 807 1076 828 sane
1094 796 1270 837 inscriptio
1293 794 1386 825 nulla
1412 791 1600 833 excogitari
1625 802 1645 823 a
1666 791 1711 822 li<

999 848 1116 879 brariis
1145 847 1277 887 potuit;
1303 855 1402 887 quam
1420 854 1495 886 qum.
1523 844 1623 884 vulgo
1640 842 1703 874 cir-

998 897 1194 929 cumfertur.
1218 897 1334 928 Hirtio
1352 896 1470 927 Pamm
1489 900 1601 926 tamen
1613 894 1702 926 hunc

999 950 1119 980 librum
1134 948 1332 980 adscribunt
1350 947 1432 978 Mss.
1450 946 1578 987 aliquot
1591 948 1704 976 vetus-

1000 1000 1113 1031 tiores.
1160 1000 1361 1031 I’raenomen
1386 997 1463 1028 Auli
1490 997 1619 1027 addunt
1636 995 1703 1026 An-

1000 1050 1067 1080 din.
1087 1055 1121 1081 et
1138 1050 1295 1081 Leidens.
1312 1058 1361 1090 pr.
1380 1058 1449 1079 see.
1467 1058 1506 1078 ac
1526 1044 1703 1087 Scaligeri.

1000 1100 1041 1131 Q.
1058 1105 1183 1131 vocant
1208 1100 1292 1131 Mss.
1319 1100 1447 1130 Lovan.
1464 1103 1500 1128 ct
1527 1097 1647 1128 Brant.
1669 1095 1704 1126 in

998 1152 1093 1183 Leid.
1121 1162 1189 1183 sec.
1221 1156 1255 1183 et
1293 1151 1365 1182 aliis
1404 1149 1651 1181 recentioribus
1684 1157 1704 1179 a

999 1202 1151 1233 Grutcro
1168 1202 1280 1242 (enjus
1297 1201 1494 1232 collationes
1516 1201 1570 1231 bic
1590 1208 1703 1230 rursus

997 1252 1180 1292 incipiunt)
1219 1253 1380 1293 inspeetis
1420 1253 1541 1283 Pansae
1581 1260 1702 1281 nomen

999 1307 1093 1332 recte
1107 1302 1287 1340 omittitur,
1304 1303 1352 1333 uti
1376 1307 1410 1333 et
1430 1302 1461 1331 in
1479 1300 1567 1332 Edd.
1583 1299 1705 1331 Ronla-

1001 1361 1055 1390 na,
1067 1352 1153 1382 ch.
1171 1352 1314 1382 Mediol.
1330 1352 1471 1392 aliisque
1488 1350 1616 1381 multis.
1662 1348 1703 1380 In

1000 1402 1151 1442 margine
1168 1402 1373 1433 Dorvilliani
1389 1401 1465 1432 libri
1489 1403 1649 1430 exaratur
1666 1399 1704 1431 C.

1001 1452 1140 1492 Hyr-lius
1149 1452 1262 1482 Pansoe
1272 1451 1372 1482 Balbo
1384 1451 1435 1487 S.;
1450 1450 1538 1492 quod
1548 1448 1627 1491 quid
1639 1449 1704 1481 sibi

1001 1503 1084 1533 velit
1101 1511 1166 1532 non
1183 1502 1294 1542 capio.
1328 1500 1396 1532 Alii
1412 1501 1562 1540 ineptius
1579 1499 1705 1531 adseri-

1002 1553 1087 1583 bunt
1111 1552 1206 1585 Julio
1225 1552 1337 1591 Celso,
1357 1551 1503 1582 Caesaris
1526 1549 1704 1588 familiari;

1000 1607 1038 1634 ut
1050 1603 1217 1634 Ortelian.
1232 1602 1329 1633 Leid.
1344 1606 1423 1633 tert.
1438 1607 1473 1632 et
1487 1601 1548 1632 Ed.
1564 1602 1704 1632 Incerta

1001 1655 1088 1686 Ceisi
1101 1654 1143 1685 A.
1155 1656 1248 1685 1473.
1262 1654 1313 1684 vel
1327 1652 1705 1694 Suetonio'l‘ranquillo,

1002 1711 1038 1737 ut
1048 1707 1238 1737 Palatinus.
1269 1706 1389 1737 Pansae
1402 1715 1523 1736 nomen
1537 1704 1706 1735 noluionl·

1002 1757 1082 1788 nino
1099 1757 1225 1796 delere,
1241 1756 1298 1787 sed
1316 1756 1390 1787 aliis
1411 1755 1535 1787 litteris
1559 1754 1704 1796 exprimi

1002 1807 1129 1838 curavi.
1156 1808 1350 1837 Potuerunt
1364 1807 1499 1848 quidam
1516 1805 1558 1837 A.
1577 1805 1706 1845 Hirtio,

1001 1857 1139 1898 quidam
1158 1858 1196 1889 (Ἴ.
1214 1858 1349 1897 Pansae,
1370 1862 1407 1887 ut
1432 1857 1487 1887 alii
1504 1857 1632 1898 Oppio,
1649 1856 1704 1887 ad-

1000 1907 1161 1938 scribere.
1207 1906 1328 1937 Pansae
1354 1906 1414 1936 soli
1442 1911 1567 1946 praeter
1583 1906 1704 1937 Petav.

999 1956 1185 1987 inscribere
1209 1955 1347 1986 videtur
1372 1965 1503 1997 quoquc
1533 1955 1706 1987 Oxonicn·

999 2007 1055 2036 sis.
1079 2005 1126 2036 At
1140 2011 1262 2036 eontra
1273 2005 1440 2044 Andiuus,
1453 2006 1577 2047 Scalig.
1593 2006 1703 2047 Bong.

998 2056 1096 2097 prim.
1136 2060 1268 2087 tantum
1307 2056 1469 2087 exhibent
1506 2065 1627 2087 nomen
1658 2054 1701 2087 A.

998 2109 1115 2142 Hirtii.
1164 2110 1311 2141 Omnino
1336 2109 1442 2146 bene;
1467 2113 1502 2139 et
1527 2108 1575 2139 sie
1601 2107 1702 2139 etiam

997 2160 1149 2191 nonnulli
1166 2160 1310 2191 Codices
1325 2159 1367 2190 ad
1386 2160 1521 2191 titulum
1540 2159 1581 2190 B.
1598 2157 1702 2190 Alex·

998 2210 1140 2247 andrini,
1159 2208 1279 2250 Africi,
1297 2214 1334 2241 et
1346 2209 1594 2250 Hispaniensis.

1000 2382 1113 2421 viano,
1129 2381 1192 2412 nisi
1208 2381 1296 2422 quod
1314 2380 1506 2412 recentiore
1523 2388 1620 2411 manu
1644 2379 1700 2409 ad-

992 2433 1100 2473 jectae
1115 2436 1224 2463 erant.
1264 2433 1367 2464 Certe
1379 2431 1480 2463 facile
1495 2429 1696 2462 crediderim

999 2493 1019 2513 a
1036 2483 1173 2514 librario
1188 2492 1282 2520 esse;
1299 2492 1375 2513 nam
1393 2481 1474 2522 quid
1491 2480 1585 2519 illud,
1597 2489 1699 2510 rerum

994 2537 1157 2573 gestarum
1175 2534 1306 2573 Gallice,
1323 2533 1385 2564 nisi
1404 2532 1518 2562 Gallia<-
1537 2541 1598 2571 pro
1624 2531 1699 2561 Gal-

994 2585 1036 2614 lis
1048 2585 1214 2624 positum?
1244 2584 1373 2614 Vossius.
1412 2582 1540 2614 Ultima
1557 2591 1620 2611 vox
1639 2580 1699 2611 Di-

997 2644 1091 2674 onys.
1109 2634 1266 2664 Vossium
1283 2631 1436 2670 offendit,
1453 2641 1549 2672 quain
1567 2631 1610 2661 ob
1623 2641 1699 2662 cau-

998 2694 1067 2715 sam
1095 2683 1247 2724 reposuit
1274 2693 1376 2713 rerum
1398 2687 1557 2721 gestor-um
1585 2682 1698 2720 Gallis,

995 2735 1083 2776 quod
1101 2734 1188 2764 idem
1207 2733 1297 2764 valet
1311 2743 1350 2763 ae
1367 2733 1448 2763 inter
1464 2734 1580 2764 Gallos.
1623 2733 1699 2764 Sul-

995 2784 1104 2825 picius
1134 2784 1277 2814 severus
1318 2783 1408 2814 Hist.
1446 2784 1539 2815 Sacr.
1572 2792 1612 2814 11.
1646 2784 1695 2813 14.
