1818 3131
322 232 415 265 mn.
449 232 535 263 vu.
565 227 674 262 mr.
695 221 764 262 36.
794 231 856 261 nr.
890 230 1045 264 nmmo
1077 233 1307 264 cunco.

91 330 220 360 temero
234 330 288 358 est
299 326 402 359 lectio
417 326 510 359 Leid.
526 324 625 366 primi
641 333 699 356 non
727 323 788 354 nisi

86 377 153 412 sere
167 382 239 409 ante
248 381 436 408 autumnum.
474 376 549 407 Non
567 376 650 406 solet
667 376 787 406 Elaver

90 428 179 459 vado
197 428 331 459 transiri
350 427 410 457 nisi
419 425 492 464 scre
504 430 577 456 aule
591 429 788 456 autumnum:

88 478 165 509 hinc
196 478 357 518 majorem
388 476 518 507 aestatis·
551 481 694 516 partem,
721 485 786 506 non

89 534 196 560 totam
217 532 384 565 testatem,
405 527 615 566 inpediretur
639 525 787 557 flumine.

88 579 245 610 Ceterum
270 578 345 607 solet
368 576 459 607 edidi
485 577 677 608 auctoribus
703 577 787 608 Mss.

86 627 253 666 omnibus,
271 636 335 658 uno
357 628 532 667 alteroque
556 627 787 656 recentissimo

87 683 253 718 except03
277 677 367 718 quod
397 682 431 708 et
454 678 525 717 jam
554 683 730 717 comparet
755 677 787 707 in

87 728 176 760 Edd.
203 729 290 759 Ven.
320 731 415 759 1517.
447 728 550 760 Vasc.
575 728 643 759 Str.
670 728 787 767 Steph.

88 778 221 820 Gryph.

130 832 152 860 9
176 830 254 861 Cum
277 830 392 861 duabus
415 830 586 869 legionibus
611 830 644 860 in
673 831 789 860 ocntlto

88 880 223 920 restitit]
269 882 343 912 Non
362 881 472 921 plenis
493 881 623 912 duabus
649 881 789 920 legioni-

88 930 171 962 bus:
187 939 234 961 ,ἲν
249 936 378 962 tantum
393 932 548 962 cohortes
562 936 659 962 erant
673 943 680 969 ;
698 930 787 972 quod

87 982 161 1023 ipse
178 983 295 1013 Caesar
311 983 428 1014 docet:
454 993 530 1014 nam
547 993 605 1014 sex
634 984 681 1014 illi
707 984 790 1024 legi-

87 1041 169 1063 ones
184 1039 298 1070 erant;
323 1042 364 1064 ex
384 1033 435 1064 his
452 1038 604 1074 quartam
623 1043 788 1075 quamque

87 1081 258 1114 cohortem
275 1083 450 1122 desumsit‚
470 1084 526 1124 qui
543 1093 701 1115 numerus
719 1083 788 1116 effi-

88 1132 137 1164 cit
151 1141 200 1164 xv
215 1133 385 1164 cohortes.
433 1133 473 1163 In
498 1133 605 1164 Fulvii
622 1139 657 1165 et
674 1139 788 1164 nostro

89 1182 209 1214 codiee
229 1187 281 1214 est
295 1183 395 1224 captis
409 1183 589 1224 quibusdam
604 1185 787 1215 cohortibus.

88 1233 196 1266 Male.
233 1234 345 1265 Etiam
372 1235 508 1265 Fulvius
532 1239 690 1276 nugatur,
713 1246 788 1266 cum

88 1284 247 1316 emendat
262 1287 271 1301 ⁴
286 1284 432 1325 demptis
446 1286 620 1326 quaternis
634 1295 652 1317 e
666 1286 789 1326 quibus

88 1335 307 1367 cohortibus)
354 1335 447 1366 Dein
465 1335 579 1366 subdit
592 1339 632 1365 ε’ι
645 1338 790 1368 Quater-

89 1384 142 1416 nis
178 1390 291 1416 autem
322 1385 517 1416 cohortibus
552 1385 717 1416 detractis
749 1395 791 1416 ex

90 1440 240 1476 quatuor
254 1435 443 1475 legionibus
466 1435 703 1468 efficiebantur
728 1446 790 1468 xv¹

90 1485 257 1526 cohortes,
273 1496 346 1528 quae
364 1486 512 1526 speciem
537 1487 680 1518 duarum
703 1497 791 1528 pene

90 1537 261 1577 legionum
281 1537 437 1577 praebere
462 1538 528 1568 suis
548 1542 729 1577 poterant3
754 1543 791 1569 ut

89 1588 223 1620 scilicet
231 1597 388 1619 numerus
402 1597 439 1619 vr
454 1589 621 1628 legionum
637 1592 792 1619 constare

90 1636 278 1677 videretur,
292 1644 327 1669 et
339 1638 605 1679 Vercingetorix
622 1639 792 1670 Caesarem

89 1688 126 1720 in
153 1690 288 1721 occulto
315 1690 483 1721 restitisse
511 1700 578 1721 non
607 1691 792 1730 suspicare-

91 1738 172 1770 tur!
196 1739 293 1771 Idem
310 1744 345 1771 et
359 1740 557 1771 Ciacconius
574 1741 695 1771 sensit:
713 1741 793 1771 mihi

91 1786 229 1822 omnino
264 1790 434 1831 displicet.
495 1791 656 1822 Caussam
690 1790 793 1821 errori

92 1839 202 1879 dedit,
233 1840 323 1881 quod
354 1840 489 1871 Fulvius
519 1846 554 1872 et
592 1840 793 1871 Ciacconius

90 1889 242 1922 ordinem
279 1890 457 1922 verborum
497 1891 639 1922 Caesaris
676 1890 793 1931 secuti,

89 1944 298 1981 putaverunt
314 1941 423 1980 primo
439 1940 607 1972 Caesarem
621 1950 698 1972 cum
715 1941 793 1972 dna-

90 1989 155 2022 bus
180 1990 370 2031 legionibus
395 1990 582 2022 restitisse:
608 1996 728 2031 postea
750 2001 793 2023 ex

92 2049 226 2082 quaque
241 2041 373 2082 legione
397 2046 543 2082 quatuor
558 2041 713 2073 cohortes
737 2041 793 2073 de-

92 2090 252 2128 traxisse,
268 2095 305 2121 nt
321 2099 359 2121 1v
376 2091 527 2132 legiones
549 2101 608 2123 sex
624 2091 793 2132 legionum

94 2140 241 2181 speciem
257 2140 464 2181 praeberent.
509 2140 576 2172 Sed
603 2150 666 2182 ego
694 2142 793 2173 aliter

95 2189 242 2230 accipio.
287 2190 400 2221 Caesar
429 2200 505 2221 cum
537 2200 575 2221 Vl
603 2192 794 2233 legionibus

94 2239 129 2270 in
158 2239 331 2271 Arvernos
359 2240 533 2280 profectus
565 2247 628 2283 est,
659 2247 694 2274 et
717 2253 794 2274 cum

93 2289 265 2321 Elaverim
289 2300 356 2321 non
382 2291 447 2322 nisi
469 2297 543 2323 astu
561 2293 702 2324 transire
721 2303 794 2334 pos-

95 2344 162 2379 set,
179 2340 250 2381 ipse
278 2351 354 2372 cnm
381 2342 510 2374 duabus
539 2343 726 2383 legionibus
743 2355 794 2377 re-

94 2390 195 2422 stitit.
234 2391 324 2422 Dein
339 2396 378 2423 ut
395 2393 566 2433 ostendat,
582 2404 649 2435 qua
663 2395 794 2426 ratione

92 2440 168 2472 illas
181 2441 263 2472 duas
278 2442 426 2481 legiones
443 2443 622 2476 detrahere
644 2445 685 2476 de
702 2455 794 2477 exer-

95 2489 166 2521 citu
182 2492 344 2531 potuerit,
361 2498 398 2523 ut
414 2493 627 2525 nihilominus
643 2504 680 2526 w
697 2496 796 2535 legio·

96 2547 176 2570 mun
192 2542 324 2582 species
338 2548 502 2584 maneret,
516 2544 574 2583 ait,
589 2555 623 2575 se
641 2550 794 2586 quartam

96 2599 262 2633 quamque
290 2593 460 2625 cohortem
493 2595 662 2628 sumsisse.
718 2597 794 2629 Jam

98 2647 147 2672 Lx
161 2641 316 2674 cohortes
338 2644 396 2675 ubi
424 2651 656 2685 numerantur,
679 2657 795 2678 neces-

100 2689 189 2724 sario
220 2698 343 2733 quarta
371 2704 450 2734 pars
480 2700 533 2727 est
561 2704 621 2726 xv.
656 2697 796 2729 Fulvius

97 2741 216 2772 demta
229 2743 384 2778 cohortes
402 2750 502 2786 putat
527 2756 593 2777 una
619 2757 694 2778 cum
721 2748 796 2778 reli-

99 2791 173 2832 quis
189 2791 374 2832 legionibus
386 2795 576 2836 profecta53
601 2798 718 2830 Cacsar
733 2808 795 2839 per

182 2845 295 2887 Delph.
308 2850 338 2878 ct
358 2848 431 2880 Vur.
449 2850 532 2881 clm.

763 2843 869 2884 δέεαι·

1423 221 1535 265 1217

839 326 954 355 demtus
987 327 1124 358 cohortes
1156 325 1317 367 iutelligit
1350 326 1434 359 duas
1465 327 1538 359 illas

840 375 1001 415 legiones,
1018 378 1070 408 vel
1088 378 1223 418 proprie
1242 377 1421 419 loquendo,
1437 387 1537 409 uuam

840 432 873 456 et
891 427 1077 466 dimidiam,
1100 439 1198 468 quam
1218 428 1305 469 apud
1324 438 1358 458 se
1386 428 1538 460 retinuit.

842 476 914 516 Ego
945 478 1047 508 miror
1075 487 1191 507 vocem
1222 479 1342 519 quartis
1368 478 1539 519 Scaligero

840 535 973 567 quoque
1005 527 1088 557 adeo
1118 534 1312 567 suspectam
1344 539 1418 559 esse
1445 534 1542 570 potu-

839 576 918 615 isse,
936 582 972 607 ut
989 586 1061 607 eam
1076 577 1253 617 παρενθέσει
1270 579 1302 609 ἰη
1317 589 1374 610 sua
1389 580 1541 611 editione

839 627 1042 658 includeret.
1073 628 1205 660 Vossius.

883 679 923 708 10
948 677 1092 718 Demptis
1107 679 1226 718 quartis
1239 680 1420 721 quibusque]
1456 682 1541 713 MSS.

840 732 875 758 et
914 727 1001 759 Edd.
1040 729 1135 759 Vett.
1177 731 1307 769 demptis
1351 731 1540 771 quibmdam.

840 779 982 810 Graecus
1005 779 1087 810 item
1104 779 1188 811 τινὰς
1215 780 1340 820 σπείρας
1363 782 1543 820 κατασχών.

842 829 917 868 His,
944 830 1083 871 reliquis
1103 831 1265 863 videlicet
1291 833 1410 873 copiis.
1436 834 1542 864 Clark.

843 881 973 916 Quurtis
986 886 1122 912 servant
1138 882 1221 912 Mss.
1237 882 1361 913 Audin.
1378 889 1410 913 et
1429 883 1543 914 Oxou.

841 936 876 962 et
907 931 1001 962 Leid.
1032 941 1100 962 sec.
1133 937 1168 963 et
1197 933 1380 964 Vascosaui
1413 944 1541 974 marga.

840 982 906 1012 Sed
931 983 1062 1022 demptis
1087 992 1153 1013 non
1179 990 1368 1023 agnoscunt
1392 983 1481 1015 And.
1507 990 1544 1014 et

841 1031 954 1062 Oxon.
981 1036 1016 1062 et
1037 1041 1096 1071 pro
1111 1032 1276 1073 quibusque
1299 1033 1408 1073 (quod
1432 1039 1485 1064 est
1509 1034 1543 1064 in

841 1082 911 1111 solo
930 1081 1078 1120 Andium,
1101 1082 1128 1112 si
1151 1084 1323 1123 excerptis
1338 1088 1391 1129 est¹
1402 1084 1544 1115 creden-

841 1130 936 1169 dum)
964 1131 1067 1162 habet
1094 1132 1207 1163 Oxon.
1229 1133 1359 1173 quidem.
1407 1134 1544 1175 Reliqui

841 1192 956 1213 omnes
979 1192 1042 1213 nec
1065 1183 1186 1223 quartis
1207 1183 1347 1223 habent,
1365 1188 1400 1215 et
1425 1183 1546 1224 quibus-

840 1234 911 1263 dum
942 1233 1069 1267 legunt.
1131 1235 1279 1275 Demptis
1309 1235 1412 1266 etiam
1442 1235 1543 1267 modo

842 1285 955 1324 reperi
971 1285 1003 1315 iu
1021 1285 1119 1316 Leid.
1137 1290 1216 1317 tert.
1234 1286 1327 1317 Duk.
1344 1291 1380 1318 et
1396 1287 1544 1318 Dorvill.

842 1334 970 1372 Ceteri,
997 1338 1164 1376 quotquot
1188 1345 1369 1368 numerare
1393 1347 1545 1377 possum,

841 1385 941 1424 captis
963 1385 1139 1424 quibusdam
1162 1386 1215 1416 vel
1238 1397 1267 1426 q.
1290 1387 1398 1427 captis.
1443 1388 1545 1419 Unde

843 1436 987 1475 adparet
1017 1436 1137 1466 saltem
1163 1436 1264 1476 captis
1289 1437 1360 1468 sive
1387 1437 1546 1479 delectis,

843 1485 1074 1526 reponendum
1092 1496 1154 1527 pro
1167 1488 1288 1519 demtis.
1336 1489 1389 1519 De
1407 1488 1545 1530 reliquis

842 1537 981 1568 videant
1005 1537 1191 1568 acutiores:
1216 1537 1294 1568 mihi
1320 1547 1386 1569 non
1414 1538 1547 1570 satisfa-

844 1587 908 1618 cio.
965 1587 1018 1618 An
1046 1587 1137 1618 sectis
1164 1588 1344 1628 quibusdam
1373 1588 1547 1621 cohortibus

843 1637 897 1668 vel
923 1637 1028 1668 simile
1045 1637 1138 1679 quid,
1154 1643 1189 1668 ut
1207 1638 1411 1679 reliquarum
1437 1645 1474 1669 n·
1502 1640 1547 1669 le-

844 1688 978 1728 gionum
995 1687 1153 1719 cohortes
1168 1688 1216 1719 ita
1230 1689 1396 1720 secaverit
1412 1693 1447 1720 et
1463 1689 1548 1720 divi-

844 1738 938 1777 serit,
967 1744 1005 1769 nt
1030 1738 1230 1769 viderentur
1256 1748 1329 1769 esse
1359 1739 1548 1779 sexaginta,

845 1789 913 1820 sive
931 1798 990 1820 sex
1015 1789 1180 1829 legiones,
1207 1789 1358 1830 quamvis
1386 1789 1469 1821 duas
1497 1791 1547 1822 eis

845 1839 1071 1870 detraxisset?
1098 1840 1151 1869 vel
1165 1849 1206 1869 an
1219 1841 1342 1871 Vossio
1358 1840 1549 1871 adsentien-

844 1889 936 1929 dum,
951 1894 987 1920 et
1002 1890 1184 1931 legendum
1205 1890 1354 1921 detractis
1375 1892 1495 1931 quai-tis
1516 1902 1546 1931 q.

844 1938 894 1972 αἱ)
934 1940 1038 1972 Certe
1055 1941 1104 1972 ita
1118 1941 1220 1972 Mstis
1239 1942 1378 1982 propius
1397 1942 1547 1973 adhaere-

845 1991 967 2022 bimus.
995 1992 1134 2022 Blastns
1148 1991 1351 2032 Vigenerus,
1367 2002 1465 2033 quem
1479 1993 1548 2024 lau-

845 2041 905 2072 dat
934 2041 1109 2081 Brantius,
1135 2043 1265 2073 mavult
1292 2043 1424 2084 demptis
1445 2043 1552 2077 tertiis

844 2091 1010 2133 quibusque
1025 2092 1212 2124 cohortibus.

888 2146 929 2174 16
955 2143 1170 2184 Transductis]
1215 2145 1353 2177 Excidit
1368 2146 1432 2178 hoc
1449 2157 1549 2179 voca-

845 2192 960 2225 bulum
980 2204 1022 2225 ex
1042 2194 1214 2236 plerisque
1230 2185 1316 2228 'Mss-
1335 2197 1476 2229 Graecus
1492 2210 1547 2229 uu-

846 2248 914 2274 tem
944 2244 1046 2276 habet
1077 2244 1264 2281 διεβίβασεν.
1304 2247 1411 2279 Clark.
1468 2249 1548 2280 Non

845 2293 972 2326 habent
994 2296 1104 2337 Bong.
1122 2297 1290 2335 Vossiani,
1313 2298 1433 2330 Petav.
1449 2300 1547 2339 Egni.

846 2344 944 2376 Gott.
962 2346 1055 2377 Leid.
1072 2356 1140 2378 sec.
1158 2352 1238 2379 tert.
1257 2348 1402 2380 Dorvill.
1432 2350 1549 2381 Ceteri

844 2396 1044 2438 plerumque
1059 2399 1142 2429 trad.
1159 2398 1327 2437 Praefero,
1340 2400 1430 2441 quod
1446 2406 1497 2432 est
1512 2401 1548 2432 in

846 2445 980 2478 Carrar.
998 2448 1197 2479 transmissis.
1246 2449 1311 2480 Adi
1325 2449 1367 2480 ad
1384 2459 1416 2482 v.
1429 2453 1459 2482 2.

888 2505 1015 2528 xxxvr.
1038 2501 1058 2529 4
1086 2499 1136 2530 De
1158 2501 1385 2540 expugnatione
1407 2503 1547 2541 despera-

844 2547 908 2577 rit:
929 2549 967 2578 de
982 2548 1164 2589 obsessione]
1209 2551 1296 2582 Haec
1314 2551 1339 2581 si
1357 2560 1435 2581 sana
1460 2556 1548 2590 suut,

845 2599 1051 2638 expugnatio
1064 2610 1120 2640 per
1135 2600 1202 2631 vim
1231 2606 1268 2632 et
1288 2612 1327 2632 ex
1351 2602 1473 2639 itinere,
1497 2601 1547 2631 in-

846 2647 955 2688 telligi
973 2648 1095 2688 debet3
1121 2660 1223 2691 quare
1241 2650 1298 2680 ἇνὰ
1322 2649 1432 2690 κράτος
1454 2649 1548 2681 addi-

846 2697 894 2728 dit
911 2698 1177 2740 Metaphrastes.
1195 2692 1198 2696 ’
1224 2701 1268 2731 Et
1284 2710 1362 2731 sane
1379 2701 1447 2731 tale
1463 2701 1545 2742 quid

845 2748 1013 2780 excidisse
1042 2749 1190 2786 videtur,
1222 2755 1279 2779 aut
1304 2751 1484 2790 pugnando,
1507 2756 1546 2783 ut

845 2797 1023 2830 dicebant:
1049 2809 1124 2830 cum
1141 2798 1304 2840 oppidum
1327 2809 1390 2842 per
1405 2800 1472 2831 vim
1491 2811 1545 2832 ca-

1380 2854 1458 2886 411
