1818 3131
215 167 330 212 1006

259 277 279 306 8
303 274 341 304 In
370 271 513 311 hiber-na]
545 269 717 309 Frequens
747 270 785 298 et
810 264 917 297 ubivis

216 324 314 357 obvia
328 322 466 354 locutio.
510 319 577 350 Sed
596 319 762 358 Bougars.
779 316 918 357 primus,

217 375 343 405 Lovan.
373 369 502 402 Buslid.
531 367 698 408 Egmund.
730 367 851 398 Petav.
883 370 918 396 et

218 423 380 462 Gottorp.
391 430 409 450 a
419 429 461 450 m.
477 428 528 458 pr.
542 418 637 449 Leid.
650 422 726 448 tert.
746 418 919 456 Excerpta

217 472 329 504 Puim.
356 475 392 500 et
418 468 504 499 Edd.
529 468 666 498 Incerta
696 477 734 498 ac
758 467 872 498 l’lant.
899 476 917 496 a

218 521 332 562 Lipsio
370 522 554 559 procurata
587 517 748 550 exhibent
779 516 918 547 hiberna-

215 572 294 603 cula.
338 569 465 601 Eodem
483 578 596 607 sensu,
617 577 682 609 quo
699 567 836 597 hiberna.
875 566 918 596 Et

217 625 312 653 certe
327 621 373 651 sic
391 630 430 651 ea
447 629 510 650 vox
527 620 670 650 sumitur
694 617 784 658 apud
807 620 918 656 poste-

216 671 323 702 riores
353 671 550 710 scriptores,
576 674 610 700 et
632 667 808 699 Claudian.
834 666 853 695 Ι.
871 674 917 695 xv.

218 723 318 754 Cons.
343 721 435 752 Hon.
458 730 544 751 vers.
567 722 641 750 3:22.
668 718 724 748 ubi
744 715 820 746 vide
838 715 920 745 Bar-

217 773 339 804 thium:
357 781 432 802 nam
451 771 550 801 aliter
562 769 647 800 sumi
665 769 775 798 solent
789 776 807 795 a
825 765 919 796 Lixio

217 827 253 854 et
270 822 341 853 aliis
356 821 551 852 hibernacula
575 828 635 858 pro
655 815 824 852 tentoriis,
841 824 916 854 quae

217 872 327 902 hieme
343 870 489 911 pellibus
506 874 606 899 eraut
623 870 792 898 contecta.
829 864 917 894 Vide

218 927 331 952 tamen
349 920 420 951 Cei.
439 919 553 949 Wasse
571 917 612 948 ad
630 917 766 947 Sallust.
784 915 824 945 B.
839 914 919 953 Jug.

218 981 246 1003 c.
262 974 334 1002 110.
349 968 454 1011 (103.)
468 971 476 986 ⁶
494 968 626 1000 Marius
639 965 791 998 exercitu
815 965 848 995 in
873 964 920 994 hi-

219 1020 410 1052 bernaculis
424 1017 636 1058 composito!
658 1016 713 1046 Sic
727 1019 820 1045 certe
839 1014 922 1045 Mss.

218 1080 284 1101 uno
307 1070 483 1109 alteroque
501 1067 692 1098 recentiore
713 1069 871 1104 excepto,
888 1068 924 1094 et

220 1120 308 1152 Edu.
324 1120 420 1150 Vett.
439 1119 491 1149 Ci.
509 1122 622 1148 tamen
639 1114 774 1147 Curtius
795 1114 920 1144 ibidem

671 172 813 205 No'rAE
848 171 1110 202 VARlORUM
1146 171 1197 203 IN

971 264 1120 303 Agesilai
1138 274 1168 295 c.
1183 266 1211 294 3.
1230 262 1300 301 ubi,
1313 271 1388 293 cum
1403 265 1505 294 antea
1516 261 1671 301 dixisset,

972 324 1048 346 eum
1064 316 1072 332 ‘
1094 315 1260 354 Ephesum
1282 312 1465 344 hiematum
1484 312 1673 343 exercitum

972 364 1169 403 reduxisso,’
1187 367 1249 394 stc.
1273 364 1412 404 subjicit
1435 364 1443 380 ‘
1460 363 1552 395 Huic
1569 373 1671 404 quum

972 420 1105 455 tempus
1132 419 1221 444 esset
1248 414 1370 452 visum,
1411 413 1524 454 copias
1561 418 1673 445 extra·

972 465 1050 496 here
1070 474 1112 496 ex
1135 464 1385 496 hibernaculis.’
1425 465 1513 505 Ergo
1546 469 1581 496 et
1604 464 1672 495 iilic

971 513 1191 545 scribendum
1208 524 1247 544 ex
1262 514 1400 544 hibernis
1431 519 1549 545 contra
1566 515 1675 546 Mstos

974 563 1128 594 Codices.
1174 563 1272 594 Adde
1291 564 1392 594 vitam
1410 565 1569 595 Eumenis
1593 574 1623 596 c.
1641 567 1674 596 Β.

973 613 1086 643 Livius
1112 613 1213 643 etiam
1237 622 1312 644 cum
1339 614 1474 654 scripsit
1503 623 1597 646 xxii.
1621 617 1674 646 32.

975 662 1225 693 ‘hibernaculis
1270 667 1400 693 mature
1434 664 1675 703 communitis,’

975 722 1070 752 mque
1099 713 1265 753 potuisset
1296 713 1489 754 relinquere
1523 714 1677 746 hibernis:

973 771 1050 792 nam
1069 771 1203 803 semper
1227 762 1356 794 hiberna
1384 772 1451 793 non
1476 762 1616 795 suerunt
1643 765 1677 796 in

974 812 1126 851 urbibus,
1151 814 1210 843 sed
1237 813 1338 844 modo
1364 813 1396 843 iu
1422 814 1505 845 locis
1528 815 1678 854 munitis,

973 868 1010 893 ut
1037 864 1090 894 vel
1119 873 1137 894 e
1167 864 1238 894 solo
1257 864 1389 895 Caesare
1414 865 1536 905 saepius
1562 870 1678 906 potest

975 919 1105 952 patere.
1164 914 1325 944 Ceterum
1358 914 1411 944 hic
1442 914 1474 945 in
1499 916 1679 957 {Bongarffi

976 962 1095 1003 primo,
1117 964 1213 994 voss.
1244 965 1362 1004 primo,
1384 966 1597 1004 Lovaniensi,
1615 967 1680 1007 Eg-

977 1013 1093 1044 mund.
1111 1013 1193 1044 item
1222 1014 1255 1044 in
1283 1015 1512 1046 vetustissimo
1537 1016 1620 1046 Cod.
1644 1017 1678 1047 S.

976 1062 1158 1093 Benedicti
1192 1062 1414 1094 floriacensis
1442 1069 1545 1105 atque
1576 1064 1681 1096 Scali-

976 1122 1101 1151 gerauo
1125 1122 1185 1152 per
1210 1113 1254 1143 l).
1272 1113 1428 1144 Vossium
1453 1114 1591 1153 collato,
1614 1125 1681 1146 ma-

220 1174 256 1201 et
283 1179 312 1201 c.
335 1172 389 1200 37.
418 1168 474 1198 ubi
506 1166 626 1198 eadem
643 1165 797 1203 variatio,
819 1167 921 1203 nogat
969 1162 1113 1202 jusculis
1130 1162 1384 1194 characteribus
1407 1164 1496 1194 inter
1520 1165 1585 1195 alia
1608 1166 1679 1197 hare

219 1219 415 1251 hibernacula
432 1217 510 1259 poni
533 1225 631 1257 posse
660 1224 720 1255 pro
736 1213 872 1244 hibernis
888 1213 922 1243 iu

222 1269 306 1300 urbe
329 1269 435 1306 actis3
461 1276 563 1308 quare
580 1265 792 1297 confidenter
807 1262 839 1293 in
856 1270 926 1293 tex-

222 1324 294 1350 tum
324 1318 460 1349 admisit
491 1317 631 1347 hiberna.
678 1314 838 1346 Concedo
855 1313 926 1354 qui-

222 1369 299 1399 dem
325 1367 374 1398 ita
402 1367 570 1398 rarissime
595 1365 770 1405 usnrpari3
794 1364 854 1395 sed
877 1364 925 1394 iu·

223 1417 300 1449 veni
331 1422 445 1448 tamen
478 1416 568 1456 apud
601 1415 773 1455 Nepotem
797 1414 830 1445 in
855 1413 926 1444 vita

395 1715 524 1765 DE
596 1715 942 1764 BELLO

865 1876 951 1914 LlB

269 1998 359 2030 CAP.
377 2006 402 2028 1.
421 2000 450 2029 l.
475 1997 562 2029 Serv.
581 1997 730 2038 Galbam]
753 1998 855 2029 Errat
870 2007 925 2029 ve·

225 2050 402 2079 hementer
419 2048 610 2089 Giandorp.
637 2048 772 2090 quando
788 2048 840 2079 hic
858 2047 926 2088 legi

225 2099 300 2129 vult
322 2097 470 2137 Sergium
496 2098 640 2129 Galbam.
687 2099 717 2130 N
723 2107 775 2129 am
797 2097 928 2137 Sergius

226 2147 338 2189 gentis
355 2152 407 2178 est
423 2157 564 2185 uomen3
589 2148 716 2179 Servius
734 2157 815 2178 vero
839 2157 925 2188 prae-

225 2207 359 2235 nomen,
392 2203 427 2229 et
459 2198 632 2238 peculiare
655 2198 790 2240 quidem
815 2199 925 2238 gentis

224 2250 394 2290 Sulpiciam
426 2250 492 2281 Adi
509 2251 667 2282 Ursinum
683 2257 718 2282 et
735 2251 923 2282 Casaubon.

225 2299 268 2332 ad
284 2300 424 2331 Sueton.
442 2301 542 2332 Gau).
561 2311 590 2333 c.
607 2305 638 2332 4.
665 2302 773 2333 Scott.
797 2301 838 2332 ad
857 2302 924 2333 Au-

225 2351 287 2381 rei.
304 2351 396 2381 Vict.
414 2350 456 2381 de
474 2352 563 2382 Viris
580 2352 634 2382 ΙΙΙ.
653 2362 682 2383 c.
700 2354 752 2383 47.

267 2404 288 2432 6
313 2401 523 2442 Qwitinrrc]
555 2404 666 2434 Deest
694 2403 727 2434 iu
755 2404 924 2444 pierisque

226 2449 419 2482 Codicibus.
459 2453 567 2482 Clark.
616 2453 714 2483 Hanc
731 2453 925 2493 prmceden-

225 2499 270 2532 tis
285 2500 493 2532 substantivi
515 2503 753 2543 repetitionem
770 2502 927 2543 frequen-

225 2554 296 2582 tem
325 2561 398 2583 esse
425 2553 456 2583 in
484 2553 632 2592 s'aesnrc,
655 2554 768 2584 multis
792 2555 926 2584 ostendi

226 2600 268 2632 ad
285 2610 326 2633 Π.
345 2605 397 2633 18.
414 2607 449 2634 et
465 2606 517 2634 35.
564 2604 616 2634 Sic
634 2614 710 2635 mox
728 2605 759 2635 in
776 2605 852 2643 rico,
874 2607 926 2645 qui

225 2652 320 2682 vicus.
341 2661 374 2684 v.
387 2655 418 2685 2.
433 2653 443 2670 ‘
458 2652 511 2684 Ad
525 2658 661 2694 portum
676 2654 790 2691 Itium,
807 2665 872 2695 quo
885 2665 926 2685 ex

227 2701 353 2742 portu.'
406 2703 533 2736 Verum
557 2708 679 2736 contra
707 2704 791 2736 Mss.
818 2705 927 2738 ubivis

979 1217 1074 1243 erant
1087 1212 1270 1253 adscripta,
1285 1213 1327 1243 de
1344 1214 1464 1253 quibus
1483 1214 1524 1245 ad
1541 1215 1681 1256 inscrip-

980 1263 1105 1294 tionem
1123 1264 1234 1303 operis
1250 1265 1362 1294 monui
1378 1276 1384 1294 :
1412 1265 1451 1297 Jt
1463 1274 1536 1296 rus
1555 1274 1679 1297 CELSLS

980 1306 1306 1346 Coss-mumisssc
1321 1316 1614 1346 uzon—Funus
1633 1323 1682 1347 ιι-

979 1371 1104 1394 cmuus
1119 1372 1293 1395 Funuxtjs
1310 1373 1496 1396 rumeins
1513 1373 1608 1397 1.th-

1017 1717 1508 1766 GALLICO.

980 1876 1052 1915 111.

981 1999 1219 2031 intrudendam
1237 2010 1308 2031 esse
1332 2010 1396 2031 non
1413 2000 1552 2041 opinor:
1578 2011 1683 2043 quare

980 2050 1034 2081 hic
1051 2050 1103 2082 Cl.
1122 2051 1335 2082 Clarkiouon
1355 2052 1508 2082 ausculto
1524 2061 1531 2082 :
1557 2052 1683 2094 quippe

981 2100 1093 2131 itinere
1117 2110 1182 2131 non
1205 2106 1391 2141 comparet,
1417 2106 1577 2142 quantum
1601 2102 1683 2141 scio,

982 2159 1092 2190 neque
1123 2151 1157 2181 in
1189 2151 1255 2181 uilo
1283 2151 1424 2191 Codice,
1460 2161 1522 2183 nec
1551 2152 1586 2183 in
1616 2152 1682 2185 Ed.

979 2200 1113 2232 Veteri.

1025 2254 1046 2282 0
1070 2251 1259 2291 Magnisque
1271 2252 1320 2292 μ]
1337 2252 1419 2283 Mss.
1435 2258 1469 2283 et
1485 2252 1572 2284 Edd.
1587 2251 1683 2284 Vett.

980 2310 1048 2330 cum
1075 2302 1234 2340 portoriis.
1293 2302 1378 2333 Quae
1414 2302 1528 2333 verior
1566 2302 1681 2334 lectio.

981 2352 1088 2381 Clark.
1135 2353 1247 2384 Recte
1273 2353 1326 2383 hic
1346 2353 1479 2393 judicat
1504 2353 1680 2385 Clarkins:

980 2406 1168 2436 agnoscunt
1194 2403 1468 2443 praepositionem
1499 2403 1682 2442 repetitam

981 2456 1049 2482 tum
1069 2451 1209 2483 aliorum
1229 2457 1298 2484 tuni
1321 2453 1385 2482 mci
1407 2453 1489 2483 Mss.
1507 2462 1622 2484 omnes
1645 2457 1682 2484 et

982 2502 1070 2533 Edd.
1099 2503 1228 2543 primae,
1266 2513 1307 2534 ex
1338 2503 1504 2533 constanti
1536 2503 1683 2535 Caesaris

981 2554 1080 2594 stylo.
1116 2553 1183 2583 Adi
1200 2554 1409 2584 collectanea
1427 2552 1468 2583 ad
1486 2562 1525 2584 11.
1543 2556 1594 2584 10.
1625 2553 1681 2584 Sic

982 2613 1006 2634 1.
1039 2606 1091 2635 44.
1128 2604 1137 2619 ‘
1163 2604 1284 2634 Secum
1314 2608 1350 2633 ct
1391 2612 1466 2633 Cum
1497 2601 1684 2644 Sequanis?

982 2653 1078 2684 Infra
1090 2663 1120 2685 c.
1133 2656 1188 2684 23.
1210 2653 1219 2669 ‘
1236 2663 1357 2693 magua
1369 2663 1443 2684 cum
1461 2654 1681 2694 auctoritate,

979 2709 1016 2735 et
1028 2713 1150 2745 magna
1162 2712 1239 2734 cnm
1247 2703 1417 2734 hominum
1428 2703 1647 2738 multitudine
1659 2703 1683 2736 5’
