1818 3131
327 215 420 245 Lm.
454 214 506 244 11.
536 211 644 243 cAP.
674 201 745 242 24.
776 211 840 242 nn
874 211 1030 242 annno
1063 211 1291 242 climaco.

83 321 160 343 mo:
184 319 288 353 qnare
315 311 455 349 recepta
469 315 558 338 nunc
585 305 688 337 lectio
713 313 779 335 non

81 361 248 394 movenda
265 364 328 392 est.
352 369 385 391 v.
399 361 450 390 51.
467 358 476 376 ‘
490 358 602 389 hostes
618 357 651 387 in
664 356 778 396 fugam

84 411 169 443 dat!

125 464 166 493 12
188 462 232 492 At
248 458 411 498 totissere,
435 457 502 498 ἔγω]
529 457 616 488 Mss.
631 454 780 496 Brantii,

81 511 206 548 Scotti‚
235 514 270 541 et
286 508 349 540 mei
376 518 504 546 onmes,
522 510 684 548 quantum
701 506 783 544 scio,

83 571 159 593 cnm
190 559 277 591 Edd.
309 559 424 599 primis
448 557 604 598 praebent
626 556 780 588 attonitis.

82 610 170 643 Edd.
200 609 321 641 mediae
347 620 383 640 ac
412 608 499 640 totis.

82 659 229 692 bendum
249 663 335 699 erat,
351 663 390 690 ut
406 658 484 698 feci,
506 661 538 689 at
554 661 620 688 tum
637 657 723 693 totis,
747 655 782 686 id

81 715 147 752 est,
162 720 202 742 eo
219 715 371 751 tempore
395 713 430 740 et
446 719 487 740 ea
511 717 558 747 re,
575 708 654 749 quia
678 707 782 748 legio-

80 769 141 792 nes
158 769 177 790 a
195 759 332 792 sinistra
358 764 393 789 et
416 769 434 789 a
456 757 569 789 fronte
595 757 782 788 Atrebatas

82 813 119 842 et
149 809 404 840 Veromanduos
440 808 571 847 longius
601 815 782 847 proseque-

82 859 218 896 bantur,
242 858 282 889 iis
306 858 339 888 in
367 857 522 898 partibus
548 857 677 887 nudata
705 859 784 886 sunt

82 913 220 946 castra3
259 907 336 938 inde
369 906 506 938 Nerviis
537 906 670 937 occasio
702 909 784 936 nata

81 963 136 990 est
161 957 407 990 confertissimo
435 956 568 997 agmine
596 957 629 987 in
654 965 722 988 xn.
749 959 785 987 et

79 1016 146 1039 vn.
173 1007 340 1049 legionem
366 1005 531 1038 inruendi.
578 1006 701 1047 Neque
729 1005 787 1037 ali-

84 1061 138 1089 ter
153 1057 294 1089 Graecus
311 1057 483 1096 interpres
501 1057 533 1086 ἐν
553 1055 653 1094 τούτῳ
676 1054 720 1087 δέ.

124 1112 163 1140 15
197 1109 310 1140 Nervii
323 1107 547 1146 confertissimo
563 1108 698 1147 agmine,
711 1109 786 1138 <lnce

81 1157 301 1198 Boduognato]
334 1159 424 1198 Ergo
448 1167 630 1198 perperam
647 1158 786 1198 Anony-

82 1217 154 1238 mus
184 1207 274 1239 Celsi
299 1208 491 1247 exscriptor
521 1207 786 1248 Boduognatum

83 1257 398 1289 veromanduorum
415 1260 516 1288 vocat
539 1257 672 1289 ducem.
715 1258 786 1288 Vos-

86 1306 161 1338 sius.
211 1316 215 1320 ·

126 1359 167 1388 18
192 1356 308 1396 Coepit]
330 1357 514 1397 Eleganter
526 1356 702 1389 Leidensis
720 1356 788 1397 pri-

87 1416 159 1438 mus
175 1410 339 1447 emper-unt,
384 1407 545 1448 Synthesi
569 1408 639 1439 sive
657 1407 787 1447 Syllep-

84 1456 124 1497 si,
140 1465 207 1487 non
229 1455 348 1487 Poetis
364 1460 509 1494 tantum,
534 1457 593 1489 sed
616 1456 787 1488 historicis

88 1506 243 1538 omnibus
281 1505 572 1546 frequentissima,
603 1506 699 1546 cujus
733 1514 790 1536 ex-

85 1556 198 1597 empla
219 1565 262 1586 ex
277 1555 350 1586 aliis
368 1555 537 1596 proferre,
562 1565 615 1586 me
631 1555 788 1596 puderet.

86 1605 183 1637 Idem
199 1615 274 1636 cum
292 1605 364 1636 aliis
380 1614 414 1635 v.
432 1608 485 1636 45.
511 1606 520 1621 ‘
532 1615 609 1646 pars
625 1605 790 1637 necaban-

86 1656 168 1688 tur.'
212 1665 262 1687 η.
289 1658 343 1686 40.
379 1655 547 1695 E-gmond.
576 1655 677 1696 ‘pars
704 1655 790 1686 ceci-

87 1704 226 1736 derint:
255 1713 322 1736 vu.
351 1706 404 1735 76.
429 1705 531 1744 ‘pars
563 1704 789 1744 eruptionem,

85 1763 165 1796 pars
188 1749 395 1785 deditionem
416 1753 602 1784 censebant
617 1753 636 1784 :’
660 1753 719 1783 ubi
736 1761 789 1783 ea-

87 1804 165 1836 dem
199 1802 361 1835 confusio.
420 1802 521 1833 Adde
561 1803 603 1833 B.
635 1801 790 1833 African.

91 1864 122 1886 c.
135 1856 166 1885 3.
181 1853 214 1884 in
238 1852 317 1884 fine.
362 1852 456 1883 Male
479 1856 595 1883 autem
620 1856 656 1884 et
671 1857 791 1884 eontra

87 1905 171 1937 Mss.
188 1913 303 1935 omnes
318 1902 403 1934 editi
416 1903 511 1934 locam
528 1906 710 1934 castrorum.

128 1962 230 1986 xxxv.
262 1957 283 1986 4
317 1953 425 1985 Aliam
453 1953 488 1984 in
519 1956 643 1994 partem
673 1952 792 1992 sugam

88 2004 251 2047 petebant]
281 2004 452 2036 Usitatior
477 2010 530 2035 est
544 2003 705 2045 loquendi
720 2002 790 2034 for-

87 2056 190 2096 mula,
232 2055 326 2086 aliam
365 2058 489 2095 partem
515 2054 601 2094 suga
633 2054 791 2096 petebant,

87 2107 177 2138 sicut
193 2111 228 2137 et
242 2106 306 2137 hoe
321 2106 355 2136 iu
372 2107 446 2137 loco
471 2105 688 2137 scribendum
712 2115 790 2137 cen-

89 2156 157 2187 suit
186 2156 266 2187 Pet.
293 2155 506 2187 Ciacconius.
551 2155 715 2186 Attamen
734 2154 790 2193 su-

85 2215 161 2245 gam
168 2208 272 2246 petere
292 2205 378 2236 dixit
395 2205 497 2236 etiam
516 2205 678 2246 Virgilius
694 2206 793 2236 AEne-

88 2255 137 2287 id.
155 2263 220 2286 xn.
236 2258 310 2287 263.
356 2255 531 2287 Claudian.
556 2256 590 2286 in
618 2254 789 2287 Ruffinum

89 2314 131 2338 11.
170 2308 244 2337 132.
289 2305 466 2337 ‘Incertus
519 2310 699 2347 peteretne
740 2305 793 2338 fu-

93 2364 183 2396 gam,
213 2355 387 2386 veniamve
413 2355 573 2387 subactus
604 2356 793 2388 Posceret.’

93 2406 216 2438 Sextus
234 2404 345 2436 Rufus
363 2405 395 2435 in
412 2406 564 2437 Breviar.
581 2417 612 2438 c.
627 2410 678 2438 17.
693 2408 701 2424 ‘
713 2407 792 2438 dum

90 2455 205 2498 fugam
222 2456 323 2496 petit,
340 2456 471 2487 occisus
490 2456 564 2487 est!
607 2457 692 2488 Ideo
708 2457 793 2488 nihil

92 2506 304 2538 mutandum.
339 2506 451 2537 Dat-ite.
496 2506 573 2537 Hoc
589 2506 721 2538 abunde
737 2507 794 2538 de-

93 2562 287 2588 monstrant
317 2557 491 2596 complura
527 2561 684 2588 veterum
709 2557 793 2588 loca.

92 2605 207 2638 Livius
229 2615 285 2638 lx.
309 2609 363 2637 23.
388 2610 397 2624 ‘
412 2608 488 2639 Qua
510 2612 625 2647 potest
653 2607 793 2648 quisque

93 2654 205 2696 fugam
217 2665 280 2697 per
295 2656 432 2688 diversa
447 2658 592 2698 petunt!
618 2658 721 2689 Ovid.
750 2657 793 2689 de

94 2704 172 2737 Art.
189 2706 322 2738 amandi
338 2716 364 2739 1.
393 2711 468 2740 552.
495 2708 651 2750 ‘Terque
678 2708 794 2749 fugam

95 2755 210 2798 petiit,
235 2761 356 2800 terque
378 2762 513 2792 retenta
529 2759 652 2792 manu.'
697 2759 796 2792 Clau-

545 608 677 648 Nempe
701 606 782 638 scri-

1445 201 1531 243 995

829 303 950 336 dianus
983 305 1017 336 in
1047 304 1157 337 Rufin.
1188 314 1226 336 n.
1255 308 1327 337 1:32.
1359 305 1531 339 ‘incertus

830 360 1007 396 peteretne
1033 355 1146 397 fugam
1177 357 1351 389 veniamve
1367 358 1528 391 subactus

831 406 1014 445 posceret)
1066 408 1190 438 Sextus
1225 407 1332 439 Rufus
1364 408 1397 438 in
1426 409 1529 441 Brev.

831 463 862 486 c.
894 457 946 486 1⁷.
984 456 1097 486 ‘Dum
1124 456 1238 496 sugam
1273 458 1375 498 petit,
1399 459 1531 489 occisus

831 504 905 536 est!
951 505 1113 536 Similiter
1143 506 1226 538 Aur.
1256 509 1407 539 victoris
1439 509 1533 549 Epit.

832 565 862 588 c.
877 559 931 588 41.
946 560 983 588 et
1004 556 1160 587 Lucanus
1180 566 1228 588 ιν.
1244 561 1319 589 719.
1343 559 1442 598 Idem,
1460 568 1533 590 cur.

831 615 901 636 sec.

874 659 893 686 5
919 655 982 690 Qui
1004 665 1023 685 (ι
1046 656 1226 686 Βεειυηαηα
1247 660 1338 696 porta
1361 667 1397 688 ac
1417 667 1534 689 summo

821 705 901 744 jugo
914 705 1139 745 collismostros
1153 706 1283 737 victores
1295 708 1414 748 flzmzeu
1431 711 1534 739 trans-

831 755 878 786 ire
924 760 1172 796 compescet-ant,-
1212 758 1377 796 proedcmdi
1428 768 1535 788 caussa

831 806 964 847 egressi]
1012 806 1067 837 Ita
1100 806 1185 837 Mss.
1220 807 1306 847 Reg.
1346 810 1381 837 et
1421 806 1536 837 Vossii

835 856 1011 895 exhibent,
1034 856 1087 896 qui
1110 866 1128 887 a
1159 858 1336 897 decumana,
1358 859 1409 897 850.
1433 857 1538 888 Scali-

835 916 908 947 ger,
931 907 1055 947 aliique
1072 908 1125 947 qui
1144 908 1338 947 Decmmma,
1366 909 1420 946 ἅμ’.
1466 909 1537 939 De-

835 956 914 987 inde
943 957 1027 988 Mss.
1053 958 1139 998 Reg.
1171 958 1297 989 Eliens.
1325 963 1360 989 et
1377 959 1474 989 Voss.
1502 964 1537 990 et

836 1006 945 1037 Editt.
972 1007 1068 1038 Vett.
1091 1007 1217 1039 habent
1245 1019 1281 1039 ac
1307 1018 1421 1038 summo
1441 1009 1537 1047 jugo,

834 1057 886 1094 85⁶.
934 1056 1098 1096 Scaliger,
1125 1057 1249 1097 aliique
1275 1068 1295 1088 a
1316 1067 1432 1088 summo
1447 1059 1538 1096 jugo,

834 1107 888 1144 &a
933 1106 1076 1137 Graecus
1097 1106 1157 1137 ἀπό
1183 1119 1219 1138 τε
1240 1108 1297 1144 τῆς
1319 1106 1462 1146 μεγάλης
1481 1106 1538 1137 πύ-

835 1161 894 1194 λης
926 1156 976 1187 καὶ
1005 1158 1062 1194 τῆς
1093 1158 1150 1188 τοῦ
1173 1157 1260 1198 ὅρους
1289 1158 1434 1198 κορυφῆς,
1471 1160 1538 1188 &c-

836 1207 922 1247 Ego,
940 1215 977 1237 re
998 1211 1071 1238 tota
1086 1217 1267 1248 perpensa,
1285 1208 1341 1238 vix
1362 1217 1416 1238 me
1433 1207 1540 1239 conti-

836 1265 912 1296 neo,
927 1256 1009 1297 quin
1025 1257 1116 1298 (cum
1134 1258 1288 1298 Scaliger
1309 1263 1343 1289 et
1359 1258 1540 1289 Recentio-

837 1314 891 1336 res
919 1306 982 1337 hoc
1012 1307 1112 1337 modo
1145 1307 1330 1346 ediderint,
1357 1307 1540 1342 ‘Calones‚

838 1355 895 1396 qui
916 1356 1117 1387 Decumana
1144 1363 1242 1397 porta
1258 1368 1277 1388 a
1301 1366 1429 1388 summo
1452 1356 1539 1396 jugo

838 1406 934 1437 collis
946 1411 1079 1438 nostros
1096 1407 1244 1439 victores
1258 1407 1384 1438 flumen
1398 1406 1542 1437 transire

838 1461 1103 1497 conspexerant,
1114 1457 1291 1498 praedandi
1302 1467 1421 1488 caussa
1432 1467 1543 1497 egres-

840 1504 890 1544 si‚'
905 1508 970 1537 ὄις.
987 1515 1062 1546 quae
1078 1510 1130 1537 est
1147 1507 1343 1547 perplexior
1370 1512 1543 1538 construc-

839 1554 918 1596 tio,)
961 1556 1173 1596 transpositis
1215 1557 1422 1587 solummodo
1461 1557 1544 1587 duo-

839 1605 901 1635 bus
932 1605 1107 1636 vocabulis
1136 1605 1300 1637 scribam:
1327 1608 1467 1645 Calones,
1490 1608 1543 1647 qui

840 1665 860 1685 a
883 1664 1011 1686 summo
1027 1656 1113 1696 jugo
1136 1656 1234 1687 collis
1265 1660 1385 1688 nostros
1411 1658 1544 1688 victores

830 1704 952 1744 flumen
982 1706 1142 1737 transisse
1171 1710 1404 1746 conspexerant,
1429 1707 1542 1737 Decu-

839 1764 939 1786 mana
953 1760 1054 1795 porta
1074 1757 1236 1796 pra-dandi
1263 1765 1382 1786 caussa
1405 1756 1545 1796 egressi,

840 1806 905 1836 &m
959 1803 1059 1835 Istud
1104 1806 1264 1836 Transisse
1297 1810 1350 1837 est
1386 1816 1429 1837 ex
1458 1807 1542 1838 Mss.

841 1853 925 1894 Reg.
943 1854 1071 1886 Eliens.
1089 1860 1125 1886 et
1139 1856 1251 1887 Vossii
1273 1860 1310 1888 et
1339 1856 1447 1888 Editt.
1480 1858 1545 1888 Ve-

841 1903 984 1936 teribus.
1044 1905 1239 1947 Meliusque
1273 1907 1329 1938 lxic
1371 1908 1544 1947 convenit,

842 1964 945 1996 quam
992 1957 1139 1988 transire.
1182 1958 1290 1990 Clark.
1351 1959 1429 1990 Non
1461 1959 1547 1989 male

842 2005 978 2046 quidem
993 2006 1080 2038 hune
1095 2008 1206 2038 locum
1223 2008 1401 2039 constituit
1414 2008 1547 2040 Clarki-

842 2066 893 2096 us,
910 2056 970 2087 sed
996 2057 1237 2089 necessitatem
1257 2058 1410 2090 mutandi
1427 2059 1545 2090 lectio-

841 2116 933 2147 nem,
960 2110 999 2138 ut
1025 2112 1104 2138 ante
1130 2109 1338 2149 Scaligerum
1364 2109 1546 2148 edebatur,

843 2166 909 2188 non
927 2156 1039 2188 video.
1087 2157 1345 2198 Conspexerant
1363 2159 1397 2189 in
1425 2159 1479 2190 vel
1503 2158 1545 2190 ab

842 2211 954 2247 porta,
985 2217 1061 2247 quae
1087 2213 1161 2239 erat
1184 2209 1219 2238 in
1239 2209 1325 2249 jugo
1351 2209 1485 2248 montis,
1506 2212 1546 2240 ut

841 2262 941 2297 patet
957 2267 988 2289 c.
1003 2262 1056 2289 18.
1071 2258 1224 2300 adeoque
1240 2261 1350 2302 ajngo
1366 2261 1452 2301 ipso,
1476 2259 1546 2290 vic-

843 2310 934 2338 tores
957 2309 1122 2341 transisse
1147 2309 1291 2342 flumen:
1315 2311 1393 2342 inde
1425 2309 1546 2341 castris

843 2357 972 2397 egressi
985 2363 1094 2399 erant,
1111 2361 1200 2400 quod
1212 2362 1405 2393 necessario
1422 2360 1547 2391 intelli-

845 2406 947 2447 gitur,
976 2407 1105 2440 factum
1130 2420 1204 2442 esse
1221 2411 1262 2442 ab
1281 2412 1327 2443 eis
1341 2412 1460 2443 eadem
1477 2411 1546 2442 De-

844 2465 987 2488 cumana
1016 2465 1126 2499 porta.
1187 2461 1331 2492 Habent
1369 2467 1481 2492 autem
1507 2460 1545 2490 ub

844 2506 923 2538 Dec.
954 2511 1048 2548 porta
1084 2510 1243 2542 Vossian.
1284 2512 1381 2552 prim.
1421 2510 1544 2550 scalig.

844 2556 1002 2590 Leidens.
1020 2560 1119 2600 prim.
1143 2567 1179 2592 et
1207 2562 1347 2593 secund.
1375 2560 1546 2593 Oxonien-

843 2606 889 2637 sis
904 2611 940 2639 et
960 2609 1038 2640 alii:
1061 2620 1081 2640 a
1103 2611 1181 2642 Dec.
1200 2611 1299 2642 Voss.
1315 2620 1384 2641 sec.
1411 2620 1446 2640 ac
1467 2619 1547 2641 sum-

844 2665 892 2686 mo
905 2656 986 2697 jugo
1003 2664 1140 2691 servant
1164 2661 1249 2691 Mss.
1274 2669 1388 2691 omnes
1419 2664 1548 2700 praeter

846 2705 1020 2741 Ciacconii
1045 2709 1181 2750 librum,
1204 2711 1292 2742 unde
1313 2709 1450 2741 videtur
1475 2719 1547 2741 rnu-

846 2760 936 2788 tasse
963 2757 1088 2800 Scalig.
1117 2760 1181 2791 nisi
1207 2759 1297 2801 quod
1319 2759 1355 2791 iu
1381 2759 1546 2802 Bongars.
