1818 3131
239 198 354 243 1106

237 309 309 347 pot.
324 305 415 336 Milt.
431 314 460 336 c.
475 308 506 336 4.
531 306 540 322 ‘
556 304 591 335 Is
607 304 705 335 abest
728 304 770 335 ab
787 303 937 345 oppido!

239 357 380 388 Rectius
397 356 511 386 statim
527 355 565 385 τὸ
579 365 610 385 se
624 354 767 395 ejecisse
784 364 837 386 me
855 361 937 396 puto

236 407 441 439 auctoritate
473 406 788 445 Bongarsianorum,
804 406 937 438 Vossia-

236 466 370 494 normu,
402 456 497 497 Egm.
524 456 604 486 Lov.
636 461 670 487 et
697 465 758 486 sex
783 456 937 496 aliorum,

237 513 339 548 atque
369 506 454 537 Edd.
482 507 578 538 Rom.
603 505 677 537 Ine.
694 506 781 537 Ven.
797 506 937 539 Mediol.

237 558 381 598 Ingrata
395 562 447 588 est
472 557 632 598 repetitio
658 557 667 573 ⁴
685 556 766 587 illud
789 567 821 587 se
841 557 937 597 polli-

238 608 309 638 ceri
335 607 389 638 se.’
434 608 476 639 V.
501 608 542 638 ad
569 617 606 638 ιι.
624 610 675 638 31.
701 612 736 638 et
764 617 839 648 cap.
867 617 936 648 seq.

238 658 346 689 Immo
373 663 409 690 et
431 668 500 690 suos
528 659 561 690 in
578 659 670 689 nullo
688 658 938 689 antedictorum

240 708 349 740 Codd.
381 718 444 740 nec
473 709 669 739 Editionum
703 708 858 748 adparet,
891 707 937 738 uti

238 759 350 789 necin
366 758 486 790 Petav.
533 758 632 790 Istud
651 763 762 789 tamen
781 758 823 788 ob
839 758 939 788 ambi-

238 808 416 848 guitatem,
440 818 514 849 quae
531 808 644 838 forsan
672 807 771 838 alicui
795 807 939 838 suboriri

240 864 369 899 posset,
419 864 454 890 et
491 859 570 899 quia
618 857 708 888 And.
755 858 851 888 Leid.
886 868 938 898 pr.

238 909 328 940 Scal.
360 908 473 940 Oxon.
505 914 540 939 et
571 907 684 939 forsan
713 908 825 939 Ursini
856 910 938 941 Mss.

238 964 390 995 servant,
419 959 551 989 servavi
579 968 732 999 quoque:
761 958 846 1000 fines
873 969 942 989 suos

239 1009 341 1041 etiam
355 1009 548 1040 sexcenties
561 1009 675 1049 jungit
692 1008 818 1039 Caesar.

282 1062 448 1091 xxv1n.l
474 1058 658 1100 Arpinejus]
694 1059 750 1089 Sic
777 1059 940 1097 Bongars.

240 1119 309 1141 sec.
328 1109 453 1140 Andin.
471 1109 592 1140 Petav.
615 1108 710 1139 Leid.
737 1108 834 1149 prim.
862 1110 941 1139 Sea-

239 1160 298 1201 lig.
311 1160 408 1191 Voss.
424 1158 524 1200 prim.
542 1164 577 1190 et
592 1160 756 1199 Egmund.
794 1160 833 1190 ln
845 1161 941 1191 Voss.

239 1221 311 1242 see.
341 1211 506 1251 Arpinius.
553 1211 681 1241 Lovan.
712 1216 747 1242 et
778 1211 832 1241 alii
865 1221 941 1242 cum

238 1261 327 1292 Edd.
346 1261 461 1301 primis
478 1261 674 1301 Curpinejus,
695 1261 750 1291 alii
769 1261 941 1301 Cur-pitius.

239 1310 306 1342 Sed
333 1312 440 1342 solum
464 1317 517 1341 est
542 1321 660 1342 verum
685 1312 863 1352 Arpinejus,
889 1312 941 1343 eui

239 1361 382 1392 adliaesit
398 1371 619 1402 praenomen;
643 1366 679 1393 et
704 1362 783 1393 inde
814 1362 941 1393 factum

240 1413 335 1452 Car-p.
350 1412 437 1452 quod
451 1412 581 1442 hicnon
595 1412 700 1453 magis
712 1413 941 1444 necessarium

239 1466 305 1502 est,
333 1472 430 1503 quam
464 1462 589 1501 Quinti,
618 1461 650 1492 in
674 1463 807 1493 nomine
837 1464 942 1494 Junii.

241 1511 367 1543 Omisit
391 1513 462 1542 sine
480 1511 584 1543 dubio
603 1513 729 1553 (laesar,
755 1517 823 1544 tam
840 1514 943 1553 illius,

239 1572 339 1604 quam
351 1563 449 1603 hujus
466 1572 671 1603 praenomen.

284 1618 303 1645 5
342 1615 467 1646 Bellum
486 1613 610 1655 facere]
655 1614 756 1645 Hune
784 1614 943 1655 loquendi

243 1664 380 1695 modum
405 1666 494 1695 inter
516 1664 666 1695 Sallustii
682 1674 774 1695 raros
796 1669 832 1696 et
855 1665 942 1695 inso-

239 1715 351 1746 lentes
367 1715 462 1755 ponit
477 1716 608 1745 Seneca
628 1715 740 1755 Epist.
756 1717 828 1746 114.
875 1715 942 1746 Sed

238 1774 430 1807 perperam.
456 1766 555 1797 Corn.
580 1766 699 1806 Nepos
726 1765 828 1805 Ages.
856 1776 886 1797 c.
909 1769 940 1798 2.

266 1817 443 1848 Persuasit
466 1816 744 1856 LacedaeinoniiS,
759 1821 797 1847 ut
813 1816 942 1847 exerci-

241 1872 313 1898 tum
336 1867 534 1897 emitterent
559 1866 592 1895 in
619 1865 748 1905 Asiam,
775 1866 942 1906 bellumque

240 1916 497 1957 Regifacerent.’
541 1916 598 1946 Sic
629 1916 732 1947 ctiam
759 1917 942 1957 loquuntur

240 1966 509 2010 praestantissimi
540 1967 679 2006 Lingua>
707 1968 836 1998 Latina:
867 1978 943 1999 auc-

240 2022 345 2055 tores,
370 2023 407 2048 ut
433 2017 582 2048 ostendit
600 2017 660 2048 Ch.
679 2017 844 2049 cellarius
862 2019 942 2050 Cur.

240 2068 376 2099 Poster.
395 2078 428 2107 p.
446 2070 499 2098 91.
520 2077 591 2108 seq.
637 2068 751 2098 Daris.
796 2069 838 2099 V.
857 2069 941 2100 ade.

238 2121 292 2151 22.
310 2120 318 2136 ‘
337 2118 604 2150 Trinobantibus
623 2117 748 2149 bellum
764 2117 889 2150 faciat!

282 2172 302 2199 6
336 2169 387 2199 Ad
410 2169 569 2199 consilium
592 2178 657 2199 rem
687 2168 846 2209 desemml]
887 2170 942 2202 Sic

238 2219 372 2251 restitui
403 2227 445 2248 ex
477 2219 542 2249 Ms.
573 2218 681 2250 Norv.
714 2225 749 2250 et
781 2219 828 2250 ita
859 2220 943 2259 legit

240 2269 386 2301 Graecus
402 2269 590 2308 interpres-3
615 2269 717 2300 vertit
733 2270 836 2307 enim,
851 2271 943 2301 τοῦτο

239 2322 280 2362 τῇ
306 2321 406 2361 βουλῇ
433 2319 704 2351 ἀνακοινώσαντες.
748 2322 871 2361 Vulgg.
903 2324 942 2353 nd

239 2372 411 2404 concilium.
444 2371 536 2401 Male
563 2371 710 2402 omnino.
751 2372 806 2403 De
823 2382 943 2404 vocum

238 2421 359 2454 consilii
376 2426 411 2452 et
425 2421 548 2451 concilii
568 2418 761 2452 differentia
778 2421 942 2454 videndus

240 2471 274 2504 J.
301 2472 339 2503 F.
364 2471 558 2503 Gronovius
591 2471 633 2501 ad
675 2471 761 2501 Livii
787 2480 883 2502 xmv.
910 2476 941 2504 2.

240 2520 355 2552 Datis.
371 2520 596 2552 Consentiunt
610 2520 691 2551 Mss.
709 2521 772 2551 mei
791 2522 941 2563 plerique

241 2580 319 2603 cum
345 2571 433 2603 Edd.
460 2572 555 2603 Rom.
585 2571 654 2602 Ine.
682 2572 824 2603 Mediol.
853 2573 942 2607 Ven.

241 2621 283 2653 R.
308 2621 473 2661 Stephani
497 2621 650 2663 aliisque,
673 2627 710 2653 ut
737 2623 873 2654 debent.
899 2625 941 2656 V.

240 2672 284 2704 ad
301 2681 356 2704 111.
373 2675 402 2703 3.
416 2674 467 2704 23.
484 2677 519 2703 et
535 2672 624 2703 alibi.
665 2672 740 2703 Hoc
755 2678 789 2704 et
807 2676 940 2705 restitu-

241 2721 365 2754 endum
377 2731 425 2754 νι.
441 2725 471 2754 7.
503 2722 512 2738 ‘
532 2722 698 2763 Loquitur
714 2723 745 2753 in
763 2724 903 2755 consilio
919 2724 940 2755 :’

241 2782 308 2805 non
324 2782 386 2815 per
400 2783 429 2806 c.
457 2777 494 2806 et
509 2781 575 2805 vu.
589 2775 643 2805 60.
672 2773 681 2791 ‘
700 2773 848 2806 Consilio
864 2784 941 2806 con-

699 209 840 241 No'rAE
873 210 1138 242 VARIORUM
1173 210 1224 240 IN

987 306 1118 337 voeato’
1136 307 1236 347 vulgo
1252 315 1313 347 per
1335 315 1361 344 c,
1384 305 1434 336 uti
1457 308 1494 336 et
1515 305 1558 336 B.
1574 304 1648 336 etv.
1664 312 1691 337 ι.

987 360 1040 387 67.
1063 358 1072 373 ⁴
1091 358 1299 397 Disputatur
1325 356 1358 386 in
1385 354 1536 386 eonsilio'
1559 365 1578 385 e
1605 355 1690 388 Mes.

987 408 1030 438 V.
1047 413 1082 438 et
1105 408 1145 438 B.
1163 408 1201 438 C.
1224 416 1264 438 ιι.
1290 409 1340 437 30.
1374 407 1383 423 ‘
1402 405 1553 436 Consilio
1569 413 1693 436 convo-

989 464 1066 489 cato
1079 458 1098 496 3’
1131 463 1168 488 ut
1196 463 1230 488 et
1257 467 1309 488 ιιι.
1340 460 1394 495 86,
1424 459 1475 487 87.
1505 456 1560 486 ubi
1590 455 1693 495 vulgo

989 508 1091 538 etiam
1117 509 1204 538 male
1227 508 1352 538 com-ilio
1373 507 1508 547 legitur,
1532 510 1568 537 ut
1590 510 1626 536 et
1648 505 1693 538 B.

990 556 1087 587 Alex.
1105 568 1135 588 c.
1153 560 1206 587 57.

1031 610 1049 637 7
1070 606 1221 646 Exstitit]
1239 607 1293 638 Sic
1310 608 1376 638 Ms.
1392 608 1476 647 Reg.
1501 606 1557 638 ΑΙ.
1571 606 1693 637 existit.

990 658 1166 688 Utrnmvis
1183 662 1302 694 reete;
1327 668 1402 688 enm
1429 667 1481 687 res
1507 657 1694 697 praeterita,

991 712 1148 748 tanquam
1180 717 1342 748 pausem,
1379 712 1547 738 narretur.
1583 708 1692 738 Clark.

994 759 1115 789 Escicit
1139 759 1242 789 etiam
1274 758 1367 789 Leid.
1400 768 1450 798 pr.
1474 762 1510 788 et
1541 767 1607 788 sec.
1632 757 1693 787 sed

991 813 1084 839 recte
1101 818 1135 839 se
1153 809 1256 839 habet
1277 808 1473 845 vulgatum:
1499 807 1553 838 cui
1577 807 1624 838 rei
1647 807 1695 838 in-

991 858 1080 889 dicio
1097 864 1149 889 est
1165 859 1336 898 scriptura
1359 857 1466 888 Codd.
1485 856 1610 887 Audin.
1629 857 1697 888 Cu-

985 910 1055 950 jac.
1074 909 1185 940 Orwn.
1203 915 1237 940 et
1256 909 1341 939 Edd.
1354 908 1465 939 Aldin.
1481 908 1695 949 Gryphiique

992 961 1113 1000 prima,
1144 970 1183 991 ex
1220 961 1261 991 iis
1289 963 1334 990 tot
1361 960 1460 990 causis
1489 958 1697 989 controversia

991 1013 1061 1041 orta
1085 1014 1141 1041 est.
1189 1011 1277 1042 Nam
1305 1011 1347 1040 de
1371 1010 1481 1041 existit
1503 1008 1633 1040 factum
1656 1018 1697 1039 ex

991 1061 1032 1091 iis
1047 1064 1106 1101 tol,
1123 1066 1160 1093 ut
1181 1062 1252 1102 jam
1279 1061 1426 1091 advertit
1446 1060 1695 1090 Hotoniannus.

996 1113 1076 1142 Oria
1099 1122 1141 1143 ex
1168 1112 1300 1143 Glossa.
1330 1112 1368 1141 B.
1387 1112 1424 1141 C.
1452 1119 1474 1141 1.
1498 1113 1551 1140 20.
1579 1109 1698 1140 ‘inter

993 1171 1049 1192 eos
1067 1161 1229 1192 dissensio
1246 1160 1406 1192 exsistit.y
1439 1161 1543 1191 Plura
1558 1159 1636 1190 vide
1654 1159 1696 1190 ad

993 1221 1043 1243 w.
1066 1216 1096 1242 5.
1129 1213 1261 1242 ‘motus
1282 1209 1448 1241 exsistat?
1486 1210 1561 1241 Liv.
1586 1218 1627 1240 ιι.
1643 1212 1697 1241 32.

994 1263 1002 1278 ‘
1021 1263 1049 1292 si
1067 1262 1189 1293 belluni
1206 1260 1373 1292 exsistat.'

1038 1315 1075 1343 11
1103 1313 1293 1347 Quantasvis
1309 1321 1438 1351 magmis
1452 1310 1570 1353 copias]
1589 1312 1696 1342 Recte

993 1362 1124 1392 notavit
1155 1362 1210 1392 Fr.
1239 1362 1476 1392 Hotomannus
1502 1362 1602 1401 vulgo
1628 1361 1698 1392 diei

992 1412 1186 1452 quantana-is
1210 1421 1350 1451 magnas,
1374 1412 1427 1442 vel
1454 1411 1632 1451 quantasvis
1652 1421 1700 1442 co·

991 1463 1072 1502 pias.
1118 1462 1210 1493 Nihil
1227 1467 1340 1492 tamen
1356 1462 1526 1502 mutarim,
1543 1471 1619 1493 cum
1640 1462 1699 1492 hu-

985 1513 1134 1553 jusmodi
1149 1514 1350 1551 πλεονασμῶν
1365 1522 1431 1544 non
1454 1512 1568 1544 desint
1583 1520 1698 1544 exem-

993 1564 1060 1604 pla.
1107 1564 1222 1595 Livius
1254 1573 1353 1595 xmv.
1382 1566 1434 1594 27.
1473 1564 1482 1580 ‘
1502 1563 1550 1594 Ut
1583 1566 1698 1604 quanta

994 1614 1129 1645 maxima
1154 1619 1268 1655 posset
1297 1613 1414 1654 praeda
1444 1623 1488 1644 ex
1517 1613 1608 1644 victo
1634 1614 1697 1644 Ro·

991 1665 1097 1694 manis
1113 1663 1372 1695 reservaretur.'
1395 1663 1533 1695 Curtius
1558 1671 1592 1694 v.
1616 1666 1647 1694 0.
1668 1666 1697 1695 l.

994 1716 1003 1731 ⁴
1024 1714 1147 1749 Quanto
1183 1715 1319 1746 maximo
1362 1723 1539 1755 possumus
1580 1714 1698 1745 cultu!

995 1765 1166 1796 Minucius
1191 1766 1287 1796 Felix
1311 1766 1437 1797 Octav.
1463 1774 1496 1805 p.
1517 1767 1567 1796 ll.
1591 1765 1600 1781 ‘
1619 1764 1699 1796 Cer-

994 1819 1065 1845 tum
1080 1815 1215 1855 aliquod
1233 1815 1275 1845 de
1293 1825 1421 1846 summa
1437 1825 1547 1846 rerum
1562 1824 1602 1846 ac
1623 1815 1698 1846 Ma-

986 1864 1115 1904 jestate
1132 1864 1330 1904 decernere,
1347 1864 1390 1895 de
1408 1875 1473 1906 qua
1495 1869 1541 1895 tot
1559 1865 1699 1896 omnibus

995 1914 1380 1955 seculis—Philosophia
1401 1915 1591 1946 deliberat!
1613 1916 1698 1947 Dav.

994 1964 1087 1994 Male
1111 1973 1240 2003 magnas
1261 1965 1393 1995 exsulat
1416 1965 1457 1995 ab
1480 1965 1544 1996 Ed.
1565 1965 1605 1997 R.
1623 1966 1699 1997 Ste-

995 2014 1107 2055 phani,
1123 2015 1205 2045 item
1234 2015 1317 2046 Mss.
1335 2014 1462 2045 Audin.
1481 2020 1517 2045 ct
1533 2015 1646 2047 Oxon.
1661 2020 1699 2047 et

994 2064 1031 2094 τὸ
1054 2065 1149 2095 etiam
1173 2075 1192 2095 a
1216 2066 1341 2096 Lovan.
1360 2075 1399 2096 ac
1415 2068 1434 2096 -1
1453 2065 1698 2098 recentioribus

995 2120 1031 2145 et
1047 2114 1134 2145 Edd.
1161 2116 1255 2146 Rom.
1279 2125 1319 2145 ae
1342 2114 1439 2146 Med.
1462 2115 1600 2155 quamvis
1623 2116 1700 2147 Flo-

996 2169 1082 2196 rent.
1096 2165 1160 2195 Ed.
1193 2165 1261 2196 Sed
1272 2164 1399 2196 meliori
1413 2165 1530 2196 ordine
1543 2166 1699 2208 plerique

995 2215 1077 2247 Mss.
1108 2215 1283 2254 exhibent,
1310 2220 1345 2246 et
1374 2215 1436 2248 Ed.
1466 2215 1540 2247 lnc.
1570 2226 1700 2256 mugnus

995 2265 1089 2295 ctiam
1111 2266 1224 2305 copias.
1268 2265 1399 2296 Similia
1420 2266 1538 2297 notavi
1563 2266 1596 2297 in
1620 2267 1700 2298 Mis-

996 2316 1072 2346 cell.
1098 2316 1244 2347 Observ.
1267 2317 1333 2347 vol.
1350 2315 1386 2347 ii.
1409 2319 1433 2348 t.
1451 2319 1482 2347 2.
1507 2326 1540 2357 p.
1557 2319 1631 2348 305.
1654 2317 1696 2348 ad

996 2365 1134 2407 Apulei.
1171 2367 1258 2398 Met.
1288 2375 1344 2398 111.
1375 2377 1410 2407 p.
1439 2369 1494 2398 61.
1532 2368 1540 2384 ‘
1559 2366 1698 2398 Quanto

996 2418 1141 2449 maximo
1157 2418 1233 2449 nisu
1258 2417 1443 2458 poteram?
1468 2421 1505 2448 ut
1518 2416 1697 2457 legendum

997 2472 1060 2498 est.
1104 2468 1193 2499 Plin.
1211 2468 1322 2509 Epist.
1344 2469 1367 2498 1.
1382 2477 1438 2499 ιιι.
1463 2467 1495 2497 in
1519 2466 1542 2497 f.
1565 2468 1574 2484 ⁴
1592 2477 1697 2509 quan-

996 2523 1068 2549 tum
1084 2520 1265 2550 maximum
1278 2519 1390 2559 potuit
1402 2518 1422 2549 :’
1441 2518 1497 2549 nbi
1513 2517 1589 2549 vide
1603 2519 1697 2550 Cort.

997 2569 1176 2600 Rationem
1213 2574 1325 2600 autem
1373 2569 1472 2609 hujus
1519 2568 1698 2601 locutionis

995 2619 1004 2635 ‘
1023 2619 1226 2660 quantasvis,
1261 2629 1398 2659 magnas
1433 2618 1548 2650 etiam’
1580 2619 1697 2651 videre

995 2674 1093 2710 potes
1118 2670 1207 2710 apud
1240 2670 1291 2701 Cl.
1324 2670 1478 2701 Perizon.
1509 2670 1543 2701 in
1569 2671 1698 2702 Sanctii

995 2723 1080 2754 Min.
1109 2732 1142 2762 p.
1165 2732 1210 2753 m.
1237 2724 1313 2753 493.
1358 2723 1450 2753 Dein
1474 2723 1602 2764 optime
1632 2724 1696 2756 viri

994 2772 1087 2805 docti
1113 2782 1155 2803 ex
1184 2772 1297 2803 Ursini
1321 2772 1441 2805 codice
1471 2778 1696 2815 reposuerunt
