<?xml version="1.0" encoding="UTF-8"?>
<!DOCTYPE html PUBLIC "-//W3C//DTD XHTML 1.0 Transitional//EN"
    "http://www.w3.org/TR/xhtml1/DTD/xhtml1-transitional.dtd">
<html xmlns="http://www.w3.org/1999/xhtml" xml:lang="en" lang="en">
 <head>
  <title>
</title>
<meta http-equiv="Content-Type" content="text/html;charset=utf-8" />
  <meta name='ocr-system' content='tesseract 3.04.00' />
  <meta name='ocr-capabilities' content='ocr_page ocr_carea ocr_par ocr_line ocrx_word'/>
</head>
<body>
  <div class='ocr_page' id='page_1' title='image "./operaomniaexedit03caesuoft/operaomniaexedit03caesuoft_0032.png"; bbox 0 0 1872 3115; ppageno 0'>
   <div class='ocr_carea' id='block_1_1' title="bbox 246 183 331 223">
    <p class='ocr_par' dir='ltr' id='par_1_1' title="bbox 246 183 331 223">
     <span class='ocr_line' id='line_1_1' title="bbox 246 183 331 223; baseline 0.012 -1"><span class='ocrx_word' id='word_1_1' title='bbox 246 183 331 223; x_wconf 74' lang='lat'>964</span> 
     </span>
    </p>
   </div>
   <div class='ocr_carea' id='block_1_2' title="bbox 230 283 945 2789">
    <p class='ocr_par' dir='ltr' id='par_1_2' title="bbox 231 283 945 2032">
     <span class='ocr_line' id='line_1_2' title="bbox 244 283 945 326; baseline -0.001 -10"><span class='ocrx_word' id='word_1_2' title='bbox 244 285 336 317; x_wconf 89' lang='lat' dir='ltr'>nullo</span> <span class='ocrx_word' id='word_1_3' title='bbox 353 296 382 317; x_wconf 88' lang='lat' dir='ltr'>v.</span> <span class='ocrx_word' id='word_1_4' title='bbox 401 295 430 316; x_wconf 88' lang='lat' dir='ltr'>e.</span> <span class='ocrx_word' id='word_1_5' title='bbox 454 284 634 326; x_wconf 81' lang='lat' dir='ltr'>adjuvaute</span> <span class='ocrx_word' id='word_1_6' title='bbox 651 283 806 321; x_wconf 71' lang='lat' dir='ltr'>emendo,</span> <span class='ocrx_word' id='word_1_7' title='bbox 822 283 830 300; x_wconf 90' lang='lat'>‘</span> <span class='ocrx_word' id='word_1_8' title='bbox 847 284 945 317; x_wconf 85' lang='lat' dir='ltr'>Quod</span> 
     </span>
     <span class='ocr_line' id='line_1_3' title="bbox 246 334 943 377; baseline -0.004 -9"><span class='ocrx_word' id='word_1_9' title='bbox 246 346 320 368; x_wconf 83' lang='lat' dir='ltr'>eam</span> <span class='ocrx_word' id='word_1_10' title='bbox 339 342 470 377; x_wconf 87' lang='lat' dir='ltr'>partem</span> <span class='ocrx_word' id='word_1_11' title='bbox 493 336 637 366; x_wconf 78' lang='lat' dir='ltr'>maxime</span> <span class='ocrx_word' id='word_1_12' title='bbox 655 334 785 365; x_wconf 83' lang='lat' dir='ltr'>firmam</span> <span class='ocrx_word' id='word_1_13' title='bbox 801 334 943 365; x_wconf 84' lang='lat' dir='ltr'>hostium</span> 
     </span>
     <span class='ocr_line' id='line_1_4' title="bbox 245 384 945 418; baseline -0.007 1"><span class='ocrx_word' id='word_1_14' title='bbox 245 397 318 418; x_wconf 87' lang='lat' dir='ltr'>esse</span> <span class='ocrx_word' id='word_1_15' title='bbox 335 387 642 418; x_wconf 62' lang='lat' dir='ltr'>animadvertente</span> <span class='ocrx_word' id='word_1_16' title='bbox 667 385 729 415; x_wconf 82' lang='lat' dir='ltr'>Vel</span> <span class='ocrx_word' id='word_1_17' title='bbox 746 384 771 415; x_wconf 83' lang='lat' dir='ltr'>si</span> <span class='ocrx_word' id='word_1_18' title='bbox 788 384 820 414; x_wconf 92' lang='lat' dir='ltr'>id</span> <span class='ocrx_word' id='word_1_19' title='bbox 839 385 945 415; x_wconf 88' lang='lat' dir='ltr'>minus</span> 
     </span>
     <span class='ocr_line' id='line_1_5' title="bbox 244 434 943 478; baseline -0.004 -10"><span class='ocrx_word' id='word_1_20' title='bbox 244 438 370 478; x_wconf 86' lang='lat' dir='ltr'>placet,</span> <span class='ocrx_word' id='word_1_21' title='bbox 394 437 468 466; x_wconf 84' lang='lat' dir='ltr'>dele</span> <span class='ocrx_word' id='word_1_22' title='bbox 492 444 609 465; x_wconf 73' lang='lat' dir='ltr'>vocem</span> <span class='ocrx_word' id='word_1_23' title='bbox 631 434 773 465; x_wconf 79' lang='lat' dir='ltr'>hostium.</span> <span class='ocrx_word' id='word_1_24' title='bbox 811 435 943 465; x_wconf 64' lang='lat' dir='ltr'>Vossius.</span> 
     </span>
     <span class='ocr_line' id='line_1_6' title="bbox 242 485 943 527; baseline -0.006 -9"><span class='ocrx_word' id='word_1_25' title='bbox 242 487 446 527; x_wconf 84' lang='lat' dir='ltr'>Suspectum</span> <span class='ocrx_word' id='word_1_26' title='bbox 476 485 580 515; x_wconf 87' lang='lat' dir='ltr'>habet</span> <span class='ocrx_word' id='word_1_27' title='bbox 607 485 695 515; x_wconf 86' lang='lat' dir='ltr'>hunc</span> <span class='ocrx_word' id='word_1_28' title='bbox 724 485 834 515; x_wconf 88' lang='lat' dir='ltr'>locum</span> <span class='ocrx_word' id='word_1_29' title='bbox 860 485 943 514; x_wconf 62' lang='lat' dir='ltr'>Vos-</span> 
     </span>
     <span class='ocr_line' id='line_1_7' title="bbox 242 534 943 576; baseline -0.004 -8"><span class='ocrx_word' id='word_1_30' title='bbox 242 537 310 568; x_wconf 84' lang='lat' dir='ltr'>sius</span> <span class='ocrx_word' id='word_1_31' title='bbox 325 548 333 574; x_wconf 84' lang='lat'>;</span> <span class='ocrx_word' id='word_1_32' title='bbox 357 535 444 576; x_wconf 89' lang='lat' dir='ltr'>quod</span> <span class='ocrx_word' id='word_1_33' title='bbox 462 535 606 566; x_wconf 80' lang='lat' dir='ltr'>Caesaris</span> <span class='ocrx_word' id='word_1_34' title='bbox 625 535 742 575; x_wconf 71' lang='lat' dir='ltr'>gloriae</span> <span class='ocrx_word' id='word_1_35' title='bbox 759 540 793 565; x_wconf 88' lang='lat' dir='ltr'>et</span> <span class='ocrx_word' id='word_1_36' title='bbox 810 534 943 565; x_wconf 81' lang='lat' dir='ltr'>fortitu-</span> 
     </span>
     <span class='ocr_line' id='line_1_8' title="bbox 240 586 944 625; baseline 0 -9"><span class='ocrx_word' id='word_1_37' title='bbox 240 586 309 617; x_wconf 88' lang='lat' dir='ltr'>dini</span> <span class='ocrx_word' id='word_1_38' title='bbox 335 587 443 616; x_wconf 88' lang='lat' dir='ltr'>minus</span> <span class='ocrx_word' id='word_1_39' title='bbox 471 591 732 617; x_wconf 83' lang='lat' dir='ltr'>consentaneum</span> <span class='ocrx_word' id='word_1_40' title='bbox 762 586 944 625; x_wconf 76' lang='lat' dir='ltr'>existimet,</span> 
     </span>
     <span class='ocr_line' id='line_1_9' title="bbox 242 635 943 676; baseline -0.001 -9"><span class='ocrx_word' id='word_1_41' title='bbox 242 646 316 667; x_wconf 85' lang='lat' dir='ltr'>eam</span> <span class='ocrx_word' id='word_1_42' title='bbox 340 635 401 667; x_wconf 91' lang='lat' dir='ltr'>sibi</span> <span class='ocrx_word' id='word_1_43' title='bbox 418 640 549 676; x_wconf 83' lang='lat' dir='ltr'>partem</span> <span class='ocrx_word' id='word_1_44' title='bbox 566 636 674 676; x_wconf 89' lang='lat' dir='ltr'>ipsum</span> <span class='ocrx_word' id='word_1_45' title='bbox 697 636 860 673; x_wconf 67' lang='lat' dir='ltr'>deligere,</span> <span class='ocrx_word' id='word_1_46' title='bbox 878 646 943 676; x_wconf 83' lang='lat' dir='ltr'>qua</span> 
     </span>
     <span class='ocr_line' id='line_1_10' title="bbox 242 686 940 726; baseline -0.001 -9"><span class='ocrx_word' id='word_1_47' title='bbox 242 690 342 726; x_wconf 83' lang='lat' dir='ltr'>parte</span> <span class='ocrx_word' id='word_1_48' title='bbox 387 686 501 717; x_wconf 84' lang='lat' dir='ltr'>hostes</span> <span class='ocrx_word' id='word_1_49' title='bbox 539 686 647 716; x_wconf 85' lang='lat' dir='ltr'>minus</span> <span class='ocrx_word' id='word_1_50' title='bbox 685 692 798 716; x_wconf 78' lang='lat' dir='ltr'>esseut</span> <span class='ocrx_word' id='word_1_51' title='bbox 827 686 914 716; x_wconf 83' lang='lat' dir='ltr'>tirmi</span> <span class='ocrx_word' id='word_1_52' title='bbox 933 697 940 722; x_wconf 82' lang='lat'><em>3</em></span> 
     </span>
     <span class='ocr_line' id='line_1_11' title="bbox 239 736 943 777; baseline -0.003 -10"><span class='ocrx_word' id='word_1_53' title='bbox 239 736 384 777; x_wconf 87' lang='lat' dir='ltr'>ideoque</span> <span class='ocrx_word' id='word_1_54' title='bbox 403 747 421 767; x_wconf 85' lang='lat' dir='ltr'>e</span> <span class='ocrx_word' id='word_1_55' title='bbox 447 737 631 774; x_wconf 85' lang='lat' dir='ltr'>contrario,</span> <span class='ocrx_word' id='word_1_56' title='bbox 652 736 785 766; x_wconf 71' lang='lat' dir='ltr'>inarime</span> <span class='ocrx_word' id='word_1_57' title='bbox 801 736 943 776; x_wconf 80' lang='lat' dir='ltr'>firmam,</span> 
     </span>
     <span class='ocr_line' id='line_1_12' title="bbox 238 786 941 827; baseline -0.001 -10"><span class='ocrx_word' id='word_1_58' title='bbox 238 786 452 818; x_wconf 85' lang='lat' dir='ltr'>scribendum</span> <span class='ocrx_word' id='word_1_59' title='bbox 470 787 615 827; x_wconf 81' lang='lat' dir='ltr'>conjicit.</span> <span class='ocrx_word' id='word_1_60' title='bbox 646 788 771 816; x_wconf 66' lang='lat' dir='ltr'>Verum</span> <span class='ocrx_word' id='word_1_61' title='bbox 789 796 854 817; x_wconf 90' lang='lat' dir='ltr'>non</span> <span class='ocrx_word' id='word_1_62' title='bbox 872 792 941 816; x_wconf 87' lang='lat' dir='ltr'>tam</span> 
     </span>
     <span class='ocr_line' id='line_1_13' title="bbox 241 837 942 877; baseline 0 -10"><span class='ocrx_word' id='word_1_63' title='bbox 241 837 274 868; x_wconf 87' lang='lat' dir='ltr'>id</span> <span class='ocrx_word' id='word_1_64' title='bbox 291 837 345 868; x_wconf 84' lang='lat' dir='ltr'>hie</span> <span class='ocrx_word' id='word_1_65' title='bbox 363 837 486 877; x_wconf 80' lang='lat' dir='ltr'>agitur,</span> <span class='ocrx_word' id='word_1_66' title='bbox 510 847 575 877; x_wconf 90' lang='lat' dir='ltr'>quo</span> <span class='ocrx_word' id='word_1_67' title='bbox 601 837 632 867; x_wconf 92' lang='lat' dir='ltr'>iu</span> <span class='ocrx_word' id='word_1_68' title='bbox 658 837 730 867; x_wconf 89' lang='lat' dir='ltr'>loeo</span> <span class='ocrx_word' id='word_1_69' title='bbox 746 837 817 876; x_wconf 89' lang='lat' dir='ltr'>ipse</span> <span class='ocrx_word' id='word_1_70' title='bbox 832 846 942 867; x_wconf 78' lang='lat' dir='ltr'>versa-</span> 
     </span>
     <span class='ocr_line' id='line_1_14' title="bbox 239 888 940 927; baseline 0 -9"><span class='ocrx_word' id='word_1_71' title='bbox 239 892 335 918; x_wconf 84' lang='lat' dir='ltr'>retur</span> <span class='ocrx_word' id='word_1_72' title='bbox 366 888 503 925; x_wconf 81' lang='lat' dir='ltr'>Caesar;</span> <span class='ocrx_word' id='word_1_73' title='bbox 542 898 640 927; x_wconf 88' lang='lat' dir='ltr'>quam</span> <span class='ocrx_word' id='word_1_74' title='bbox 681 897 746 927; x_wconf 85' lang='lat' dir='ltr'>qua</span> <span class='ocrx_word' id='word_1_75' title='bbox 775 888 808 917; x_wconf 93' lang='lat' dir='ltr'>in</span> <span class='ocrx_word' id='word_1_76' title='bbox 842 892 940 926; x_wconf 87' lang='lat' dir='ltr'>parte</span> 
     </span>
     <span class='ocr_line' id='line_1_15' title="bbox 237 937 941 978; baseline 0.001 -12"><span class='ocrx_word' id='word_1_77' title='bbox 237 937 394 978; x_wconf 78' lang='lat' dir='ltr'>proelium</span> <span class='ocrx_word' id='word_1_78' title='bbox 417 937 559 977; x_wconf 77' lang='lat' dir='ltr'>primuni</span> <span class='ocrx_word' id='word_1_79' title='bbox 585 937 863 968; x_wconf 83' lang='lat' dir='ltr'>committendum</span> <span class='ocrx_word' id='word_1_80' title='bbox 887 937 941 976; x_wconf 84' lang='lat' dir='ltr'>jn-</span> 
     </span>
     <span class='ocr_line' id='line_1_16' title="bbox 236 987 939 1029; baseline 0 -11"><span class='ocrx_word' id='word_1_81' title='bbox 236 987 356 1018; x_wconf 86' lang='lat' dir='ltr'>beret:</span> <span class='ocrx_word' id='word_1_82' title='bbox 393 987 481 1028; x_wconf 88' lang='lat' dir='ltr'>quod</span> <span class='ocrx_word' id='word_1_83' title='bbox 513 987 682 1027; x_wconf 89' lang='lat' dir='ltr'>dubitare,</span> <span class='ocrx_word' id='word_1_84' title='bbox 713 989 792 1029; x_wconf 88' lang='lat' dir='ltr'>quin</span> <span class='ocrx_word' id='word_1_85' title='bbox 835 998 875 1019; x_wconf 87' lang='lat' dir='ltr'>ea</span> <span class='ocrx_word' id='word_1_86' title='bbox 906 988 939 1018; x_wconf 94' lang='lat' dir='ltr'>in</span> 
     </span>
     <span class='ocr_line' id='line_1_17' title="bbox 237 1037 939 1079; baseline 0 -11"><span class='ocrx_word' id='word_1_87' title='bbox 237 1042 337 1079; x_wconf 76' lang='lat' dir='ltr'>parte</span> <span class='ocrx_word' id='word_1_88' title='bbox 355 1037 430 1068; x_wconf 88' lang='lat' dir='ltr'>iniri</span> <span class='ocrx_word' id='word_1_89' title='bbox 455 1037 591 1076; x_wconf 83' lang='lat' dir='ltr'>debeat,</span> <span class='ocrx_word' id='word_1_90' title='bbox 608 1047 674 1079; x_wconf 87' lang='lat' dir='ltr'>qua</span> <span class='ocrx_word' id='word_1_91' title='bbox 691 1044 786 1079; x_wconf 85' lang='lat' dir='ltr'>parte</span> <span class='ocrx_word' id='word_1_92' title='bbox 804 1038 939 1068; x_wconf 87' lang='lat' dir='ltr'>minime</span> 
     </span>
     <span class='ocr_line' id='line_1_18' title="bbox 237 1087 939 1128; baseline -0.001 -9"><span class='ocrx_word' id='word_1_93' title='bbox 237 1088 325 1119; x_wconf 84' lang='lat' dir='ltr'>firmi</span> <span class='ocrx_word' id='word_1_94' title='bbox 351 1089 417 1119; x_wconf 92' lang='lat' dir='ltr'>sint</span> <span class='ocrx_word' id='word_1_95' title='bbox 442 1089 578 1126; x_wconf 84' lang='lat' dir='ltr'>hostes;</span> <span class='ocrx_word' id='word_1_96' title='bbox 606 1097 671 1118; x_wconf 90' lang='lat' dir='ltr'>nou</span> <span class='ocrx_word' id='word_1_97' title='bbox 701 1088 817 1128; x_wconf 86' lang='lat' dir='ltr'>utique</span> <span class='ocrx_word' id='word_1_98' title='bbox 843 1087 939 1119; x_wconf 78' lang='lat' dir='ltr'>sortis</span> 
     </span>
     <span class='ocr_line' id='line_1_19' title="bbox 236 1138 937 1180; baseline -0.004 -9"><span class='ocrx_word' id='word_1_99' title='bbox 236 1144 301 1179; x_wconf 84' lang='lat' dir='ltr'>est,</span> <span class='ocrx_word' id='word_1_100' title='bbox 319 1139 378 1171; x_wconf 89' lang='lat' dir='ltr'>sed</span> <span class='ocrx_word' id='word_1_101' title='bbox 393 1139 582 1180; x_wconf 85' lang='lat' dir='ltr'>insipientis</span> <span class='ocrx_word' id='word_1_102' title='bbox 598 1138 826 1179; x_wconf 83' lang='lat' dir='ltr'>imperatoris.</span> <span class='ocrx_word' id='word_1_103' title='bbox 855 1138 937 1168; x_wconf 90' lang='lat' dir='ltr'>Por-</span> 
     </span>
     <span class='ocr_line' id='line_1_20' title="bbox 236 1189 938 1230; baseline 0.001 -10"><span class='ocrx_word' id='word_1_104' title='bbox 236 1199 274 1220; x_wconf 84' lang='lat' dir='ltr'>ro</span> <span class='ocrx_word' id='word_1_105' title='bbox 292 1200 301 1228; x_wconf 90' lang='grc'><strong>;</strong></span> <span class='ocrx_word' id='word_1_106' title='bbox 340 1189 429 1230; x_wconf 91' lang='lat' dir='ltr'>quod</span> <span class='ocrx_word' id='word_1_107' title='bbox 467 1193 565 1229; x_wconf 84' lang='lat' dir='ltr'>urget</span> <span class='ocrx_word' id='word_1_108' title='bbox 596 1189 657 1219; x_wconf 85' lang='lat' dir='ltr'>Vir</span> <span class='ocrx_word' id='word_1_109' title='bbox 697 1189 938 1221; x_wconf 81' lang='lat' dir='ltr'>Doctissimus.</span> 
     </span>
     <span class='ocr_line' id='line_1_21' title="bbox 236 1239 938 1281; baseline -0.003 -11"><span class='ocrx_word' id='word_1_110' title='bbox 236 1249 424 1281; x_wconf 85' lang='lat' dir='ltr'>repugnare</span> <span class='ocrx_word' id='word_1_111' title='bbox 442 1240 549 1280; x_wconf 85' lang='lat' dir='ltr'>ipsum</span> <span class='ocrx_word' id='word_1_112' title='bbox 575 1239 639 1270; x_wconf 89' lang='lat' dir='ltr'>sibi</span> <span class='ocrx_word' id='word_1_113' title='bbox 665 1239 846 1277; x_wconf 76' lang='lat' dir='ltr'>Caesarem,</span> <span class='ocrx_word' id='word_1_114' title='bbox 863 1248 938 1269; x_wconf 90' lang='lat' dir='ltr'>cum</span> 
     </span>
     <span class='ocr_line' id='line_1_22' title="bbox 235 1289 937 1328; baseline 0 -9"><span class='ocrx_word' id='word_1_115' title='bbox 235 1290 299 1320; x_wconf 88' lang='lat' dir='ltr'>hoc</span> <span class='ocrx_word' id='word_1_116' title='bbox 315 1290 347 1319; x_wconf 87' lang='lat' dir='ltr'>in</span> <span class='ocrx_word' id='word_1_117' title='bbox 363 1290 438 1321; x_wconf 91' lang='lat' dir='ltr'>loco</span> <span class='ocrx_word' id='word_1_118' title='bbox 452 1294 580 1328; x_wconf 89' lang='lat' dir='ltr'>narret,</span> <span class='ocrx_word' id='word_1_119' title='bbox 596 1292 604 1306; x_wconf 89' lang='lat'>‘</span> <span class='ocrx_word' id='word_1_120' title='bbox 617 1300 653 1321; x_wconf 86' lang='lat' dir='ltr'>se</span> <span class='ocrx_word' id='word_1_121' title='bbox 666 1299 685 1320; x_wconf 88' lang='lat' dir='ltr'>a</span> <span class='ocrx_word' id='word_1_122' title='bbox 701 1289 823 1320; x_wconf 85' lang='lat' dir='ltr'>dextro</span> <span class='ocrx_word' id='word_1_123' title='bbox 834 1298 937 1320; x_wconf 86' lang='lat' dir='ltr'>cornu</span> 
     </span>
     <span class='ocr_line' id='line_1_23' title="bbox 235 1339 938 1381; baseline 0 -12"><span class='ocrx_word' id='word_1_124' title='bbox 235 1340 391 1379; x_wconf 86' lang='lat' dir='ltr'>proelium</span> <span class='ocrx_word' id='word_1_125' title='bbox 415 1340 633 1379; x_wconf 85' lang='lat' dir='ltr'>commisisse,</span> <span class='ocrx_word' id='word_1_126' title='bbox 651 1339 740 1381; x_wconf 84' lang='lat' dir='ltr'>quod</span> <span class='ocrx_word' id='word_1_127' title='bbox 765 1349 838 1370; x_wconf 83' lang='lat' dir='ltr'>eam</span> <span class='ocrx_word' id='word_1_128' title='bbox 863 1349 938 1379; x_wconf 89' lang='lat' dir='ltr'>par-</span> 
     </span>
     <span class='ocr_line' id='line_1_24' title="bbox 234 1389 937 1421; baseline 0.001 -2"><span class='ocrx_word' id='word_1_129' title='bbox 234 1394 304 1419; x_wconf 90' lang='lat' dir='ltr'>tem</span> <span class='ocrx_word' id='word_1_130' title='bbox 341 1389 476 1420; x_wconf 88' lang='lat' dir='ltr'>minime</span> <span class='ocrx_word' id='word_1_131' title='bbox 513 1389 644 1421; x_wconf 82' lang='lat' dir='ltr'>firmam</span> <span class='ocrx_word' id='word_1_132' title='bbox 682 1390 827 1421; x_wconf 86' lang='lat' dir='ltr'>hostium</span> <span class='ocrx_word' id='word_1_133' title='bbox 865 1399 937 1420; x_wconf 84' lang='lat' dir='ltr'>esse</span> 
     </span>
     <span class='ocr_line' id='line_1_25' title="bbox 234 1439 938 1478; baseline 0.001 -9"><span class='ocrx_word' id='word_1_134' title='bbox 234 1439 523 1471; x_wconf 86' lang='lat' dir='ltr'>animadverterat</span> <span class='ocrx_word' id='word_1_135' title='bbox 541 1439 562 1477; x_wconf 82' lang='lat'>3&#39;</span> <span class='ocrx_word' id='word_1_136' title='bbox 593 1439 682 1470; x_wconf 88' lang='lat' dir='ltr'>iufra</span> <span class='ocrx_word' id='word_1_137' title='bbox 711 1444 823 1470; x_wconf 80' lang='lat' dir='ltr'>autem</span> <span class='ocrx_word' id='word_1_138' title='bbox 855 1440 938 1478; x_wconf 78' lang='lat' dir='ltr'>aiat,</span> 
     </span>
     <span class='ocr_line' id='line_1_26' title="bbox 233 1488 936 1527; baseline -0.003 -8"><span class='ocrx_word' id='word_1_139' title='bbox 233 1489 243 1506; x_wconf 88' lang='lat'>‘</span> <span class='ocrx_word' id='word_1_140' title='bbox 261 1488 374 1520; x_wconf 86' lang='lat' dir='ltr'>hostes</span> <span class='ocrx_word' id='word_1_141' title='bbox 399 1498 418 1519; x_wconf 86' lang='lat' dir='ltr'>a</span> <span class='ocrx_word' id='word_1_142' title='bbox 443 1489 566 1520; x_wconf 75' lang='lat' dir='ltr'>dextro</span> <span class='ocrx_word' id='word_1_143' title='bbox 583 1498 686 1519; x_wconf 90' lang='lat' dir='ltr'>cornu</span> <span class='ocrx_word' id='word_1_144' title='bbox 706 1489 936 1527; x_wconf 79' lang='lat' dir='ltr'>vehementer,</span> 
     </span>
     <span class='ocr_line' id='line_1_27' title="bbox 233 1538 937 1578; baseline -0.003 -9"><span class='ocrx_word' id='word_1_145' title='bbox 233 1539 452 1570; x_wconf 86' lang='lat' dir='ltr'>multitudine</span> <span class='ocrx_word' id='word_1_146' title='bbox 479 1549 626 1578; x_wconf 79' lang='lat' dir='ltr'>suorum,</span> <span class='ocrx_word' id='word_1_147' title='bbox 650 1543 798 1569; x_wconf 81' lang='lat' dir='ltr'>nostram</span> <span class='ocrx_word' id='word_1_148' title='bbox 831 1538 937 1568; x_wconf 85' lang='lat' dir='ltr'>aciem</span> 
     </span>
     <span class='ocr_line' id='line_1_28' title="bbox 234 1589 937 1630; baseline -0.004 -9"><span class='ocrx_word' id='word_1_149' title='bbox 234 1599 389 1630; x_wconf 87' lang='lat' dir='ltr'>premere</span> <span class='ocrx_word' id='word_1_150' title='bbox 406 1590 425 1627; x_wconf 87' lang='lat'>;&#39;</span> <span class='ocrx_word' id='word_1_151' title='bbox 464 1589 588 1621; x_wconf 84' lang='lat' dir='ltr'>fefellit</span> <span class='ocrx_word' id='word_1_152' title='bbox 625 1589 732 1620; x_wconf 88' lang='lat' dir='ltr'>miuus</span> <span class='ocrx_word' id='word_1_153' title='bbox 769 1592 937 1619; x_wconf 82' lang='lat' dir='ltr'>attentum</span> 
     </span>
     <span class='ocr_line' id='line_1_29' title="bbox 233 1639 937 1679; baseline 0 -9"><span class='ocrx_word' id='word_1_154' title='bbox 233 1640 411 1670; x_wconf 83' lang='lat' dir='ltr'>verborum</span> <span class='ocrx_word' id='word_1_155' title='bbox 428 1639 641 1679; x_wconf 71' lang='lat' dir='ltr'>ambiguitas,</span> <span class='ocrx_word' id='word_1_156' title='bbox 675 1640 762 1670; x_wconf 81' lang='lat' dir='ltr'>Nam</span> <span class='ocrx_word' id='word_1_157' title='bbox 777 1639 809 1669; x_wconf 90' lang='lat' dir='ltr'>in</span> <span class='ocrx_word' id='word_1_158' title='bbox 827 1644 937 1678; x_wconf 84' lang='lat' dir='ltr'>poste-</span> 
     </span>
     <span class='ocr_line' id='line_1_30' title="bbox 234 1689 937 1730; baseline 0 -10"><span class='ocrx_word' id='word_1_159' title='bbox 234 1690 321 1720; x_wconf 85' lang='lat' dir='ltr'>riore</span> <span class='ocrx_word' id='word_1_160' title='bbox 343 1690 429 1730; x_wconf 87' lang='lat' dir='ltr'>loco,</span> <span class='ocrx_word' id='word_1_161' title='bbox 452 1692 597 1721; x_wconf 74' lang='lat' dir='ltr'>dextrum</span> <span class='ocrx_word' id='word_1_162' title='bbox 618 1700 710 1721; x_wconf 81' lang='lat' dir='ltr'>corna</span> <span class='ocrx_word' id='word_1_163' title='bbox 734 1689 937 1730; x_wconf 81' lang='lat' dir='ltr'>intelligitur</span> 
     </span>
     <span class='ocr_line' id='line_1_31' title="bbox 231 1740 938 1781; baseline 0.001 -12"><span class='ocrx_word' id='word_1_164' title='bbox 231 1740 392 1777; x_wconf 78' lang='lat' dir='ltr'>hostium‚·</span> <span class='ocrx_word' id='word_1_165' title='bbox 429 1741 461 1771; x_wconf 90' lang='lat' dir='ltr'>in</span> <span class='ocrx_word' id='word_1_166' title='bbox 495 1741 606 1781; x_wconf 87' lang='lat' dir='ltr'>priore</span> <span class='ocrx_word' id='word_1_167' title='bbox 646 1745 769 1781; x_wconf 84' lang='lat' dir='ltr'>autem,</span> <span class='ocrx_word' id='word_1_168' title='bbox 794 1742 938 1771; x_wconf 72' lang='lat' dir='ltr'>dextrum</span> 
     </span>
     <span class='ocr_line' id='line_1_32' title="bbox 232 1790 937 1832; baseline -0.001 -11"><span class='ocrx_word' id='word_1_169' title='bbox 232 1801 326 1822; x_wconf 82' lang='lat' dir='ltr'>cornu</span> <span class='ocrx_word' id='word_1_170' title='bbox 363 1791 566 1832; x_wconf 84' lang='lat' dir='ltr'>intelligitur</span> <span class='ocrx_word' id='word_1_171' title='bbox 596 1791 815 1829; x_wconf 83' lang='lat' dir='ltr'>Romanorum,</span> <span class='ocrx_word' id='word_1_172' title='bbox 847 1790 937 1831; x_wconf 89' lang='lat' dir='ltr'>quod</span> 
     </span>
     <span class='ocr_line' id='line_1_33' title="bbox 233 1841 938 1882; baseline 0 -11"><span class='ocrx_word' id='word_1_173' title='bbox 233 1841 389 1882; x_wconf 89' lang='lat' dir='ltr'>proelium</span> <span class='ocrx_word' id='word_1_174' title='bbox 427 1847 500 1872; x_wconf 82' lang='lat' dir='ltr'>erat</span> <span class='ocrx_word' id='word_1_175' title='bbox 537 1841 655 1882; x_wconf 85' lang='lat' dir='ltr'>utique</span> <span class='ocrx_word' id='word_1_176' title='bbox 696 1851 771 1872; x_wconf 90' lang='lat' dir='ltr'>eum</span> <span class='ocrx_word' id='word_1_177' title='bbox 808 1841 938 1872; x_wconf 73' lang='lat' dir='ltr'>sinistro</span> 
     </span>
     <span class='ocr_line' id='line_1_34' title="bbox 231 1893 935 1924; baseline 0 -1"><span class='ocrx_word' id='word_1_178' title='bbox 231 1903 325 1923; x_wconf 79' lang='lat' dir='ltr'>corna</span> <span class='ocrx_word' id='word_1_179' title='bbox 359 1893 502 1924; x_wconf 85' lang='lat' dir='ltr'>hostium</span> <span class='ocrx_word' id='word_1_180' title='bbox 541 1893 766 1924; x_wconf 73' lang='lat' dir='ltr'>commissum.</span> <span class='ocrx_word' id='word_1_181' title='bbox 829 1894 935 1923; x_wconf 75' lang='lat' dir='ltr'>Clark.</span> 
     </span>
     <span class='ocr_line' id='line_1_35' title="bbox 233 1942 936 1983; baseline 0 -10"><span class='ocrx_word' id='word_1_182' title='bbox 233 1942 297 1974; x_wconf 83' lang='lat' dir='ltr'>His</span> <span class='ocrx_word' id='word_1_183' title='bbox 315 1943 519 1982; x_wconf 70' lang='lat' dir='ltr'>argumentis</span> <span class='ocrx_word' id='word_1_184' title='bbox 537 1943 765 1983; x_wconf 82' lang='lat' dir='ltr'>convicitjam</span> <span class='ocrx_word' id='word_1_185' title='bbox 782 1943 936 1974; x_wconf 85' lang='lat' dir='ltr'>Vossinm</span> 
     </span>
     <span class='ocr_line' id='line_1_36' title="bbox 234 1992 936 2032; baseline 0 -9"><span class='ocrx_word' id='word_1_186' title='bbox 234 1992 286 2023; x_wconf 93' lang='lat' dir='ltr'>Cl.</span> <span class='ocrx_word' id='word_1_187' title='bbox 302 1993 370 2023; x_wconf 91' lang='lat' dir='ltr'>Bos</span> <span class='ocrx_word' id='word_1_188' title='bbox 387 1992 622 2023; x_wconf 81' lang='lat' dir='ltr'>Animadvers.</span> <span class='ocrx_word' id='word_1_189' title='bbox 641 1992 681 2022; x_wconf 80' lang='lat' dir='ltr'>ad</span> <span class='ocrx_word' id='word_1_190' title='bbox 698 1993 824 2023; x_wconf 70' lang='lat' dir='ltr'>Caesar.</span> <span class='ocrx_word' id='word_1_191' title='bbox 843 1996 936 2032; x_wconf 56' lang='lat' dir='ltr'>p.111.</span> 
     </span>
    </p>

    <p class='ocr_par' dir='ltr' id='par_1_3' title="bbox 232 2042 937 2283">
     <span class='ocr_line' id='line_1_37' title="bbox 274 2042 937 2083; baseline -0.002 -9"><span class='ocrx_word' id='word_1_192' title='bbox 274 2045 294 2074; x_wconf 86' lang='grc'>4</span> <span class='ocrx_word' id='word_1_193' title='bbox 311 2042 601 2082; x_wconf 74' lang='lat' dir='ltr'>Animadverterat]</span> <span class='ocrx_word' id='word_1_194' title='bbox 619 2042 793 2073; x_wconf 85' lang='lat' dir='ltr'>Leidensis</span> <span class='ocrx_word' id='word_1_195' title='bbox 810 2042 937 2083; x_wconf 79' lang='lat' dir='ltr'>primus</span> 
     </span>
     <span class='ocr_line' id='line_1_38' title="bbox 232 2092 937 2133; baseline 0.003 -11"><span class='ocrx_word' id='word_1_196' title='bbox 232 2092 334 2123; x_wconf 81' lang='lat' dir='ltr'>animo</span> <span class='ocrx_word' id='word_1_197' title='bbox 356 2094 426 2123; x_wconf 85' lang='lat' dir='ltr'>adv.</span> <span class='ocrx_word' id='word_1_198' title='bbox 474 2092 609 2133; x_wconf 82' lang='lat' dir='ltr'>Nempe</span> <span class='ocrx_word' id='word_1_199' title='bbox 631 2093 845 2125; x_wconf 85' lang='lat' dir='ltr'>scribendum</span> <span class='ocrx_word' id='word_1_200' title='bbox 863 2098 937 2124; x_wconf 86' lang='lat' dir='ltr'>erat</span> 
     </span>
     <span class='ocr_line' id='line_1_39' title="bbox 232 2142 937 2174; baseline 0.003 -2"><span class='ocrx_word' id='word_1_201' title='bbox 232 2142 367 2172; x_wconf 82' lang='lat' dir='ltr'>animum</span> <span class='ocrx_word' id='word_1_202' title='bbox 383 2143 453 2173; x_wconf 79' lang='lat' dir='ltr'>adr.</span> <span class='ocrx_word' id='word_1_203' title='bbox 478 2152 553 2173; x_wconf 89' lang='lat' dir='ltr'>cum</span> <span class='ocrx_word' id='word_1_204' title='bbox 580 2144 752 2174; x_wconf 84' lang='lat' dir='ltr'>Gronovio</span> <span class='ocrx_word' id='word_1_205' title='bbox 770 2153 811 2174; x_wconf 82' lang='lat' dir='ltr'>ex</span> <span class='ocrx_word' id='word_1_206' title='bbox 830 2145 937 2174; x_wconf 82' lang='lat' dir='ltr'>Mem-</span> 
     </span>
     <span class='ocr_line' id='line_1_40' title="bbox 233 2192 937 2226; baseline 0.006 -4"><span class='ocrx_word' id='word_1_207' title='bbox 233 2192 347 2223; x_wconf 87' lang='lat' dir='ltr'>branis</span> <span class='ocrx_word' id='word_1_208' title='bbox 362 2192 515 2224; x_wconf 83' lang='lat' dir='ltr'>Andinis.</span> <span class='ocrx_word' id='word_1_209' title='bbox 535 2194 622 2224; x_wconf 83' lang='lat' dir='ltr'>Vide</span> <span class='ocrx_word' id='word_1_210' title='bbox 639 2194 682 2224; x_wconf 89' lang='lat' dir='ltr'>ad</span> <span class='ocrx_word' id='word_1_211' title='bbox 700 2203 721 2224; x_wconf 87' lang='lat'>1.</span> <span class='ocrx_word' id='word_1_212' title='bbox 737 2197 790 2225; x_wconf 75' lang='lat'>24.</span> <span class='ocrx_word' id='word_1_213' title='bbox 813 2196 822 2210; x_wconf 79' lang='lat'><strong><em>⁴</em></strong></span> <span class='ocrx_word' id='word_1_214' title='bbox 838 2195 937 2226; x_wconf 83' lang='lat' dir='ltr'>l&#39;ost-</span> 
     </span>
     <span class='ocr_line' id='line_1_41' title="bbox 233 2243 734 2283; baseline 0.006 -11"><span class='ocrx_word' id='word_1_215' title='bbox 233 2251 333 2283; x_wconf 87' lang='lat' dir='ltr'>quam</span> <span class='ocrx_word' id='word_1_216' title='bbox 349 2243 382 2273; x_wconf 82' lang='lat' dir='ltr'>itl</span> <span class='ocrx_word' id='word_1_217' title='bbox 400 2243 545 2274; x_wconf 84' lang='lat' dir='ltr'>animum</span> <span class='ocrx_word' id='word_1_218' title='bbox 561 2244 734 2275; x_wconf 68' lang='lat' dir='ltr'>advertit:</span> 
     </span>
    </p>

    <p class='ocr_par' dir='ltr' id='par_1_4' title="bbox 230 2293 938 2789">
     <span class='ocr_line' id='line_1_42' title="bbox 275 2293 937 2333; baseline 0.002 -10"><span class='ocrx_word' id='word_1_219' title='bbox 275 2295 294 2323; x_wconf 83' lang='lat'>7</span> <span class='ocrx_word' id='word_1_220' title='bbox 320 2293 455 2331; x_wconf 68' lang='lat' dir='ltr'>Rejecm</span> <span class='ocrx_word' id='word_1_221' title='bbox 467 2293 554 2333; x_wconf 76' lang='lat' dir='ltr'>pilis]</span> <span class='ocrx_word' id='word_1_222' title='bbox 577 2293 823 2333; x_wconf 79' lang='grc' dir='ltr'>Ἀποῤῥίψαντες.</span> <span class='ocrx_word' id='word_1_223' title='bbox 849 2294 937 2324; x_wconf 76' lang='grc' dir='ltr'>Ληο-</span> 
     </span>
     <span class='ocr_line' id='line_1_43' title="bbox 232 2343 938 2384; baseline 0 -11"><span class='ocrx_word' id='word_1_224' title='bbox 232 2351 352 2382; x_wconf 85' lang='lat' dir='ltr'>nymus</span> <span class='ocrx_word' id='word_1_225' title='bbox 375 2343 464 2374; x_wconf 82' lang='lat' dir='ltr'>Celsi</span> <span class='ocrx_word' id='word_1_226' title='bbox 490 2344 703 2384; x_wconf 76' lang='lat' dir='ltr'>exscriptor:</span> <span class='ocrx_word' id='word_1_227' title='bbox 740 2347 749 2361; x_wconf 77' lang='lat'><strong>⁴</strong></span> <span class='ocrx_word' id='word_1_228' title='bbox 769 2344 938 2384; x_wconf 83' lang='lat' dir='ltr'>I&#39;rojectis</span> 
     </span>
     <span class='ocr_line' id='line_1_44' title="bbox 230 2393 936 2433; baseline 0 -9"><span class='ocrx_word' id='word_1_229' title='bbox 230 2393 335 2433; x_wconf 82' lang='lat' dir='ltr'>igitur</span> <span class='ocrx_word' id='word_1_230' title='bbox 349 2393 541 2431; x_wconf 75' lang='lat' dir='ltr'>missilibus,</span> <span class='ocrx_word' id='word_1_231' title='bbox 559 2403 611 2424; x_wconf 82' lang='lat' dir='ltr'>res</span> <span class='ocrx_word' id='word_1_232' title='bbox 629 2394 748 2433; x_wconf 85' lang='lat' dir='ltr'>gladiis</span> <span class='ocrx_word' id='word_1_233' title='bbox 767 2400 843 2425; x_wconf 86' lang='lat' dir='ltr'>acta</span> <span class='ocrx_word' id='word_1_234' title='bbox 859 2394 936 2425; x_wconf 65' lang='lat' dir='ltr'>est!</span> 
     </span>
     <span class='ocr_line' id='line_1_45' title="bbox 231 2443 938 2483; baseline 0.001 -10"><span class='ocrx_word' id='word_1_235' title='bbox 231 2443 325 2474; x_wconf 88' lang='lat' dir='ltr'>Dion</span> <span class='ocrx_word' id='word_1_236' title='bbox 336 2443 426 2474; x_wconf 80' lang='lat' dir='ltr'>libro</span> <span class='ocrx_word' id='word_1_237' title='bbox 442 2452 598 2474; x_wconf 77' lang='lat' dir='ltr'>xxxviii.</span> <span class='ocrx_word' id='word_1_238' title='bbox 625 2444 684 2474; x_wconf 78' lang='lat' dir='ltr'>Kal</span> <span class='ocrx_word' id='word_1_239' title='bbox 699 2444 778 2474; x_wconf 78' lang='grc' dir='ltr'>οὕτω</span> <span class='ocrx_word' id='word_1_240' title='bbox 790 2455 829 2483; x_wconf 70' lang='grc' dir='ltr'>γε</span> <span class='ocrx_word' id='word_1_241' title='bbox 843 2443 938 2482; x_wconf 76' lang='grc' dir='ltr'>ὁμόσε</span> 
     </span>
     <span class='ocr_line' id='line_1_46' title="bbox 234 2493 938 2534; baseline 0.001 -11"><span class='ocrx_word' id='word_1_242' title='bbox 234 2493 338 2524; x_wconf 76' lang='grc' dir='ltr'>αὐτοῖς</span> <span class='ocrx_word' id='word_1_243' title='bbox 349 2493 393 2534; x_wconf 75' lang='lat' dir='ltr'>(ol</span> <span class='ocrx_word' id='word_1_244' title='bbox 406 2493 560 2532; x_wconf 81' lang='grc' dir='ltr'>Ῥωμαῖοι)</span> <span class='ocrx_word' id='word_1_245' title='bbox 577 2494 749 2534; x_wconf 74' lang='grc' dir='ltr'>ἐχώρησαν,</span> <span class='ocrx_word' id='word_1_246' title='bbox 765 2495 844 2525; x_wconf 78' lang='grc' dir='ltr'>ὥστε</span> <span class='ocrx_word' id='word_1_247' title='bbox 856 2496 938 2533; x_wconf 79' lang='grc' dir='ltr'>σφᾶς</span> 
     </span>
     <span class='ocr_line' id='line_1_47' title="bbox 232 2542 937 2584; baseline 0.004 -11"><span class='ocrx_word' id='word_1_248' title='bbox 232 2542 311 2581; x_wconf 74' lang='grc' dir='ltr'>μήτε</span> <span class='ocrx_word' id='word_1_249' title='bbox 333 2544 398 2574; x_wconf 80' lang='grc' dir='ltr'>τοῖς</span> <span class='ocrx_word' id='word_1_250' title='bbox 419 2545 547 2583; x_wconf 80' lang='grc' dir='ltr'><strong><em>κοντοῖς,</em></strong></span> <span class='ocrx_word' id='word_1_251' title='bbox 570 2543 647 2581; x_wconf 76' lang='grc' dir='ltr'>μήτε</span> <span class='ocrx_word' id='word_1_252' title='bbox 672 2546 737 2576; x_wconf 80' lang='grc' dir='ltr'>τοῖς</span> <span class='ocrx_word' id='word_1_253' title='bbox 760 2544 858 2584; x_wconf 82' lang='grc' dir='ltr'>ξίφεσι</span> <span class='ocrx_word' id='word_1_254' title='bbox 873 2546 937 2576; x_wconf 81' lang='grc' dir='ltr'>τοῖς</span> 
     </span>
     <span class='ocr_line' id='line_1_48' title="bbox 232 2592 935 2634; baseline 0.003 -11"><span class='ocrx_word' id='word_1_255' title='bbox 232 2592 427 2633; x_wconf 79' lang='grc' dir='ltr'>μακροτέροις</span> <span class='ocrx_word' id='word_1_256' title='bbox 450 2593 635 2634; x_wconf 82' lang='grc' dir='ltr'>χρήσασθαι.</span> <span class='ocrx_word' id='word_1_257' title='bbox 659 2593 806 2634; x_wconf 83' lang='grc' dir='ltr'>ὠθίζοντό</span> <span class='ocrx_word' id='word_1_258' title='bbox 821 2607 856 2624; x_wconf 81' lang='grc' dir='ltr'>τε</span> <span class='ocrx_word' id='word_1_259' title='bbox 873 2593 935 2631; x_wconf 76' lang='grc' dir='ltr'>οὖν,</span> 
     </span>
     <span class='ocr_line' id='line_1_49' title="bbox 231 2643 938 2684; baseline 0.003 -10"><span class='ocrx_word' id='word_1_260' title='bbox 231 2643 282 2674; x_wconf 77' lang='grc' dir='ltr'>καὶ</span> <span class='ocrx_word' id='word_1_261' title='bbox 296 2645 362 2676; x_wconf 76' lang='grc' dir='ltr'>τοῖς</span> <span class='ocrx_word' id='word_1_262' title='bbox 377 2644 494 2683; x_wconf 73' lang='grc' dir='ltr'>σώμασι</span> <span class='ocrx_word' id='word_1_263' title='bbox 510 2644 546 2674; x_wconf 82' lang='grc' dir='ltr'>τὸ</span> <span class='ocrx_word' id='word_1_264' title='bbox 567 2647 687 2684; x_wconf 82' lang='grc' dir='ltr'>πλεῖον,</span> <span class='ocrx_word' id='word_1_265' title='bbox 711 2646 731 2681; x_wconf 81' lang='grc' dir='ltr'>ἢ</span> <span class='ocrx_word' id='word_1_266' title='bbox 751 2646 815 2676; x_wconf 77' lang='grc' dir='ltr'>τοῖς</span> <span class='ocrx_word' id='word_1_267' title='bbox 831 2645 938 2676; x_wconf 82' lang='grc' dir='ltr'>ὅπλοις</span> 
     </span>
     <span class='ocr_line' id='line_1_50' title="bbox 231 2693 935 2737; baseline 0.003 -11"><span class='ocrx_word' id='word_1_268' title='bbox 231 2693 406 2734; x_wconf 68' lang='grc' dir='ltr'>ἑμάχοντοι</span> <span class='ocrx_word' id='word_1_269' title='bbox 443 2696 553 2736; x_wconf 77' lang='lat' dir='ltr'>ltaque</span> <span class='ocrx_word' id='word_1_270' title='bbox 575 2697 730 2736; x_wconf 78' lang='lat' dir='ltr'>congressi</span> <span class='ocrx_word' id='word_1_271' title='bbox 752 2701 822 2728; x_wconf 82' lang='lat' dir='ltr'>sunt</span> <span class='ocrx_word' id='word_1_272' title='bbox 849 2698 935 2737; x_wconf 82' lang='lat' dir='ltr'>(Ro-</span> 
     </span>
     <span class='ocr_line' id='line_1_51' title="bbox 233 2745 936 2789; baseline 0.003 -12"><span class='ocrx_word' id='word_1_273' title='bbox 233 2745 339 2788; x_wconf 83' lang='lat' dir='ltr'>mani)</span> <span class='ocrx_word' id='word_1_274' title='bbox 363 2757 430 2778; x_wconf 83' lang='lat' dir='ltr'>cum</span> <span class='ocrx_word' id='word_1_275' title='bbox 449 2747 525 2788; x_wconf 77' lang='lat' dir='ltr'>iuis,</span> <span class='ocrx_word' id='word_1_276' title='bbox 548 2750 582 2778; x_wconf 77' lang='lat' dir='ltr'>ut</span> <span class='ocrx_word' id='word_1_277' title='bbox 606 2757 699 2788; x_wconf 75' lang='lat' dir='ltr'>neque</span> <span class='ocrx_word' id='word_1_278' title='bbox 722 2748 820 2779; x_wconf 74' lang='lat' dir='ltr'>contis</span> <span class='ocrx_word' id='word_1_279' title='bbox 842 2758 936 2789; x_wconf 74' lang='lat' dir='ltr'>neque</span> 
     </span>
    </p>
   </div>
   <div class='ocr_carea' id='block_1_3' title="bbox 721 189 1243 220">
    <p class='ocr_par' dir='ltr' id='par_1_5' title="bbox 721 189 1243 220">
     <span class='ocr_line' id='line_1_52' title="bbox 721 189 1243 220; baseline 0.002 -1"><span class='ocrx_word' id='word_1_280' title='bbox 721 189 861 220; x_wconf 79' lang='lat' dir='ltr'><strong>NOTAE</strong></span> <span class='ocrx_word' id='word_1_281' title='bbox 894 189 1158 220; x_wconf 80' lang='lat' dir='ltr'>VARIORUM</span> <span class='ocrx_word' id='word_1_282' title='bbox 1193 191 1243 220; x_wconf 78' lang='lat' dir='ltr'>IN</span> 
     </span>
    </p>
   </div>
   <div class='ocr_carea' id='block_1_4' title="bbox 986 281 1700 2789">
    <p class='ocr_par' dir='ltr' id='par_1_6' title="bbox 994 281 1700 675">
     <span class='ocr_line' id='line_1_53' title="bbox 995 281 1699 325; baseline -0.004 -10"><span class='ocrx_word' id='word_1_283' title='bbox 995 285 1112 322; x_wconf 75' lang='lat' dir='ltr'>gladiis</span> <span class='ocrx_word' id='word_1_284' title='bbox 1127 285 1173 315; x_wconf 77' lang='lat' dir='ltr'>nti</span> <span class='ocrx_word' id='word_1_285' title='bbox 1190 287 1325 325; x_wconf 71' lang='lat' dir='ltr'>possent.</span> <span class='ocrx_word' id='word_1_286' title='bbox 1371 283 1478 323; x_wconf 78' lang='lat' dir='ltr'>Igitur</span> <span class='ocrx_word' id='word_1_287' title='bbox 1493 282 1617 313; x_wconf 79' lang='lat' dir='ltr'>barbari</span> <span class='ocrx_word' id='word_1_288' title='bbox 1630 281 1699 320; x_wconf 76' lang='lat' dir='ltr'>jac-</span> 
     </span>
     <span class='ocr_line' id='line_1_54' title="bbox 996 332 1700 375; baseline 0 -12"><span class='ocrx_word' id='word_1_289' title='bbox 996 337 1063 364; x_wconf 74' lang='lat' dir='ltr'>tare</span> <span class='ocrx_word' id='word_1_290' title='bbox 1092 345 1146 364; x_wconf 82' lang='lat' dir='ltr'>saa</span> <span class='ocrx_word' id='word_1_291' title='bbox 1188 344 1326 375; x_wconf 73' lang='lat' dir='ltr'>corpora,</span> <span class='ocrx_word' id='word_1_292' title='bbox 1363 335 1543 373; x_wconf 69' lang='lat' dir='ltr'>tradereque</span> <span class='ocrx_word' id='word_1_293' title='bbox 1557 343 1567 363; x_wconf 92' lang='lat'>.·</span> <span class='ocrx_word' id='word_1_294' title='bbox 1602 332 1700 372; x_wconf 69' lang='lat' dir='ltr'>iisque</span> 
     </span>
     <span class='ocr_line' id='line_1_55' title="bbox 995 384 1696 425; baseline 0.001 -11"><span class='ocrx_word' id='word_1_295' title='bbox 995 385 1106 424; x_wconf 72' lang='lat' dir='ltr'>magis,</span> <span class='ocrx_word' id='word_1_296' title='bbox 1119 396 1206 425; x_wconf 78' lang='lat' dir='ltr'>qaam</span> <span class='ocrx_word' id='word_1_297' title='bbox 1223 386 1318 415; x_wconf 79' lang='lat' dir='ltr'>armis</span> <span class='ocrx_word' id='word_1_298' title='bbox 1334 385 1390 416; x_wconf 82' lang='lat' dir='ltr'>nli.</span> <span class='ocrx_word' id='word_1_299' title='bbox 1431 384 1498 415; x_wconf 84' lang='lat' dir='ltr'>Ubi</span> <span class='ocrx_word' id='word_1_300' title='bbox 1514 384 1602 415; x_wconf 79' lang='lat' dir='ltr'>idem</span> <span class='ocrx_word' id='word_1_301' title='bbox 1619 393 1696 415; x_wconf 85' lang='lat' dir='ltr'>con-</span> 
     </span>
     <span class='ocr_line' id='line_1_56' title="bbox 997 433 1698 476; baseline -0.001 -11"><span class='ocrx_word' id='word_1_302' title='bbox 997 440 1049 465; x_wconf 82' lang='lat' dir='ltr'>tra</span> <span class='ocrx_word' id='word_1_303' title='bbox 1062 445 1162 476; x_wconf 84' lang='lat' dir='ltr'>quam</span> <span class='ocrx_word' id='word_1_304' title='bbox 1175 438 1289 467; x_wconf 64' lang='lat' dir='ltr'>Caesar</span> <span class='ocrx_word' id='word_1_305' title='bbox 1299 436 1417 474; x_wconf 79' lang='lat' dir='ltr'>tradit,</span> <span class='ocrx_word' id='word_1_306' title='bbox 1432 436 1599 466; x_wconf 77' lang='lat' dir='ltr'>Romanos</span> <span class='ocrx_word' id='word_1_307' title='bbox 1612 433 1698 465; x_wconf 82' lang='lat' dir='ltr'>adeo</span> 
     </span>
     <span class='ocr_line' id='line_1_57' title="bbox 996 485 1700 526; baseline 0.001 -11"><span class='ocrx_word' id='word_1_308' title='bbox 996 495 1138 526; x_wconf 85' lang='lat' dir='ltr'>propere</span> <span class='ocrx_word' id='word_1_309' title='bbox 1167 487 1199 516; x_wconf 90' lang='lat' dir='ltr'>in</span> <span class='ocrx_word' id='word_1_310' title='bbox 1227 486 1414 517; x_wconf 83' lang='lat' dir='ltr'>Germanos</span> <span class='ocrx_word' id='word_1_311' title='bbox 1443 485 1636 524; x_wconf 78' lang='lat' dir='ltr'>incurrisse,</span> <span class='ocrx_word' id='word_1_312' title='bbox 1661 489 1700 516; x_wconf 82' lang='lat' dir='ltr'>ut</span> 
     </span>
     <span class='ocr_line' id='line_1_58' title="bbox 996 534 1698 576; baseline -0.001 -10"><span class='ocrx_word' id='word_1_313' title='bbox 996 536 1141 576; x_wconf 75' lang='lat' dir='ltr'>spatium</span> <span class='ocrx_word' id='word_1_314' title='bbox 1165 536 1228 566; x_wconf 83' lang='lat' dir='ltr'>illis</span> <span class='ocrx_word' id='word_1_315' title='bbox 1257 546 1322 567; x_wconf 90' lang='lat' dir='ltr'>non</span> <span class='ocrx_word' id='word_1_316' title='bbox 1346 536 1467 567; x_wconf 83' lang='lat' dir='ltr'>darent</span> <span class='ocrx_word' id='word_1_317' title='bbox 1492 536 1582 566; x_wconf 78' lang='lat' dir='ltr'>acies</span> <span class='ocrx_word' id='word_1_318' title='bbox 1611 534 1698 565; x_wconf 86' lang='lat' dir='ltr'>ordi-</span> 
     </span>
     <span class='ocr_line' id='line_1_59' title="bbox 994 584 1697 625; baseline -0.001 -10"><span class='ocrx_word' id='word_1_319' title='bbox 994 586 1107 616; x_wconf 90' lang='lat' dir='ltr'>nandi.</span> <span class='ocrx_word' id='word_1_320' title='bbox 1167 586 1234 616; x_wconf 87' lang='lat' dir='ltr'>Sed</span> <span class='ocrx_word' id='word_1_321' title='bbox 1279 585 1521 625; x_wconf 71' lang='lat' dir='ltr'>ignoscendum</span> <span class='ocrx_word' id='word_1_322' title='bbox 1557 584 1697 623; x_wconf 71' lang='lat' dir='ltr'>Caesari,</span> 
     </span>
     <span class='ocr_line' id='line_1_60' title="bbox 995 634 1694 675; baseline -0.001 -10"><span class='ocrx_word' id='word_1_323' title='bbox 995 636 1071 666; x_wconf 88' lang='lat' dir='ltr'>dum</span> <span class='ocrx_word' id='word_1_324' title='bbox 1090 634 1188 665; x_wconf 78' lang='lat' dir='ltr'>famae</span> <span class='ocrx_word' id='word_1_325' title='bbox 1207 645 1274 666; x_wconf 74' lang='lat' dir='ltr'>suae</span> <span class='ocrx_word' id='word_1_326' title='bbox 1293 635 1431 675; x_wconf 82' lang='lat' dir='ltr'>gloriam</span> <span class='ocrx_word' id='word_1_327' title='bbox 1449 640 1561 673; x_wconf 67' lang='lat' dir='ltr'>auget.</span> <span class='ocrx_word' id='word_1_328' title='bbox 1613 635 1694 664; x_wconf 77' lang='lat' dir='ltr'>l&#39;oss.</span> 
     </span>
    </p>

    <p class='ocr_par' dir='ltr' id='par_1_7' title="bbox 988 684 1698 1075">
     <span class='ocr_line' id='line_1_61' title="bbox 1039 684 1693 724; baseline -0.002 -9"><span class='ocrx_word' id='word_1_329' title='bbox 1039 688 1073 715; x_wconf 82' lang='grc'>11</span> <span class='ocrx_word' id='word_1_330' title='bbox 1102 684 1296 724; x_wconf 70' lang='lat' dir='ltr'>Phalangas]</span> <span class='ocrx_word' id='word_1_331' title='bbox 1323 685 1378 715; x_wconf 73' lang='lat' dir='ltr'>Sic</span> <span class='ocrx_word' id='word_1_332' title='bbox 1405 689 1499 715; x_wconf 83' lang='lat' dir='ltr'>recte</span> <span class='ocrx_word' id='word_1_333' title='bbox 1517 684 1693 715; x_wconf 84' lang='lat' dir='ltr'>Petavian.</span> 
     </span>
     <span class='ocr_line' id='line_1_62' title="bbox 993 734 1697 776; baseline -0.001 -11"><span class='ocrx_word' id='word_1_334' title='bbox 993 740 1027 766; x_wconf 83' lang='lat' dir='ltr'>et</span> <span class='ocrx_word' id='word_1_335' title='bbox 1044 736 1205 776; x_wconf 82' lang='lat' dir='ltr'>Bongars.</span> <span class='ocrx_word' id='word_1_336' title='bbox 1223 736 1319 775; x_wconf 83' lang='lat' dir='ltr'>prim.</span> <span class='ocrx_word' id='word_1_337' title='bbox 1359 734 1517 774; x_wconf 84' lang='lat' dir='ltr'>Plerique</span> <span class='ocrx_word' id='word_1_338' title='bbox 1533 744 1606 765; x_wconf 90' lang='lat' dir='ltr'>cum</span> <span class='ocrx_word' id='word_1_339' title='bbox 1624 735 1697 773; x_wconf 90' lang='lat' dir='ltr'>plu-</span> 
     </span>
     <span class='ocr_line' id='line_1_63' title="bbox 993 784 1698 824; baseline 0 -10"><span class='ocrx_word' id='word_1_340' title='bbox 993 785 1085 815; x_wconf 85' lang='lat' dir='ltr'>rimis</span> <span class='ocrx_word' id='word_1_341' title='bbox 1102 785 1188 816; x_wconf 86' lang='lat' dir='ltr'>Edd.</span> <span class='ocrx_word' id='word_1_342' title='bbox 1219 786 1406 823; x_wconf 74' lang='lat' dir='ltr'>Phalanges,</span> <span class='ocrx_word' id='word_1_343' title='bbox 1430 784 1605 824; x_wconf 70' lang='lat' dir='ltr'>phalangis,</span> <span class='ocrx_word' id='word_1_344' title='bbox 1623 784 1698 824; x_wconf 81' lang='lat' dir='ltr'>plm-</span> 
     </span>
     <span class='ocr_line' id='line_1_64' title="bbox 993 834 1695 874; baseline 0 -10"><span class='ocrx_word' id='word_1_345' title='bbox 993 835 1125 873; x_wconf 85' lang='lat' dir='ltr'>langem.</span> <span class='ocrx_word' id='word_1_346' title='bbox 1187 835 1234 865; x_wconf 77' lang='lat' dir='ltr'>At</span> <span class='ocrx_word' id='word_1_347' title='bbox 1276 836 1432 865; x_wconf 75' lang='lat' dir='ltr'>Vossian.</span> <span class='ocrx_word' id='word_1_348' title='bbox 1471 835 1569 874; x_wconf 87' lang='lat' dir='ltr'>prim.</span> <span class='ocrx_word' id='word_1_349' title='bbox 1601 834 1695 866; x_wconf 86' lang='lat' dir='ltr'>Leid.</span> 
     </span>
     <span class='ocr_line' id='line_1_65' title="bbox 993 884 1698 924; baseline 0 -10"><span class='ocrx_word' id='word_1_350' title='bbox 993 884 1091 924; x_wconf 86' lang='lat' dir='ltr'>prim.</span> <span class='ocrx_word' id='word_1_351' title='bbox 1107 890 1140 916; x_wconf 87' lang='lat' dir='ltr'>et</span> <span class='ocrx_word' id='word_1_352' title='bbox 1159 885 1271 915; x_wconf 78' lang='lat' dir='ltr'>Oxon.</span> <span class='ocrx_word' id='word_1_353' title='bbox 1287 885 1455 924; x_wconf 78' lang='lat' dir='ltr'>phalanga,</span> <span class='ocrx_word' id='word_1_354' title='bbox 1467 884 1698 924; x_wconf 79' lang='lat' dir='ltr'>superscripto</span> 
     </span>
     <span class='ocr_line' id='line_1_66' title="bbox 991 935 1695 976; baseline 0.001 -11"><span class='ocrx_word' id='word_1_355' title='bbox 991 945 1096 975; x_wconf 85' lang='lat' dir='ltr'>—pro</span> <span class='ocrx_word' id='word_1_356' title='bbox 1106 935 1306 976; x_wconf 72' lang='lat' dir='ltr'>phalangam.</span> <span class='ocrx_word' id='word_1_357' title='bbox 1333 936 1400 967; x_wconf 85' lang='lat' dir='ltr'>Sed</span> <span class='ocrx_word' id='word_1_358' title='bbox 1421 941 1490 966; x_wconf 87' lang='lat' dir='ltr'>tum</span> <span class='ocrx_word' id='word_1_359' title='bbox 1503 945 1565 975; x_wconf 74' lang='lat' dir='ltr'>ego</span> <span class='ocrx_word' id='word_1_360' title='bbox 1582 935 1695 966; x_wconf 86' lang='lat' dir='ltr'>malim</span> 
     </span>
     <span class='ocr_line' id='line_1_67' title="bbox 988 985 1695 1024; baseline 0.003 -10"><span class='ocrx_word' id='word_1_361' title='bbox 988 985 1156 1024; x_wconf 80' lang='lat' dir='ltr'>phalanga.</span> <span class='ocrx_word' id='word_1_362' title='bbox 1203 985 1290 1016; x_wconf 56' lang='lat' dir='ltr'>Vide</span> <span class='ocrx_word' id='word_1_363' title='bbox 1326 990 1442 1016; x_wconf 82' lang='lat' dir='ltr'>notata</span> <span class='ocrx_word' id='word_1_364' title='bbox 1469 985 1510 1016; x_wconf 83' lang='lat' dir='ltr'>ad</span> <span class='ocrx_word' id='word_1_365' title='bbox 1543 985 1695 1017; x_wconf 82' lang='lat' dir='ltr'>Frontin.</span> 
     </span>
     <span class='ocr_line' id='line_1_68' title="bbox 992 1035 1586 1075; baseline 0.003 -10"><span class='ocrx_word' id='word_1_366' title='bbox 992 1044 1031 1066; x_wconf 89' lang='lat'>11.</span> <span class='ocrx_word' id='word_1_367' title='bbox 1045 1038 1074 1066; x_wconf 84' lang='grc'>2.</span> <span class='ocrx_word' id='word_1_368' title='bbox 1090 1036 1105 1075; x_wconf 63' lang='grc' dir='ltr'>ξ</span> <span class='ocrx_word' id='word_1_369' title='bbox 1124 1039 1154 1066; x_wconf 94' lang='lat' dir='ltr'>l.</span> <span class='ocrx_word' id='word_1_370' title='bbox 1171 1041 1206 1067; x_wconf 85' lang='lat' dir='ltr'>et</span> <span class='ocrx_word' id='word_1_371' title='bbox 1222 1035 1310 1067; x_wconf 82' lang='lat' dir='ltr'>infra</span> <span class='ocrx_word' id='word_1_372' title='bbox 1328 1037 1368 1067; x_wconf 85' lang='lat' dir='ltr'>B.</span> <span class='ocrx_word' id='word_1_373' title='bbox 1386 1036 1586 1067; x_wconf 82' lang='lat' dir='ltr'>Civ.11.10.</span> 
     </span>
    </p>

    <p class='ocr_par' dir='ltr' id='par_1_8' title="bbox 986 1087 1698 2789">
     <span class='ocr_line' id='line_1_69' title="bbox 1034 1087 1697 1127; baseline 0.002 -11"><span class='ocrx_word' id='word_1_374' title='bbox 1034 1094 1112 1116; x_wconf 71' lang='grc' dir='ltr'><strong>ιιιι.</strong></span> <span class='ocrx_word' id='word_1_375' title='bbox 1129 1089 1147 1116; x_wconf 87' lang='grc'><strong>3</strong></span> <span class='ocrx_word' id='word_1_376' title='bbox 1173 1087 1278 1117; x_wconf 81' lang='grc' dir='ltr'><em>ΜίΙΙία</em></span> <span class='ocrx_word' id='word_1_377' title='bbox 1301 1097 1444 1127; x_wconf 76' lang='lat' dir='ltr'>passuum</span> <span class='ocrx_word' id='word_1_378' title='bbox 1456 1098 1494 1118; x_wconf 71' lang='lat' dir='ltr'>es</span> <span class='ocrx_word' id='word_1_379' title='bbox 1508 1097 1540 1117; x_wconf 80' lang='lat' dir='ltr'>eo</span> <span class='ocrx_word' id='word_1_380' title='bbox 1560 1087 1622 1117; x_wconf 75' lang='lat' dir='ltr'>loco</span> <span class='ocrx_word' id='word_1_381' title='bbox 1637 1087 1697 1118; x_wconf 80' lang='lat' dir='ltr'>cir-</span> 
     </span>
     <span class='ocr_line' id='line_1_70' title="bbox 990 1136 1698 1177; baseline 0.003 -11"><span class='ocrx_word' id='word_1_382' title='bbox 990 1136 1069 1166; x_wconf 80' lang='lat' dir='ltr'>citer</span> <span class='ocrx_word' id='word_1_383' title='bbox 1095 1136 1127 1176; x_wconf 85' lang='lat' dir='ltr'>L]</span> <span class='ocrx_word' id='word_1_384' title='bbox 1167 1137 1276 1168; x_wconf 79' lang='lat' dir='ltr'>Libris</span> <span class='ocrx_word' id='word_1_385' title='bbox 1300 1137 1451 1167; x_wconf 87' lang='lat' dir='ltr'>omnibus</span> <span class='ocrx_word' id='word_1_386' title='bbox 1480 1137 1698 1177; x_wconf 83' lang='lat' dir='ltr'>repugnanti-</span> 
     </span>
     <span class='ocr_line' id='line_1_71' title="bbox 991 1186 1695 1227; baseline 0.001 -10"><span class='ocrx_word' id='word_1_387' title='bbox 991 1186 1052 1217; x_wconf 87' lang='lat' dir='ltr'>bus</span> <span class='ocrx_word' id='word_1_388' title='bbox 1081 1187 1129 1217; x_wconf 87' lang='lat' dir='ltr'>ita</span> <span class='ocrx_word' id='word_1_389' title='bbox 1153 1187 1388 1227; x_wconf 75' lang='lat' dir='ltr'>corrigendum</span> <span class='ocrx_word' id='word_1_390' title='bbox 1415 1187 1571 1218; x_wconf 79' lang='lat' dir='ltr'>arbitror.</span> <span class='ocrx_word' id='word_1_391' title='bbox 1619 1187 1695 1219; x_wconf 85' lang='lat' dir='ltr'>Pri-</span> 
     </span>
     <span class='ocr_line' id='line_1_72' title="bbox 990 1239 1694 1279; baseline 0.001 -11"><span class='ocrx_word' id='word_1_392' title='bbox 990 1248 1079 1268; x_wconf 85' lang='lat' dir='ltr'>mum</span> <span class='ocrx_word' id='word_1_393' title='bbox 1106 1239 1262 1279; x_wconf 84' lang='lat' dir='ltr'>qnoniam</span> <span class='ocrx_word' id='word_1_394' title='bbox 1289 1239 1376 1269; x_wconf 88' lang='lat' dir='ltr'>hunc</span> <span class='ocrx_word' id='word_1_395' title='bbox 1403 1248 1576 1269; x_wconf 85' lang='lat' dir='ltr'>nnmerum</span> <span class='ocrx_word' id='word_1_396' title='bbox 1597 1242 1694 1269; x_wconf 76' lang='lat' dir='ltr'>vetus</span> 
     </span>
     <span class='ocr_line' id='line_1_73' title="bbox 991 1287 1694 1329; baseline -0.001 -10"><span class='ocrx_word' id='word_1_397' title='bbox 991 1289 1104 1319; x_wconf 83' lang='lat' dir='ltr'>Orosii</span> <span class='ocrx_word' id='word_1_398' title='bbox 1116 1288 1298 1329; x_wconf 77' lang='lat' dir='ltr'>impressus</span> <span class='ocrx_word' id='word_1_399' title='bbox 1311 1289 1396 1320; x_wconf 87' lang='lat' dir='ltr'>liber</span> <span class='ocrx_word' id='word_1_400' title='bbox 1409 1288 1532 1328; x_wconf 77' lang='lat' dir='ltr'>prodit.</span> <span class='ocrx_word' id='word_1_401' title='bbox 1558 1287 1694 1319; x_wconf 81' lang='lat' dir='ltr'>Deinde</span> 
     </span>
     <span class='ocr_line' id='line_1_74' title="bbox 989 1337 1696 1378; baseline 0.003 -11"><span class='ocrx_word' id='word_1_402' title='bbox 989 1339 1068 1378; x_wconf 91' lang='lat' dir='ltr'>quia</span> <span class='ocrx_word' id='word_1_403' title='bbox 1093 1338 1297 1370; x_wconf 77' lang='lat' dir='ltr'>Plutarchus</span> <span class='ocrx_word' id='word_1_404' title='bbox 1324 1338 1540 1378; x_wconf 80' lang='grc' dir='ltr'>τετρακοσίους</span> <span class='ocrx_word' id='word_1_405' title='bbox 1554 1337 1696 1369; x_wconf 82' lang='grc' dir='ltr'>σταδίους</span> 
     </span>
     <span class='ocr_line' id='line_1_75' title="bbox 990 1388 1696 1428; baseline 0.001 -11"><span class='ocrx_word' id='word_1_406' title='bbox 990 1389 1113 1428; x_wconf 83' lang='lat' dir='ltr'>posuit.</span> <span class='ocrx_word' id='word_1_407' title='bbox 1159 1390 1246 1419; x_wconf 79' lang='lat' dir='ltr'>Nam</span> <span class='ocrx_word' id='word_1_408' title='bbox 1271 1399 1346 1420; x_wconf 89' lang='lat' dir='ltr'>cum</span> <span class='ocrx_word' id='word_1_409' title='bbox 1372 1394 1448 1419; x_wconf 81' lang='lat' dir='ltr'>octo</span> <span class='ocrx_word' id='word_1_410' title='bbox 1474 1388 1583 1419; x_wconf 88' lang='lat' dir='ltr'>stadia</span> <span class='ocrx_word' id='word_1_411' title='bbox 1600 1388 1696 1419; x_wconf 89' lang='lat' dir='ltr'>milli·</span> 
     </span>
     <span class='ocr_line' id='line_1_76' title="bbox 989 1438 1694 1479; baseline 0.003 -11"><span class='ocrx_word' id='word_1_412' title='bbox 989 1440 1094 1470; x_wconf 74' lang='lat' dir='ltr'>arium</span> <span class='ocrx_word' id='word_1_413' title='bbox 1126 1449 1227 1470; x_wconf 89' lang='lat' dir='ltr'>unum</span> <span class='ocrx_word' id='word_1_414' title='bbox 1255 1439 1448 1478; x_wconf 82' lang='lat' dir='ltr'>conficiant,</span> <span class='ocrx_word' id='word_1_415' title='bbox 1474 1438 1626 1479; x_wconf 87' lang='lat' dir='ltr'>sequitur</span> <span class='ocrx_word' id='word_1_416' title='bbox 1656 1443 1694 1470; x_wconf 89' lang='lat' dir='ltr'>ut</span> 
     </span>
     <span class='ocr_line' id='line_1_77' title="bbox 989 1488 1693 1530; baseline 0.001 -12"><span class='ocrx_word' id='word_1_417' title='bbox 989 1488 1234 1529; x_wconf 80' lang='lat' dir='ltr'>quadringenta</span> <span class='ocrx_word' id='word_1_418' title='bbox 1250 1488 1396 1519; x_wconf 86' lang='lat' dir='ltr'>efficiant</span> <span class='ocrx_word' id='word_1_419' title='bbox 1419 1488 1575 1518; x_wconf 85' lang='lat' dir='ltr'>milliaria</span> <span class='ocrx_word' id='word_1_420' title='bbox 1599 1489 1693 1530; x_wconf 86' lang='lat' dir='ltr'>quiu-</span> 
     </span>
     <span class='ocr_line' id='line_1_78' title="bbox 989 1538 1692 1580; baseline 0.003 -12"><span class='ocrx_word' id='word_1_421' title='bbox 989 1539 1163 1579; x_wconf 71' lang='lat' dir='ltr'>quagiuta.</span> <span class='ocrx_word' id='word_1_422' title='bbox 1209 1539 1330 1579; x_wconf 83' lang='lat' dir='ltr'>Neque</span> <span class='ocrx_word' id='word_1_423' title='bbox 1362 1549 1413 1570; x_wconf 89' lang='lat' dir='ltr'>me</span> <span class='ocrx_word' id='word_1_424' title='bbox 1445 1544 1570 1576; x_wconf 80' lang='lat' dir='ltr'>movet,</span> <span class='ocrx_word' id='word_1_425' title='bbox 1602 1538 1692 1580; x_wconf 91' lang='lat' dir='ltr'>quod</span> 
     </span>
     <span class='ocr_line' id='line_1_79' title="bbox 990 1588 1693 1629; baseline 0.004 -12"><span class='ocrx_word' id='word_1_426' title='bbox 990 1588 1020 1617; x_wconf 94' lang='lat' dir='ltr'>in</span> <span class='ocrx_word' id='word_1_427' title='bbox 1054 1588 1197 1627; x_wconf 72' lang='lat' dir='ltr'>vulgatis</span> <span class='ocrx_word' id='word_1_428' title='bbox 1229 1589 1401 1620; x_wconf 79' lang='lat' dir='ltr'>Plutarchi</span> <span class='ocrx_word' id='word_1_429' title='bbox 1436 1589 1528 1620; x_wconf 85' lang='lat' dir='ltr'>libris</span> <span class='ocrx_word' id='word_1_430' title='bbox 1558 1590 1693 1629; x_wconf 62' lang='lat' dir='ltr'>legitur,</span> 
     </span>
     <span class='ocr_line' id='line_1_80' title="bbox 988 1637 1692 1680; baseline 0.004 -12"><span class='ocrx_word' id='word_1_431' title='bbox 988 1637 1187 1678; x_wconf 71' lang='grc' dir='ltr'>τριακοιήους.</span> <span class='ocrx_word' id='word_1_432' title='bbox 1236 1639 1322 1670; x_wconf 86' lang='lat' dir='ltr'>Nam</span> <span class='ocrx_word' id='word_1_433' title='bbox 1341 1646 1374 1670; x_wconf 82' lang='lat' dir='ltr'>et</span> <span class='ocrx_word' id='word_1_434' title='bbox 1392 1645 1489 1671; x_wconf 79' lang='lat' dir='ltr'>vetus</span> <span class='ocrx_word' id='word_1_435' title='bbox 1514 1640 1692 1680; x_wconf 88' lang='lat' dir='ltr'>Interpres</span> 
     </span>
     <span class='ocr_line' id='line_1_81' title="bbox 990 1688 1692 1729; baseline 0.004 -11"><span class='ocrx_word' id='word_1_436' title='bbox 990 1688 1227 1728; x_wconf 76' lang='lat' dir='ltr'>Quadringenta</span> <span class='ocrx_word' id='word_1_437' title='bbox 1258 1689 1383 1729; x_wconf 82' lang='lat' dir='ltr'>posuit,</span> <span class='ocrx_word' id='word_1_438' title='bbox 1413 1695 1447 1720; x_wconf 88' lang='lat' dir='ltr'>et</span> <span class='ocrx_word' id='word_1_439' title='bbox 1479 1690 1586 1720; x_wconf 87' lang='lat' dir='ltr'>Henr.</span> <span class='ocrx_word' id='word_1_440' title='bbox 1617 1690 1692 1722; x_wconf 87' lang='lat' dir='ltr'>Ste-</span> 
     </span>
     <span class='ocr_line' id='line_1_82' title="bbox 988 1739 1692 1780; baseline 0.004 -11"><span class='ocrx_word' id='word_1_441' title='bbox 988 1740 1118 1780; x_wconf 83' lang='lat' dir='ltr'>phanus</span> <span class='ocrx_word' id='word_1_442' title='bbox 1143 1739 1275 1771; x_wconf 76' lang='lat' dir='ltr'>Graecae</span> <span class='ocrx_word' id='word_1_443' title='bbox 1304 1740 1426 1779; x_wconf 61' lang='lat' dir='ltr'>lingum,</span> <span class='ocrx_word' id='word_1_444' title='bbox 1456 1741 1692 1780; x_wconf 83' lang='lat' dir='ltr'>peritissimus,</span> 
     </span>
     <span class='ocr_line' id='line_1_83' title="bbox 989 1790 1693 1829; baseline 0 -7"><span class='ocrx_word' id='word_1_445' title='bbox 989 1797 1022 1822; x_wconf 89' lang='lat' dir='ltr'>et</span> <span class='ocrx_word' id='word_1_446' title='bbox 1040 1792 1156 1821; x_wconf 83' lang='lat' dir='ltr'>harum</span> <span class='ocrx_word' id='word_1_447' title='bbox 1175 1800 1283 1821; x_wconf 80' lang='lat' dir='ltr'>reruni</span> <span class='ocrx_word' id='word_1_448' title='bbox 1301 1791 1498 1821; x_wconf 78' lang='lat' dir='ltr'>observator</span> <span class='ocrx_word' id='word_1_449' title='bbox 1511 1790 1693 1829; x_wconf 71' lang='lat' dir='ltr'>diligentis-</span> 
     </span>
     <span class='ocr_line' id='line_1_84' title="bbox 988 1840 1691 1883; baseline 0 -11"><span class='ocrx_word' id='word_1_450' title='bbox 988 1843 1101 1881; x_wconf 66' lang='lat' dir='ltr'>simus,</span> <span class='ocrx_word' id='word_1_451' title='bbox 1118 1841 1334 1883; x_wconf 79' lang='grc' dir='ltr'>τετρακοσίους</span> <span class='ocrx_word' id='word_1_452' title='bbox 1356 1842 1388 1872; x_wconf 80' lang='lat' dir='ltr'>iu</span> <span class='ocrx_word' id='word_1_453' title='bbox 1414 1841 1486 1871; x_wconf 79' lang='lat' dir='ltr'>aliis</span> <span class='ocrx_word' id='word_1_454' title='bbox 1507 1840 1601 1871; x_wconf 81' lang='lat' dir='ltr'>libris</span> <span class='ocrx_word' id='word_1_455' title='bbox 1623 1840 1691 1882; x_wconf 69' lang='lat' dir='ltr'>legi</span> 
     </span>
     <span class='ocr_line' id='line_1_85' title="bbox 989 1891 1690 1934; baseline 0 -11"><span class='ocrx_word' id='word_1_456' title='bbox 989 1898 1132 1924; x_wconf 80' lang='lat' dir='ltr'>testatus</span> <span class='ocrx_word' id='word_1_457' title='bbox 1149 1900 1210 1924; x_wconf 80' lang='lat' dir='ltr'>est.</span> <span class='ocrx_word' id='word_1_458' title='bbox 1251 1894 1371 1934; x_wconf 84' lang='lat' dir='ltr'>Itaque</span> <span class='ocrx_word' id='word_1_459' title='bbox 1391 1893 1498 1922; x_wconf 77' lang='lat' dir='ltr'>Beato</span> <span class='ocrx_word' id='word_1_460' title='bbox 1516 1891 1690 1932; x_wconf 80' lang='lat' dir='ltr'>Rhenano,</span> 
     </span>
     <span class='ocr_line' id='line_1_86' title="bbox 986 1943 1691 1985; baseline 0 -11"><span class='ocrx_word' id='word_1_461' title='bbox 986 1954 1113 1974; x_wconf 86' lang='lat' dir='ltr'>summo</span> <span class='ocrx_word' id='word_1_462' title='bbox 1145 1955 1184 1975; x_wconf 77' lang='lat' dir='ltr'>ac</span> <span class='ocrx_word' id='word_1_463' title='bbox 1223 1945 1382 1985; x_wconf 76' lang='lat' dir='ltr'>singulari</span> <span class='ocrx_word' id='word_1_464' title='bbox 1424 1945 1507 1983; x_wconf 81' lang='lat' dir='ltr'>viro,</span> <span class='ocrx_word' id='word_1_465' title='bbox 1536 1943 1691 1975; x_wconf 74' lang='lat' dir='ltr'>assentiri</span> 
     </span>
     <span class='ocr_line' id='line_1_87' title="bbox 987 1993 1690 2034; baseline 0.001 -11"><span class='ocrx_word' id='word_1_466' title='bbox 987 2003 1052 2024; x_wconf 88' lang='lat' dir='ltr'>non</span> <span class='ocrx_word' id='word_1_467' title='bbox 1079 2004 1227 2034; x_wconf 85' lang='lat' dir='ltr'>possum,</span> <span class='ocrx_word' id='word_1_468' title='bbox 1251 1994 1304 2034; x_wconf 90' lang='lat' dir='ltr'>qui</span> <span class='ocrx_word' id='word_1_469' title='bbox 1335 1994 1490 2034; x_wconf 79' lang='lat' dir='ltr'>proelium</span> <span class='ocrx_word' id='word_1_470' title='bbox 1514 1993 1576 2024; x_wconf 89' lang='lat' dir='ltr'>hoc</span> <span class='ocrx_word' id='word_1_471' title='bbox 1601 2003 1690 2024; x_wconf 92' lang='lat' dir='ltr'>com-</span> 
     </span>
     <span class='ocr_line' id='line_1_88' title="bbox 987 2042 1692 2084; baseline 0 -11"><span class='ocrx_word' id='word_1_472' title='bbox 987 2044 1123 2074; x_wconf 85' lang='lat' dir='ltr'>missum</span> <span class='ocrx_word' id='word_1_473' title='bbox 1148 2049 1247 2084; x_wconf 85' lang='lat' dir='ltr'>putat</span> <span class='ocrx_word' id='word_1_474' title='bbox 1273 2044 1314 2074; x_wconf 80' lang='lat' dir='ltr'>ad</span> <span class='ocrx_word' id='word_1_475' title='bbox 1342 2043 1449 2074; x_wconf 56' lang='lat' dir='ltr'>aulem</span> <span class='ocrx_word' id='word_1_476' title='bbox 1473 2042 1692 2083; x_wconf 73' lang='lat' dir='ltr'>Apollinaris,</span> 
     </span>
     <span class='ocr_line' id='line_1_89' title="bbox 987 2093 1691 2134; baseline 0 -11"><span class='ocrx_word' id='word_1_477' title='bbox 987 2104 1060 2134; x_wconf 78' lang='lat' dir='ltr'>qua&gt;</span> <span class='ocrx_word' id='word_1_478' title='bbox 1092 2094 1233 2124; x_wconf 82' lang='lat' dir='ltr'>milliare</span> <span class='ocrx_word' id='word_1_479' title='bbox 1265 2104 1365 2124; x_wconf 89' lang='lat' dir='ltr'>unum</span> <span class='ocrx_word' id='word_1_480' title='bbox 1399 2093 1638 2125; x_wconf 84' lang='lat' dir='ltr'>Germanicum</span> <span class='ocrx_word' id='word_1_481' title='bbox 1671 2103 1691 2124; x_wconf 88' lang='lat' dir='ltr'>a</span> 
     </span>
     <span class='ocr_line' id='line_1_90' title="bbox 988 2143 1690 2183; baseline 0 -9"><span class='ocrx_word' id='word_1_482' title='bbox 988 2144 1123 2174; x_wconf 84' lang='lat' dir='ltr'>Basilea</span> <span class='ocrx_word' id='word_1_483' title='bbox 1139 2149 1175 2174; x_wconf 90' lang='lat' dir='ltr'>et</span> <span class='ocrx_word' id='word_1_484' title='bbox 1195 2144 1310 2174; x_wconf 73' lang='lat' dir='ltr'>Rheno</span> <span class='ocrx_word' id='word_1_485' title='bbox 1325 2143 1438 2174; x_wconf 83' lang='lat' dir='ltr'>distat.</span> <span class='ocrx_word' id='word_1_486' title='bbox 1484 2144 1572 2173; x_wconf 64' lang='lat' dir='ltr'>Nam</span> <span class='ocrx_word' id='word_1_487' title='bbox 1591 2143 1690 2183; x_wconf 84' lang='lat' dir='ltr'>paulo</span> 
     </span>
     <span class='ocr_line' id='line_1_91' title="bbox 987 2193 1689 2235; baseline -0.001 -10"><span class='ocrx_word' id='word_1_488' title='bbox 987 2195 1140 2235; x_wconf 77' lang='lat' dir='ltr'>superius</span> <span class='ocrx_word' id='word_1_489' title='bbox 1171 2195 1284 2226; x_wconf 59' lang='lat' dir='ltr'>Cacsar</span> <span class='ocrx_word' id='word_1_490' title='bbox 1314 2193 1444 2231; x_wconf 76' lang='lat' dir='ltr'>scribit,</span> <span class='ocrx_word' id='word_1_491' title='bbox 1475 2204 1514 2224; x_wconf 86' lang='lat' dir='ltr'>eo</span> <span class='ocrx_word' id='word_1_492' title='bbox 1546 2203 1581 2224; x_wconf 80' lang='lat' dir='ltr'>se</span> <span class='ocrx_word' id='word_1_493' title='bbox 1612 2194 1689 2225; x_wconf 81' lang='lat' dir='ltr'>loeo</span> 
     </span>
     <span class='ocr_line' id='line_1_92' title="bbox 987 2244 1690 2285; baseline 0 -10"><span class='ocrx_word' id='word_1_494' title='bbox 987 2250 1098 2275; x_wconf 65' lang='lat' dir='ltr'>ezr-tra</span> <span class='ocrx_word' id='word_1_495' title='bbox 1127 2244 1295 2283; x_wconf 84' lang='lat' dir='ltr'>hahuisse,</span> <span class='ocrx_word' id='word_1_496' title='bbox 1323 2254 1388 2285; x_wconf 89' lang='lat' dir='ltr'>quo</span> <span class='ocrx_word' id='word_1_497' title='bbox 1419 2254 1437 2274; x_wconf 87' lang='lat' dir='ltr'>a</span> <span class='ocrx_word' id='word_1_498' title='bbox 1466 2244 1630 2284; x_wconf 80' lang='lat' dir='ltr'>Sequanis</span> <span class='ocrx_word' id='word_1_499' title='bbox 1654 2248 1690 2275; x_wconf 90' lang='lat' dir='ltr'>et</span> 
     </span>
     <span class='ocr_line' id='line_1_93' title="bbox 988 2296 1688 2335; baseline 0 -9"><span class='ocrx_word' id='word_1_500' title='bbox 988 2296 1104 2326; x_wconf 66' lang='lat' dir='ltr'>lI-Tduis</span> <span class='ocrx_word' id='word_1_501' title='bbox 1159 2301 1366 2326; x_wconf 85' lang='lat' dir='ltr'>commeatus</span> <span class='ocrx_word' id='word_1_502' title='bbox 1418 2300 1688 2335; x_wconf 78' lang='lat' dir='ltr'>supportaretur.</span> 
     </span>
     <span class='ocr_line' id='line_1_94' title="bbox 987 2345 1689 2386; baseline -0.001 -10"><span class='ocrx_word' id='word_1_503' title='bbox 987 2345 1108 2386; x_wconf 84' lang='lat' dir='ltr'>Neque</span> <span class='ocrx_word' id='word_1_504' title='bbox 1125 2346 1244 2376; x_wconf 88' lang='lat' dir='ltr'>mirum</span> <span class='ocrx_word' id='word_1_505' title='bbox 1263 2346 1370 2376; x_wconf 73' lang='lat' dir='ltr'>videri</span> <span class='ocrx_word' id='word_1_506' title='bbox 1385 2350 1534 2385; x_wconf 79' lang='lat' dir='ltr'>oportet,</span> <span class='ocrx_word' id='word_1_507' title='bbox 1551 2345 1578 2376; x_wconf 75' lang='lat' dir='ltr'>si</span> <span class='ocrx_word' id='word_1_508' title='bbox 1594 2345 1689 2386; x_wconf 85' lang='lat' dir='ltr'>quin·</span> 
     </span>
     <span class='ocr_line' id='line_1_95' title="bbox 987 2396 1688 2437; baseline 0 -10"><span class='ocrx_word' id='word_1_509' title='bbox 987 2397 1148 2437; x_wconf 76' lang='lat' dir='ltr'>quaginta</span> <span class='ocrx_word' id='word_1_510' title='bbox 1183 2407 1338 2437; x_wconf 80' lang='lat' dir='ltr'>passuum</span> <span class='ocrx_word' id='word_1_511' title='bbox 1377 2396 1482 2427; x_wconf 86' lang='lat' dir='ltr'>millia</span> <span class='ocrx_word' id='word_1_512' title='bbox 1518 2396 1688 2435; x_wconf 65' lang='lat' dir='ltr'>fugientes</span> 
     </span>
     <span class='ocr_line' id='line_1_96' title="bbox 986 2445 1691 2478; baseline 0 -2"><span class='ocrx_word' id='word_1_513' title='bbox 986 2445 1152 2478; x_wconf 82' lang='lat' dir='ltr'>fecerint:</span> <span class='ocrx_word' id='word_1_514' title='bbox 1178 2456 1253 2477; x_wconf 85' lang='lat' dir='ltr'>eum</span> <span class='ocrx_word' id='word_1_515' title='bbox 1281 2447 1424 2478; x_wconf 79' lang='lat' dir='ltr'>Caesaris</span> <span class='ocrx_word' id='word_1_516' title='bbox 1447 2445 1617 2477; x_wconf 83' lang='lat' dir='ltr'>exereitus</span> <span class='ocrx_word' id='word_1_517' title='bbox 1643 2446 1691 2476; x_wconf 88' lang='lat' dir='ltr'>iu-</span> 
     </span>
     <span class='ocr_line' id='line_1_97' title="bbox 987 2496 1689 2535; baseline -0.003 -7"><span class='ocrx_word' id='word_1_518' title='bbox 987 2498 1121 2528; x_wconf 85' lang='lat' dir='ltr'>terdum</span> <span class='ocrx_word' id='word_1_519' title='bbox 1149 2508 1214 2528; x_wconf 93' lang='lat' dir='ltr'>uno</span> <span class='ocrx_word' id='word_1_520' title='bbox 1238 2497 1291 2528; x_wconf 87' lang='lat' dir='ltr'>die</span> <span class='ocrx_word' id='word_1_521' title='bbox 1321 2505 1386 2535; x_wconf 83' lang='lat' dir='ltr'>xx,</span> <span class='ocrx_word' id='word_1_522' title='bbox 1417 2496 1585 2527; x_wconf 83' lang='lat' dir='ltr'>interdum</span> <span class='ocrx_word' id='word_1_523' title='bbox 1611 2504 1689 2527; x_wconf 85' lang='lat' dir='ltr'>xxv</span> 
     </span>
     <span class='ocr_line' id='line_1_98' title="bbox 987 2548 1689 2584; baseline -0.001 -5"><span class='ocrx_word' id='word_1_524' title='bbox 987 2549 1091 2579; x_wconf 84' lang='lat' dir='ltr'>millia</span> <span class='ocrx_word' id='word_1_525' title='bbox 1105 2548 1291 2579; x_wconf 84' lang='lat' dir='ltr'>confecisse</span> <span class='ocrx_word' id='word_1_526' title='bbox 1309 2551 1460 2584; x_wconf 81' lang='lat' dir='ltr'>constet3</span> <span class='ocrx_word' id='word_1_527' title='bbox 1486 2552 1523 2577; x_wconf 92' lang='lat' dir='ltr'>ut</span> <span class='ocrx_word' id='word_1_528' title='bbox 1538 2557 1568 2577; x_wconf 82' lang='lat' dir='ltr'>v.</span> <span class='ocrx_word' id='word_1_529' title='bbox 1584 2549 1637 2577; x_wconf 79' lang='grc'>47.</span> <span class='ocrx_word' id='word_1_530' title='bbox 1654 2551 1689 2578; x_wconf 89' lang='lat' dir='ltr'>et</span> 
     </span>
     <span class='ocr_line' id='line_1_99' title="bbox 987 2597 1690 2638; baseline 0 -9"><span class='ocrx_word' id='word_1_531' title='bbox 987 2607 1051 2629; x_wconf 80' lang='lat' dir='ltr'>vu.</span> <span class='ocrx_word' id='word_1_532' title='bbox 1068 2602 1120 2630; x_wconf 70' lang='lat'>40.</span> <span class='ocrx_word' id='word_1_533' title='bbox 1145 2598 1308 2638; x_wconf 83' lang='lat' dir='ltr'>Vegetius</span> <span class='ocrx_word' id='word_1_534' title='bbox 1325 2602 1438 2628; x_wconf 88' lang='lat' dir='ltr'>autem</span> <span class='ocrx_word' id='word_1_535' title='bbox 1458 2606 1481 2629; x_wconf 89' lang='lat'>1.</span> <span class='ocrx_word' id='word_1_536' title='bbox 1497 2600 1528 2628; x_wconf 90' lang='grc'>9.</span> <span class='ocrx_word' id='word_1_537' title='bbox 1552 2597 1690 2637; x_wconf 85' lang='lat' dir='ltr'>scribat,</span> 
     </span>
     <span class='ocr_line' id='line_1_100' title="bbox 988 2646 1689 2690; baseline -0.003 -10"><span class='ocrx_word' id='word_1_538' title='bbox 988 2654 1123 2690; x_wconf 83' lang='lat' dir='ltr'>tyrones</span> <span class='ocrx_word' id='word_1_539' title='bbox 1139 2647 1228 2678; x_wconf 82' lang='lat' dir='ltr'>horis</span> <span class='ocrx_word' id='word_1_540' title='bbox 1253 2647 1399 2688; x_wconf 85' lang='lat' dir='ltr'>quinque</span> <span class='ocrx_word' id='word_1_541' title='bbox 1425 2647 1550 2677; x_wconf 79' lang='lat' dir='ltr'>aestivis</span> <span class='ocrx_word' id='word_1_542' title='bbox 1568 2646 1689 2688; x_wconf 81' lang='lat' dir='ltr'>viginti</span> 
     </span>
     <span class='ocr_line' id='line_1_101' title="bbox 987 2696 1688 2738; baseline -0.003 -9"><span class='ocrx_word' id='word_1_543' title='bbox 987 2704 1045 2729; x_wconf 89' lang='lat' dir='ltr'>aut</span> <span class='ocrx_word' id='word_1_544' title='bbox 1074 2697 1193 2738; x_wconf 86' lang='lat' dir='ltr'>viginti</span> <span class='ocrx_word' id='word_1_545' title='bbox 1224 2702 1368 2738; x_wconf 84' lang='lat' dir='ltr'>quatuor</span> <span class='ocrx_word' id='word_1_546' title='bbox 1398 2706 1554 2738; x_wconf 83' lang='lat' dir='ltr'>passuum</span> <span class='ocrx_word' id='word_1_547' title='bbox 1582 2696 1688 2728; x_wconf 86' lang='lat' dir='ltr'>millia</span> 
     </span>
     <span class='ocr_line' id='line_1_102' title="bbox 987 2747 1687 2789; baseline -0.001 -9"><span class='ocrx_word' id='word_1_548' title='bbox 987 2749 1160 2781; x_wconf 85' lang='lat' dir='ltr'>ambulare</span> <span class='ocrx_word' id='word_1_549' title='bbox 1177 2752 1236 2780; x_wconf 86' lang='lat' dir='ltr'>aut</span> <span class='ocrx_word' id='word_1_550' title='bbox 1260 2747 1360 2789; x_wconf 89' lang='lat' dir='ltr'>pleno</span> <span class='ocrx_word' id='word_1_551' title='bbox 1385 2747 1491 2789; x_wconf 80' lang='lat' dir='ltr'>gradu</span> <span class='ocrx_word' id='word_1_552' title='bbox 1507 2747 1687 2781; x_wconf 85' lang='lat' dir='ltr'>conficere.</span> 
     </span>
    </p>
   </div>
  </div>
 </body>
</html>
