1818 3131
255 205 369 248 1136

254 319 286 342 c.
305 313 359 342 44.
394 309 404 326 ‘
422 309 524 340 Acies
547 309 756 340 Maximiana
786 314 957 351 proterre-

253 365 321 399 tur,
339 361 410 400 ipse
427 360 459 389 in
476 358 591 399 fugam
611 368 728 389 versus
745 360 764 390 :¹
789 361 878 401 quod
903 370 959 391 ne-

253 420 421 452 quaquam
459 410 657 440 mutandnm
699 410 731 440 in
775 412 957 451 proteritur.

253 460 389 501 Apulei.
415 460 500 490 Met.
526 460 546 491 l.
563 469 620 491 111.
638 470 670 500 p.
688 463 739 492 40.
775 460 838 491 Ed.
865 460 957 492 Prie.

252 511 260 526 ‘
278 511 426 540 latrones
444 509 556 549 gladio
573 508 692 549 fugare
710 514 746 540 ct
766 514 958 550 proterrere

254 570 432 601 aggressus
450 570 521 591 sum
538 559 557 590 ;’
582 560 637 591 ubi
653 560 771 591 itidem
790 571 808 591 e
825 561 957 592 Bertin.

253 611 339 642 Cod.
370 611 507 651 Sciopp.
539 620 614 641 cum
644 610 729 642 Edd.
759 611 887 642 Wouw.
919 621 958 641 ac

250 661 400 692 Scriver.
415 664 498 701 pert.
526 660 654 691 Eadem
669 660 814 691 varietas
830 661 862 690 in
876 661 958 691 Mss.

252 720 318 742 vn.
343 713 397 742 71.
431 712 439 728 ‘
459 710 651 742 Glandibus
683 710 800 741 Gallos
828 715 958 750 perter-

251 760 349 792 rent.’
393 760 482 791 Vide
510 765 545 791 et
572 769 652 791 vni.
677 763 728 791 24.
763 761 772 777 ‘
792 759 959 790 Perterri-

252 816 323 843 tum
341 821 380 842 ac
396 811 607 851 fugientem)

296 865 335 893 121
375 863 446 893 Neu
474 862 633 901 quisquam
661 871 843 901 quemqnam
870 860 959 900 prius

250 914 437 952 vulneraret,
466 912 735 952 quam—videret]
779 912 862 942 Mss.
894 911 961 942 Eli-

252 975 322 996 ens.
340 968 376 995 et
388 963 498 994 Vossii
510 973 568 993 neu
581 963 654 1003 quis
672 972 771 1003 quein
783 962 958 1002 prius‚&c.

252 1016 320 1047 Ms.
337 1016 423 1055 Reg.
439 1024 496 1045 neu
512 1022 714 1054 quemquam
735 1013 826 1053 prins
846 1013 959 1043 vulne-

251 1070 381 1104 rarent,
406 1074 495 1104 quam
522 1063 690 1095 viderent.
717 1064 825 1094 Clark.
863 1063 959 1098 Quem

253 1124 316 1156 pro
334 1124 511 1155 quemquam
526 1118 580 1144 est
597 1114 630 1144 in
648 1113 814 1153 Bougars.
831 1123 882 1153 pr.
894 1123 959 1144 sec.

253 1166 376 1197 Petav.
413 1164 597 1204 Vossianis,
645 1163 814 1203 Egmund.
861 1163 958 1195 Gott.

251 1216 347 1248 Leia.
367 1221 447 1248 tert.
464 1220 500 1247 et
516 1216 579 1247 Ed.
606 1215 754 1246 Incerta.
787 1215 908 1254 Recte,
926 1215 958 1245 ni

252 1267 364 1298 fallor.
410 1266 465 1297 Sic
483 1267 549 1297 Ms.
571 1265 684 1297 Oxon.
703 1274 770 1296 vu.
787 1267 840 1295 40.
878 1265 886 1281 ‘
905 1265 960 1295 In-

253 1316 406 1352 terdicit,
437 1326 478 1347 ne
511 1315 584 1356 quis
625 1324 725 1355 quem
750 1313 960 1344 interficiat!

255 1367 447 1406 Quemquam
463 1365 571 1395 voluit
589 1365 690 1395 etiam
710 1364 959 1401 Hotornannus,

254 1426 331 1448 cum
366 1417 398 1445 in
437 1414 549 1445 Editis
594 1413 766 1445 inveniret
804 1423 959 1452 quemque.

254 1467 425 1506 Quisquam
450 1465 546 1495 alium
576 1464 673 1495 Leid.
706 1474 754 1504 pr.
779 1468 814 1494 et
838 1463 959 1493 Petav.

252 1527 316 1559 pro
330 1517 411 1547 Var.
427 1517 506 1547 lect.
518 1515 675 1555 quisquam
685 1514 815 1545 alterum
827 1513 938 1544 Oxon.
953 1524 959 1543 :

252 1568 321 1608 quis
337 1567 435 1598 deest
452 1567 485 1596 in
502 1565 601 1597 Leid.
616 1574 686 1596 sec.
704 1564 812 1604 Bong.
831 1568 912 1594 tert.
926 1568 963 1595 et

253 1617 386 1649 Buslid.
412 1616 505 1647 Dein
534 1616 730 1646 vulnerarent
761 1619 797 1645 et
824 1614 961 1644 viderent

256 1667 353 1699 Leid.
378 1676 445 1699 sec.
469 1665 529 1697 sed
554 1665 691 1696 vulneret
717 1668 769 1696 est
792 1663 827 1695 in
850 1664 960 1704 Bong.

466 1925 586 1973 DE
661 1924 970 1972 BELLO

885 2052 983 2089 LIB.

297 2170 382 2201 CAP.
398 2172 455 2200 1.3
481 2169 589 2201 Titum
603 2168 762 2209 Sextium]
780 2169 843 2200 Ha‘.
857 2179 958 2201 voces

253 2219 376 2251 absunt
394 2230 411 2250 a
428 2221 520 2251 Msto
538 2221 676 2251 Norvic.
693 2229 756 2251 nec
771 2229 827 2250 eas
844 2220 875 2250 in
898 2231 957 2250 sno

254 2270 383 2302 Codice
396 2271 478 2311 legit
492 2272 633 2302 Graecus
648 2271 829 2310 interpres.
846 2270 957 2301 Daris,

296 2320 475 2360 Delectum]
517 2321 627 2352 Pulm.
665 2320 820 2359 Sebeda,
848 2321 956 2361 Bong.

254 2379 307 2410 pr.
334 2378 402 2401 sec.
431 2370 527 2401 Voss.
556 2381 606 2411 pr.
636 2371 730 2410 Egm.
757 2370 868 2401 Oxou.
894 2371 958 2401 Lo-

252 2430 329 2452 van.
347 2426 383 2451 ct
405 2426 549 2462 quatuor
575 2422 631 2452 alii
655 2422 810 2453 (Iilcctnm.
857 2421 956 2453 Quod

252 2471 388 2512 passim,
401 2472 425 2501 si
443 2472 690 2503 substantivum
705 2472 760 2510 sit,
773 2472 804 2502 in
822 2472 956 2503 Caesare

252 2520 297 2552 ob
327 2531 529 2552 consensum
568 2522 824 2552 veterrimornm
857 2521 956 2552 Codi-

254 2579 343 2609 cum,
367 2576 402 2601 et
430 2572 576 2610 Festum,
597 2572 723 2610 recepi.
760 2573 851 2602 Nota
878 2577 956 2602 sunt

252 2621 412 2653 Virorum
435 2623 612 2654 doctorum
637 2623 860 2662 collectanea,
881 2634 955 2664 quae

254 2683 356 2714 super
386 2673 448 2704 hac
480 2683 562 2705 voce
599 2674 706 2705 ubivis
740 2685 955 2715 congessere,

253 2733 359 2762 qnare
376 2733 416 2754 ea
432 2724 497 2756 linc
514 2734 579 2755 non
596 2729 747 2765 repetam
763 2736 770 2754 ;
796 2725 876 2756 satis
899 2727 955 2756 lia-

255 2771 338 2803 bens
361 2773 465 2804 semel
481 2773 650 2807 monuisse
664 2773 712 2815 id,
728 2774 817 2816 quod
834 2774 954 2806 crebro

727 214 869 245 NOTAE
902 214 1168 246 VARIORUM
1204 215 1254 246 ΙΝ

1008 321 1057 352 pr.
1074 321 1141 342 sec.
1167 311 1290 341 Petav.
1307 310 1492 349 Vossianis,
1507 310 1631 352 Scalig.
1647 311 1711 355 Ega-

1007 362 1119 392 mund.
1138 361 1265 392 Lovan.
1278 361 1371 392 Leid.
1386 371 1437 402 pr.
1452 366 1486 393 et
1503 366 1583 394 tert.
1597 362 1711 395 Oxou.

1009 413 1142 443 Duker.
1175 413 1272 443 Gott.
1298 412 1450 452 aliisque,
1479 413 1529 444 nti
1556 418 1592 443 et
1623 413 1713 446 Edd.

1009 462 1125 502 primis
1142 468 1175 493 et
1193 463 1364 503 plerisque
1388 462 1548 503 antiquis,
1566 471 1628 493 nec
1647 472 1713 494 non

1009 512 1147 543 Vnst-os.
1177 513 1294 552 steph.
1324 513 1456 552 Grypli.
1486 518 1573 553 post.
1620 514 1713 546 Male

1008 562 1182 591 muneraret
1212 561 1320 592 Aldus
1353 563 1518 602 reposuit,
1543 573 1642 604 quem
1666 560 1715 596 SE-

1010 611 1080 642 cuti
1097 611 1230 651 Grypli.
1250 612 1366 642 Plaut.
1390 614 1478 644 Scal.
1495 618 1531 644 et
1547 614 1623 644 dein
1641 615 1715 645 reli-

1010 661 1079 701 qui.
1131 659 1297 691 vulnerent
1326 662 1432 702 Bong.
1458 668 1538 694 tert.
1565 664 1654 695 Nam
1678 669 1714 696 et

1009 719 1111 750 snpra
1123 714 1245 750 petant,
1259 721 1324 742 non
1339 716 1479 751 peterent
1495 718 1549 744 est
1565 714 1597 744 in
1618 714 1715 747 Leid.

1010 760 1130 800 primo,
1156 761 1282 801 Scalig.
1310 766 1345 792 et
1370 762 1483 793 Oxon.
1512 772 1551 793 ac
1576 763 1640 794 Ed.
1667 763 1714 796 R.

1009 812 1185 852 Stephani.
1220 812 1310 842 Dein
1330 821 1390 852 pro
1405 812 1520 843 videret
1540 813 1646 854 Bong.
1662 823 1714 854 pr.

1010 871 1077 892 sec.
1097 863 1218 893 Petav.
1235 863 1360 903 Sealig.
1378 863 1491 894 Oxon.
1510 868 1545 895 et
1562 864 1620 894 alii
1637 874 1714 896 cum

1010 912 1074 943 Ed.
1122 913 1209 943 Yen.
1244 916 1335 944 1517.
1382 914 1485 944 Vasc.
1536 914 1715 955 Stephani,

1011 962 1143 1002 Grypli.
1170 967 1259 1003 post.
1281 967 1316 994 et
1343 963 1496 1003 pluribus
1520 965 1645 996 viderit.
1670 965 1714 997 V.

1010 1011 1052 1041 ad
1079 1021 1108 1042 c.
1126 1015 1179 1043 27.
1225 1013 1398 1053 Rescripsi
1422 1014 1527 1054 igitur
1555 1014 1622 1046 fide
1646 1021 1715 1047 tam

1010 1067 1220 1094 vetustorum
1253 1064 1416 1095 Codicum
1448 1067 1456 1082 ⁶
1475 1071 1595 1106 petant
1637 1066 1715 1098 Ind.

1010 1122 1074 1144 neu
1095 1113 1169 1153 quis
1187 1114 1309 1154 quenz(
1334 1115 1366 1146 id
1384 1121 1436 1146 est
1458 1117 1604 1158 aliquem
1620 1118 1629 1135 ‘
1647 1117 1716 1158 pri-

1011 1172 1049 1192 ns
1076 1163 1247 1203 vulnerer,
1278 1174 1378 1205 quain
1408 1166 1502 1197 illum
1533 1167 1594 1198 int.
1623 1166 1715 1199 vide-

1010 1212 1076 1243 rit.'

1055 1266 1094 1293 19
1120 1265 1155 1294 In
1173 1265 1237 1305 ipso
1242 1266 1390 1306 fluminis
1411 1268 1488 1298 vado
1510 1268 1716 1308 deprehensus

1010 1314 1244 1346 Induciomarus
1260 1317 1457 1359 interficitur,
1477 1323 1627 1359 caputque
1649 1320 1715 1357 ejus

1008 1363 1145 1401 refertur
1160 1366 1191 1395 in
1206 1367 1324 1406 castra]
1351 1368 1405 1398 De
1422 1369 1484 1399 liac
1502 1378 1538 1399 re
1556 1374 1651 1410 gesta
1667 1370 1715 1400 sic

1012 1414 1130 1445 Florus
1147 1424 1202 1446 111.
1221 1418 1271 1447 10.
1297 1418 1305 1433 ⁶
1324 1416 1579 1449 Indnciomarus
1597 1419 1716 1450 Trevi—

1011 1467 1337 1498 ros—convocavit:
1363 1468 1420 1499 ille
1438 1468 1718 1502 fortiteranola-

1011 1514 1101 1545 bella
1135 1522 1320 1548 summotus
1360 1519 1573 1561 relatumque
1608 1520 1714 1562 Regis

1012 1565 1137 1605 caput:
1181 1566 1248 1597 Sed
1272 1568 1442 1600 memoriae
1459 1569 1542 1601 vitio
1558 1570 1591 1601 id
1610 1570 1714 1601 Dola-

1011 1614 1109 1645 bellae
1124 1615 1256 1656 tribuit,
1274 1617 1362 1658 quod
1381 1618 1420 1649 T.
1435 1619 1583 1650 Labieno
1593 1629 1713 1662 accep-

1012 1669 1082 1695 tum
1100 1670 1175 1696 crat
1190 1665 1376 1705 ferendum.
1422 1669 1533 1701 Datis.

1045 1924 1485 1975 GALLICO.

1018 2052 1082 2088 ri.

1007 2169 1094 2200 infra
1124 2174 1302 2208 recnrret;
1337 2170 1460 2211 quibus
1487 2170 1520 2202 in
1546 2171 1630 2202 locis
1655 2180 1713 2203 eos

1008 2220 1133 2250 notabo
1147 2219 1295 2259 codices,
1313 2230 1332 2251 e
1348 2220 1470 2261 quibus
1487 2221 1498 2250 ι’
1515 2221 1661 2261 reposui.

1051 2273 1068 2299 5
1104 2270 1265 2310 maneret]
1302 2270 1477 2311 Rescripsi
1506 2270 1711 2302 auctoritate

1008 2321 1179 2351 Mstorum
1209 2329 1359 2350 meorum
1391 2323 1442 2352 15.
1478 2325 1513 2351 et
1544 2320 1608 2351 Ed.
1637 2320 1710 2351 Inc.

1007 2372 1188 2400 remaneret.
1234 2369 1272 2400 Iu
1291 2369 1381 2400 And.
1400 2369 1494 2401 Leid.
1521 2379 1572 2410 pr.
1590 2369 1710 2410 Cujac.

1007 2425 1042 2451 et
1060 2421 1174 2452 Oxou.
1197 2427 1249 2452 est
1267 2420 1453 2452 remanebat.
1498 2418 1622 2459 Scalig.
1645 2428 1710 2449 ma·

1006 2471 1109 2502 nebat.

1049 2525 1069 2552 6
1108 2522 1248 2551 Consulis
1294 2524 1484 2552 sacramento
1525 2519 1709 2560 rogavisset]

1009 2571 1191 2611 Pompeius
1207 2571 1268 2602 lioc
1287 2580 1386 2606 anno,
1408 2575 1444 2600 ut
1465 2569 1577 2599 statim
1595 2570 1709 2601 Caesar

1007 2620 1104 2659 dixit,
1121 2621 1299 2660 proconsul
1324 2625 1410 2657 erat,
1433 2619 1606 2659 superiore
1630 2629 1708 2650 con-

1005 2671 1065 2702 sul.
1112 2671 1210 2701 Unde
1227 2671 1286 2701 viri
1311 2670 1402 2701 docti
1424 2680 1483 2710 pro
1507 2670 1639 2701 consulis
1661 2671 1708 2701 le-

1005 2725 1089 2762 gunt
1116 2722 1228 2752 consul.
1276 2722 1322 2752 Ut
1338 2722 1392 2761 sit,
1406 2731 1480 2761 quos
1492 2720 1708 2761 (Pompeius)

1003 2773 1106 2804 consul
1119 2775 1310 2804 sacramento
1326 2775 1502 2812 rogaverat.
1523 2772 1612 2803 Saue
1628 2779 1706 2803 con-
