1818 3131
377 190 469 219 ι.ιιι.
505 189 546 218 v.
579 187 688 217 CAP.
716 176 787 217 49.
823 188 883 217 Du
920 187 1073 218 nunno
1106 188 1335 218 GAmeo.

165 287 204 316 10
229 286 308 316 (ἀιιι
322 285 449 325 epistol«
469 284 511 315 «ut
532 286 686 314 monendum
700 281 817 320 ‹hliga-

119 336 167 377 ta]
192 336 281 366 Nota
309 345 400 366 usum
427 334 551 366 umenti
567 334 598 363 in
615 331 736 370 literis,
759 330 816 361 ubi

120 394 181 425 per
204 390 316 416 castra
340 383 474 415 hostilia
490 382 659 423 penetrari
685 379 816 421 nequit,

121 434 163 465 ad
188 435 342 465 obsessos
369 432 551 463 mittendi-3.
597 430 663 462 Sed
691 429 766 461 finis
783 440 816 460 a·

118 489 307 522 mentorum
320 482 397 521 suit,
410 487 447 513 ut
459 482 599 512 validius
614 486 815 522 contorque-

119 539 248 567 rentur.
272 532 370 564 Undc
387 532 542 564 Numidis
555 532 689 562 noxium
701 530 817 570 fuisse,

115 584 206 626 quod
222 584 262 614 iis
277 584 558 622 destituerentur,
585 583 744 614 discimus
772 592 814 613 ex

117 634 240 668 Orosio
259 644 293 665 v.
312 637 362 665 15.
380 634 435 665 ubi
451 634 493 665 de
508 633 621 674 pluvia
644 633 813 674 loquitur:

114 683 125 700 ‘
144 683 254 715 Porro
271 689 382 715 autem
402 683 558 715 Numidis
581 682 715 714 hastilia
731 682 814 714 telo-

115 742 201 772 tuni,
211 743 286 774 qua»
300 743 398 765 mauu
415 734 607 774 intorquere
620 733 691 764 sine
705 742 816 764 amen-

113 783 157 815 tis
173 785 294 823 solent,
310 784 450 823 lubrica,
467 794 506 815 ac
521 793 583 825 per
597 784 659 814 hoc
682 783 815 814 inutilia

115 833 286 870 reddidit.'
309 835 407 865 Idmn.

160 886 195 913 11
214 882 365 922 Ahficiut]
383 883 477 916 Lcid.
494 893 544 924 pr.
559 882 692 920 objiciat.
718 882 814 912 Unus

111 942 189 965 cum
210 933 297 965 Eud.
325 935 363 964 R.
379 934 554 976 Stephani,
567 933 713 972 Stradae,
728 937 813 974 post.

113 982 270 1024 Gry-plui,
297 984 423 1016 Clarkii
449 985 588 1023 adjiciat.
645 985 722 1016 Quo
748 993 813 1015 non

112 1041 197 1073 opus
225 1042 299 1065 esse
329 1042 423 1074 puto.
468 1035 613 1072 Adjicere
638 1041 690 1066 est
706 1044 745 1065 eo
763 1035 814 1075 ja-

112 1090 202 1122 cere,
225 1087 264 1114 nt
290 1083 495 1116 destinatum
513 1090 633 1125 tangat
649 1094 810 1125 scopum:

110 1132 189 1164 vide
220 1142 259 1164 ιι.
285 1137 338 1166 21.
363 1140 399 1166 et
426 1135 516 1166 alibi.
553 1135 687 1166 Monuit
712 1133 811 1166 inodo

109 1176 240 1227 Caesar,
262 1190 301 1215 ut
328 1185 369 1216 ab
391 1194 427 1216 se
452 1194 525 1216 eam
552 1185 736 1226 projiceret
753 1185 812 1223 ita,

111 1236 150 1271 ut
172 1234 312 1266 caderet
339 1235 428 1266 iutra
454 1241 578 1266 castra.
624 1235 711 1266 vide
737 1235 811 1266 Cel.

109 1283 228 1326 Βυιιιι.
255 1285 297 1316 ad
323 1285 425 1316 ovid.
451 1285 527 1317 Αιιι.
554 1286 575 1316 l.
593 1295 618 1316 ι.
641 1286 694 1317 El.
711 1289 741 1317 7.
760 1289 811 1316 12.

109 1335 126 1381 f
139 1335 297 1368 Qualiter
330 1337 468 1377 abjecta
507 1337 548 1367 dc
584 1337 661 1367 nive
698 1341 813 1367 manat

113 1385 231 1425 aquaz'
266 1387 322 1416 ubi
354 1387 388 1416 iu
419 1386 685 1417 Mssnonnuuis
710 1387 814 1416 etiam

111 1433 240 1476 objecta.
263 1436 306 1467 B.
320 1437 393 1468 Civ.
409 1446 464 1468 ιιι.
477 1440 528 1468 56.
555 1440 563 1453 ⁴
579 1436 627 1467 Ut
640 1437 812 1468 exercitus

110 1485 189 1516 telis
203 1495 244 1516 ex
263 1487 348 1518 vallo
361 1487 504 1527 abjectis
522 1487 655 1527 protegi
670 1486 813 1527 posset:'

110 1537 169 1569 ubi
193 1548 307 1570 rursus
336 1540 489 1578 turbant,
508 1545 546 1571 ut
571 1544 605 1570 et
633 1540 673 1570 B.
692 1538 767 1569 Afr.
783 1549 813 1570 c.

112 1591 164 1620 66.
183 1592 219 1619 et
237 1589 277 1620 B.
296 1590 395 1630 Hisp.
413 1600 442 1622 c.
462 1593 512 1621 18.
536 1591 544 1606 ‘
564 1589 697 1620 litteras
721 1589 814 1630 oppi-

108 1637 208 1669 danis
224 1639 386 1679 abjecitz'
411 1645 448 1670 ut
464 1640 565 1670 malo.

156 1693 196 1722 14
215 1691 381 1730 Tragulam
398 1691 514 1732 mittit]
536 1692 713 1733 Tanquam
730 1701 814 1722 unus

111 1749 156 1775 ex
182 1741 345 1773 hostibus.
372 1742 464 1773 Dion
494 1743 516 1773 l.
534 1751 591 1773 xx..
617 1752 649 1782 p.
676 1744 747 1773 125.
772 1741 815 1774 A.

103 1789 206 1821 “offas
222 1789 296 1820 αὐτὸ
310 1790 482 1831 (ἀκόντιον)
505 1791 536 1822 ἐς
557 1790 629 1822 τοὺς
650 1790 816 1829 πολεμίους

107 1840 202 1882 (lege
216 1840 256 1872 ὣς
270 1841 300 1872 ἐς
311 1840 383 1872 τοὺς
403 1841 583 1881 πολεμίους)
608 1840 683 1882 πρὸς
697 1841 815 1882 mia-you

109 1889 285 1929 ἐξεπίτηδες
305 1891 488 1932 προσ-ἔπηξε.
531 1892 600 1924 Sed
616 1902 659 1923 ex
676 1893 813 1924 Caesare

108 1940 230 1982 liquet,
247 1951 313 1973 non
329 1944 366 1974 de
382 1943 548 1983 industria,
574 1942 633 1974 secl
659 1952 738 1974 casu
759 1943 814 1983 ja-

109 1991 221 2023 culum
238 1993 323 2024 turri
336 1992 441 2025 fuisse
454 1993 607 2025 infixum.
652 1993 769 2025 Dat-is.

114 2073 120 2077 ,
155 2045 193 2073 17
218 2043 259 2074 In
273 2048 422 2076 conventu
436 2044 571 2076 militum
592 2043 720 2084 recitat]
743 2043 813 2075 Ob-

110 2093 313 2128 servandum
326 2094 476 2126 arbitror
485 2094 627 2126 verbum
646 2097 813 2126 conventu:

111 2150 178 2176 non
216 2143 305 2174 enim
342 2144 431 2175 dixit
467 2145 499 2175 in
527 2145 667 2176 concione
683 2156 696 2182 ‚·
734 2144 813 2185 quia

112 2190 239 2222 Graecc
264 2202 331 2223 non
357 2203 473 2225 omnes
502 2195 624 2226 milites
646 2195 813 2236 intellige·

111 2239 218 2272 bant:
249 2243 309 2274 sed
344 2243 606 2285 aliquaimnultis
641 2244 814 2278 familiari-

113 2290 190 2332 bus,
206 2297 242 2324 et
258 2292 388 2325 Graecae
402 2294 525 2335 linguae
542 2295 660 2335 peritis
672 2296 812 2337 coactis,

110 2341 170 2383 qui
182 2341 344 2384 deinceps
357 2344 481 2375 ceteris
490 2350 712 2385 exponerent.
729 2346 814 2378 Erat

110 2401 193 2434 ergo
222 2394 403 2433 Consilium,
431 2394 554 2434 Concio,
576 2398 610 2426 et
629 2395 812 2428 Conventus.

111 2442 168 2476 Ad
181 2444 342 2475 consilium
355 2444 602 2476 adhibebantur
617 2445 734 2486 legati,
756 2445 813 2477 tri·

111 2493 207 2535 huni,
224 2500 434 2537 quaestores;
466 2496 510 2528 ad
533 2497 715 2537 concionem,
746 2507 812 2529 om-

112 2551 172 2583 nes
186 2556 195 2586 ;
211 2546 254 2577 ad
268 2550 459 2588 contentum,
470 2548 644 2588 proximus
657 2547 810 2589 quisque.

114 2596 280 2631 Hotoman.
324 2597 440 2629 Inauis
465 2598 600 2629 videtur
625 2599 697 2630 haec
724 2598 813 2630 iuter

112 2650 290 2680 emmaum
300 2652 336 2679 et
343 2648 503 2680 consilium
511 2648 698 2690 distinctio,
712 2660 811 2691 quam

116 2698 228 2731 tamen
244 2697 343 2729 avide
358 2699 535 2743 amplexus
551 2704 604 2731 est
627 2700 727 2733 Joan.
745 2700 812 2732 Go-

116 2743 247 2787 dniuus.
270 2747 328 2780 Eae
345 2753 439 2782 certe
454 2759 557 2783 voees
572 2751 606 2783 in
620 2750 718 2785 bonis
735 2760 812 2784 auc-

1454 180 1565 222 1127

868 283 997 312 toribus
1027 281 1290 315 confunduntur.
1335 281 1458 324 Dictys
1485 284 1567 315 Cre-

869 333 971 362 tonsis
991 343 1027 364 ιι.
1046 338 1097 364 29.
1123 334 1166 365 (le
1193 334 1340 365 omnium
1368 334 1567 365 Graecorum

868 383 1011 412 concilio
1047 385 1094 415 sic
1130 385 1294 425 loquitur3
1327 386 1335 401 ‘
1359 384 1435 415 Tali
1465 384 1566 416 modo

867 439 1037 463 conventu
1068 435 1257 466 dissoluto?
1283 442 1317 467 ct
1342 446 1372 467 c.
1404 438 1456 467 30.
1481 437 1490 453 ‘
1509 435 1567 468 de-

866 481 1059 515 functorum
1096 495 1239 526 corpora
1271 487 1498 517 miserandum
1534 487 1569 518 in

866 533 1001 564 modum
1027 535 1200 575 confecta,
1226 537 1375 578 undique
1405 537 1439 567 in
1465 546 1567 568 unum

866 583 1098 625 colligijubet,
1112 590 1214 626 atque
1240 587 1273 617 in
1297 592 1466 618 conventu
1488 592 1568 618 ante

866 644 925 666 ora
939 636 1088 666 omnium
1105 637 1247 677 projici!
1291 638 1345 669 Sic
1364 638 1568 670 Claudianus

866 685 898 715 in
921 684 1078 717 Rufinum
1095 695 1118 717 1.
1134 689 1186 717 61.
1209 691 1386 718 concentum
1403 686 1569 718 furiarum

866 734 954 767 dicit
981 735 1028 775 id,
1045 736 1136 777 quod
1161 741 1262 767 antea
1277 747 1323 769 νε.
1339 740 1391 768 28.
1408 737 1570 768 concilium

866 791 1059 817 vocaverat.
1083 786 1194 818 Dat-is.
1220 786 1308 817 Vide
1325 788 1463 818 Festum
1482 788 1514 818 in
1526 788 1570 819 V.

865 837 1023 867 consilium
1039 841 1075 868 et
1089 842 1262 869 conventus.

913 895 1011 918 xmx.
1029 890 1047 918 3
1064 888 1280 929 Armatorum]
1296 885 1403 929 Bong.
1427 898 1477 929 pr.
1499 896 1569 920 sec.

868 938 987 969 Petnv.
999 939 1091 969 Leid.
1100 948 1151 979 pr.
1161 941 1258 971 Voss.
1272 950 1321 980 pr.
1332 941 1455 971 Lovau.
1470 945 1504 971 et
1515 940 1572 970 alii

865 989 1014 1030 quinque
1027 999 1101 1020 cum
1120 989 1182 1021 Ed.
1199 991 1336 1022 Incerta
1345 994 1484 1021 urinueoe.
1514 991 1569 1021 De

866 1048 932 1079 quo
946 1039 1090 1079 amplius
1108 1039 1302 1071 videndum.
1351 1042 1439 1071 Nam
1453 1040 1570 1070 armati

865 1093 1035 1127 ponuntur
1051 1099 1113 1129 pro
1128 1090 1290 1120 militibus.
1331 1091 1448 1130 Nepos
1465 1089 1571 1121 Dion.

863 1141 894 1170 9.
915 1140 927 1154 ‘
942 1140 1073 1170 Navem
1090 1140 1227 1171 armatis
1244 1146 1343 1171 ornat
1355 1140 1374 1170 ε’
1399 1150 1465 1181 quo
1483 1140 1570 1178 loco,

864 1197 974 1230 neque
998 1189 1126 1222 Justini
1153 1190 1201 1221 ibi
1229 1189 1389 1228 adducto,
1408 1190 1490 1220 nihil
1514 1194 1570 1220 est

864 1239 1074 1270 mutandum.
1098 1241 1169 1271 Liv.
1196 1249 1222 1270 1.
1251 1243 1303 1271 29.
1341 1242 1349 1256 ‘
1368 1240 1496 1270 Cursus
1520 1249 1570 1270 ar-

865 1293 1027 1321 matorum
1040 1290 1059 1320 :’
1083 1299 1186 1331 supra
1196 1299 1252 1321 ιιι.
1270 1292 1301 1320 3.
1317 1291 1326 1306 ⁴
1342 1289 1569 1320 Multitudine

864 1339 1092 1371 armatorum!
1117 1339 1209 1371 Hirt.
1239 1348 1320 1370 vm.
1345 1342 1395 1370 14.
1427 1341 1435 1355 ‘
1453 1339 1569 1379 eopiis

863 1394 1073 1420 armatorum
1098 1390 1170 1420 vias
1195 1397 1255 1430 pro
1284 1390 1352 1421 suis
1376 1391 1497 1421 castris
1520 1391 1570 1420 in-

864 1439 1023 1470 struunt!
1069 1439 1117 1471 At
1142 1440 1231 1471 idem
1255 1450 1285 1471 c.
1310 1443 1363 1471 35.
1396 1442 1405 1457 ‘
1421 1450 1498 1471 curn
1514 1449 1570 1471 co—

864 1489 1016 1520 hortibus
1033 1491 1171 1520 armatis
1186 1500 1228 1520 ex
1245 1490 1406 1530 proximis
1423 1489 1572 1521 castellis

864 1540 1017 1580 inpetum
1046 1540 1157 1572 fecitz’
1194 1540 1259 1571 nisi
1285 1540 1332 1571 ibi
1352 1540 1570 1581 jungendum

865 1600 942 1620 arm.
957 1600 996 1620 ez
1007 1601 1041 1630 p.

908 1644 926 1670 5
952 1639 1102 1680 Deferat]
1131 1640 1248 1681 Cujac.
1273 1641 1383 1672 Oxon.
1411 1645 1446 1671 et
1471 1640 1569 1680 Leid.

866 1690 963 1731 prim.
979 1690 1107 1721 habent
1121 1690 1252 1732 referat,
1268 1701 1328 1732 pro
1344 1692 1457 1722 iterum
1465 1691 1569 1732 serat,

866 1745 901 1771 et
916 1741 1029 1780 repetit
1046 1751 1106 1781 pro
1121 1741 1233 1772 iterum
1246 1743 1336 1782 pstit.
1383 1742 1484 1775 Quod
1500 1744 1571 1783 pla·

866 1795 940 1821 cet:
959 1796 995 1821 et
1010 1791 1156 1822 hincilla
1166 1792 1283 1822 littera
1294 1791 1430 1823 rforsan
1444 1793 1569 1824 uatain

865 1850 969 1881 praec.
985 1851 1069 1872 voce
1098 1851 1159 1882 pro
1182 1843 1307 1881 repetit.
1353 1843 1478 1874 Horat.
1497 1843 1568 1875 Od.

864 1900 888 1921 1.
908 1893 960 1923 14.
992 1891 1001 1908 ‘
1018 1891 1048 1922 Ο
1065 1892 1172 1932 navis,
1195 1891 1345 1924 referent
1366 1893 1399 1923 in
1423 1902 1515 1925 mare
1533 1899 1569 1926 te

863 1942 941 1972 novi
957 1942 1123 1973 Fluctus!
1169 1943 1224 1974 Ita
1250 1952 1347 1974 sacra
1373 1953 1484 1975 annua
1512 1945 1567 1978 vel

863 1993 929 2024 alia
940 1992 1053 2031 referri
1064 1994 1238 2033 dicuntur,
1248 2004 1322 2035 qu‘ae
1337 1995 1568 2028 instaurantur

862 2047 898 2073 et
925 2047 1139 2084 repetuntur.
1184 2043 1272 2075 Vide
1300 2044 1352 2075 Cl.
1379 2045 1495 2077 Burm.
1525 2045 1568 2076 ad

863 2092 967 2125 Ovid.
984 2093 1083 2125 Rem.
1101 2093 1264 2125 Am.593.
1286 2094 1296 2110 ‘
1309 2094 1568 2128 referensTrie·

863 2143 1136 2175 tericaBacclio.'
1149 2142 1250 2175 Adde
1259 2145 1386 2177 Lucan.
1395 2155 1420 2176 1.
1431 2148 1484 2178 74.
1494 2149 1568 2179 180.

904 2196 923 2224 7
961 2195 1148 2235 Omnemque
1178 2195 1220 2226 ad
1245 2204 1314 2226 eum
1339 2196 1569 2228 multitudinem

860 2244 1060 2284 convertisse]
1095 2244 1303 2276 Conversam
1333 2255 1420 2277 esse.
1465 2246 1568 2278 Silius

862 2294 1003 2325 Italicus
1027 2303 1079 2326 lx.
1105 2297 1179 2325 646.
1213 2297 1222 2311 ‘
1237 2295 1416 2327 Convertit
1430 2295 1568 2327 Varro!

862 2345 1111 2386 Symmaehusl.
1123 2354 1147 2376 1.
1160 2346 1224 2386 Ep.
1240 2349 1268 2377 1.
1285 2346 1378 2378 ‘Nec
1390 2346 1470 2377 mihi
1485 2347 1569 2378 vitio

862 2401 975 2428 vertat
987 2397 1189 2428 intermissio
1199 2396 1417 2428 litterarum)
1429 2397 1569 2429 Curtius

863 2456 914 2479 Ν.
930 2450 959 2479 6.
975 2450 1030 2479 29.
1075 2447 1084 2464 ‘
1102 2447 1161 2478 Ira
1186 2447 1310 2479 deinde
1334 2447 1440 2479 vertit
1466 2448 1500 2479 in
1517 2456 1568 2478 ra-

862 2499 978 2531 biem.'
1003 2500 1132 2532 Nescio
1148 2500 1239 2531 enim
1254 2510 1354 2542 quam
1370 2499 1412 2530 ob
1429 2508 1566 2531 causam

861 2551 963 2584 Joan.
990 2551 1238 2584 Freinshemius
1271 2552 1469 2590 arbitretur,
1498 2549 1568 2590 pri-

861 2610 950 2633 mam
976 2611 1096 2634 vocem
1125 2603 1159 2633 in
1188 2607 1286 2634 sexto
1312 2612 1392 2633 casu
1420 2600 1566 2642 positam

837 2689 848 2698 .
863 2660 948 2684 esse.
992 2652 1121 2684 Eodem
1137 2653 1239 2684 modo
1261 2653 1445 2693 loquuntur
1460 2650 1564 2682 etiam

861 2702 929 2743 alii,
949 2707 988 2735 ut
1019 2703 1134 2742 multis
1167 2702 1332 2743 exemplis
1362 2700 1565 2732 monstravit

861 2752 970 2786 Aldus
985 2754 1161 2787 Manutius
1183 2753 1226 2786 ad
1247 2751 1397 2785 Sallustii
1413 2751 1515 2784 Catil.
1531 2761 1567 2791 c„
