1818 3131
391 223 482 254 mn.
513 222 544 252 1.
575 221 682 250 CAP.
703 211 745 251 4.
781 221 842 250 nu
875 221 1030 251 annno
1062 221 1234 251 elvini.

92 319 191 346 vatus
216 315 371 356 redisset,
390 315 529 347 Milonis
543 314 710 354 exemplo,
728 314 792 344 cir-

94 366 293 407 cumpositis
324 366 473 406 armatis,
509 373 662 396 caussam
700 364 791 404 apud

85 417 221 456 jndices
237 417 379 454 diceret,
403 420 493 447 teste
516 414 677 445 Suetonio
695 423 725 446 c.
739 417 791 445 30.

93 466 162 497 Pro
177 466 311 497 tribunis
326 467 390 497 mil.
416 469 532 506 posset
548 464 650 495 etiam
667 464 792 504 simpli-

94 515 179 546 citer
195 515 297 546 scribi
315 515 460 553 tribunis,
484 519 520 545 ut
548 513 668 545 crebro
691 514 791 545 solet.

95 564 201 595 Plebis
225 564 350 595 addere
381 564 492 604 potuit
522 563 689 604 librarius,
722 573 794 595 cre-

94 614 177 645 dens
189 614 232 645 de
252 614 398 645 Tribunis
411 613 507 654 plebis
523 615 588 654 agi.

137 666 174 694 ll
200 662 311 694 Libere
322 667 461 703 potestas
474 662 673 703 decernendi]
703 664 792 705 Lege

94 722 170 744 cum
186 713 348 753 Bongars.
367 714 470 744 tertio
493 714 591 745 libera
612 714 794 745 decernendi

90 767 237 804 potestas.
272 763 361 794 Vide
376 764 418 794 ad
436 765 475 795 B.
489 764 532 796 G.
553 773 630 795 vni.
647 766 700 795 32.
727 764 793 794 Da-

95 815 150 844 tis.
178 823 331 845 cunsec.
379 815 626 846 Recentissimo
652 815 707 845 isti
732 815 794 845 Co-

94 864 162 895 (lici
186 865 296 895 nullus
318 873 467 895 meorum
485 864 681 896 subscribit.
726 863 794 895 Sed

94 915 158 945 dec.
171 918 284 954 potest.
300 919 353 945 est
377 914 410 945 in
432 914 606 953 omnibus;
631 924 729 955 quem
745 914 794 946 id-

94 964 187 995 circo
210 964 363 995 ordinem
388 965 536 1005 reposui.
581 965 663 996 Hirt
684 964 726 995 de
752 965 792 995 B.

95 1013 197 1046 Alex.
214 1025 242 1046 c.
260 1018 292 1045 8.
318 1015 326 1030 ‘
344 1015 440 1046 Mare
464 1015 571 1046 libere
603 1019 758 1046 tenerent
777 1014 795 1046 ι’

95 1063 153 1094 ubi
170 1064 338 1104 potuisset
353 1064 465 1095 dicere
481 1065 623 1096 liberum.

138 1123 189 1145 1v.
205 1117 226 1145 2
251 1115 399 1145 Catonem
414 1118 528 1146 veteres
540 1115 714 1146 inimicitia?
729 1115 796 1145 Cae-

94 1167 176 1197 saris
190 1167 337 1205 incitant,
360 1170 390 1198 et
404 1167 490 1197 dolor
504 1167 646 1207 repulsae]
663 1166 796 1197 Falsum

96 1221 302 1258 utrumque:
338 1217 426 1248 solus
468 1217 631 1249 Catonem
669 1216 797 1257 publici

96 1275 190 1298 amor
200 1266 345 1307 impulit,
359 1267 416 1308 qni
434 1272 558 1304 tantus,
571 1271 609 1298 ut
622 1276 684 1298 nec
697 1267 797 1297 Poni-

99 1317 177 1357 peio
194 1317 330 1358 quidem
360 1316 442 1348 satis
467 1315 614 1356 faveret,
637 1317 716 1357 qnia
731 1315 799 1347 for-

98 1367 295 1399 midolosam
318 1367 418 1408 Reip.
442 1367 629 1408 potentiam
653 1368 727 1407 ejus
744 1367 799 1407 ju-

99 1417 252 1449 dicabat.
299 1418 427 1448 Narrat
444 1417 648 1448 Plutarchus
676 1417 709 1447 in
733 1417 801 1448 vita

99 1467 270 1509 Pompeii,
318 1478 395 1499 cum
437 1467 617 1507 Pompeius
651 1472 802 1497 senatus-

100 1519 256 1550 consulto
272 1518 389 1549 consul
412 1516 522 1548 factus
538 1522 641 1557 esset,
662 1517 803 1548 comiter

102 1567 145 1598 ab
161 1577 202 1599 eo
217 1568 429 1609 appellatum
445 1568 625 1606 Catonem,
649 1571 684 1598 et
707 1576 803 1606 roga-

103 1618 192 1649 visse
210 1617 352 1656 Cneum,
376 1617 426 1648 uti
443 1626 478 1648 se
495 1617 636 1648 consilio
653 1617 803 1657 juvaret.

103 1668 196 1699 Dein
213 1667 343 1707 subdit,
367 1665 476 1698 Κάτων
492 1667 524 1698 δὲ
540 1665 630 1707 χάριν
648 1666 704 1705 μὲν
720 1666 805 1705 ἔχειν

102 1718 184 1757 αὐτῷ
197 1717 252 1748 τὸν
268 1717 428 1756 Πομπήϊον
442 1717 497 1748 οὐκ
517 1717 601 1756 ἠξίου
616 1717 667 1758 (δι’
690 1717 805 1747 ἐκεῖνον

102 1768 176 1809 γὰρ,
199 1766 240 1799 ὧν
263 1766 359 1807 εἶπεν,
380 1766 467 1799 οὐδὲν
487 1766 593 1806 εἰπεῖν,
617 1767 666 1798 διὰ
691 1766 724 1797 δὲ
748 1766 807 1803 τὴν

104 1816 216 1859 πόλιν)
230 1817 354 1848 ἔσεσθαι
379 1817 411 1848 δὲ
437 1816 614 1855 σύμβουλος
637 1816 696 1857 ἰδίᾳ
710 1829 806 1857 παρα-

106 1867 305 1907 καλούμενος·
330 1867 382 1898 ἐὰν
397 1867 430 1898 δὲ
445 1867 488 1906 μὴ
501 1869 732 1907 παρακαλῆται,
758 1868 807 1903 δη-

103 1917 197 1959 μοσίᾳ
223 1916 352 1958 φράσειν
381 1917 418 1948 τὸ
445 1916 636 1957 φαινόμενον·
670 1918 809 1948 τοιοῦτος

105 1967 159 2000 οὖν
185 1968 296 2000 Κάτων
320 1969 352 1999 ἐν
381 1969 478 2000 πᾶσιε
509 1969 587 1999 Cato
603 1978 672 1999 tero
686 1969 809 2007 gratias

103 2018 165 2050 sibi
178 2020 233 2059 agi
248 2029 268 2050 a
282 2018 429 2059 Pompeio
449 2027 558 2058 passus
572 2027 632 2048 non
652 2020 710 2057 est,
735 2018 809 2057 (ne-

105 2080 162 2110 que
185 2069 266 2100 enim
289 2079 357 2109 quoe
382 2069 513 2100 dixisset
540 2069 622 2099 illius
645 2077 735 2098 causa
757 2069 809 2098 sed

107 2119 199 2159 Reip.
213 2118 411 2159 protulissc,)
426 2117 644 2156 consiliumque
661 2126 749 2147 suum
763 2116 811 2154 af-

98 2169 244 2210 firmavit
270 2178 404 2199 seorsum
426 2168 455 2198 ei
479 2177 538 2198 non
565 2166 754 2206 defuturum,
783 2167 810 2197 si

104 2222 246 2259 peteret.-
269 2218 296 2248 si
318 2228 377 2248 non
397 2220 531 2257 peteret,
551 2217 672 2257 publice
686 2227 717 2249 se
731 2219 811 2257 quod

110 2269 265 2299 videretur
287 2267 455 2298 dicturum.
501 2267 605 2307 Atque
632 2268 705 2298 talis
731 2269 809 2299 Cato

110 2319 142 2349 in
164 2318 305 2349 omnibus
317 2317 399 2356 fuit.
448 2317 526 2348 Huc
556 2317 707 2357 respexit
731 2318 810 2348 Vel-

110 2369 195 2399 leius
212 2369 348 2399 Patere.
365 2377 443 2398 cum
459 2366 508 2397 ait
525 2375 564 2397 11.
582 2369 634 2398 49.
658 2368 667 2383 ⁴
686 2367 811 2398 Consu-

110 2419 159 2450 les
177 2422 382 2459 senatusque
401 2426 540 2457 caussae‚
562 2427 629 2448 non
647 2417 811 2458 Pompeio

111 2479 273 2500 summam
303 2468 435 2508 imperii
461 2467 680 2499 detulerunt?
726 2468 812 2500 Quae

113 2519 214 2550 verba
230 2528 296 2550 non
314 2518 486 2549 intellexit
505 2527 647 2558 magnus
662 2517 812 2558 Lipsius,

113 2574 149 2600 et
169 2568 333 2608 nescivit,
357 2567 437 2609 quid
466 2567 550 2598 illud
572 2572 673 2606 esset,
700 2577 814 2598 caussoe

112 2617 233 2656 deferre
269 2628 417 2649 suminam
455 2618 587 2658 imperii.
648 2617 815 2649 Nimirum

115 2669 179 2700 hoc
192 2669 264 2699 vult
275 2668 477 2699 Paterculus
490 2679 499 2700 ς
525 2677 651 2698 canssae
665 2667 816 2697 delatum

116 2718 305 2758 imperium,
327 2723 364 2750 et
379 2718 543 2759 Pompeio
567 2722 708 2757 propter
724 2725 817 2747 caus-

118 2778 211 2801 sam:
240 2778 316 2800 nam
337 2778 403 2801 non
426 2773 495 2801 tam
518 2767 694 2809 Pompeio,
716 2775 815 2808 quam

1427 212 1538 253 1337

844 315 991 356 Reipub.
1032 317 1221 348 consultum
1261 316 1421 348 volebant
1453 317 1538 348 Cato

843 366 977 405 aliique.
1025 369 1070 398 L't
1097 367 1222 397 trustra
1248 366 1380 407 Lipsius
1403 366 1458 405 sit,
1482 367 1538 406 qui

843 417 1046 447 emendabat
1086 427 1194 447 caussa
1233 417 1365 447 nominis
1393 416 1541 456 Pompeio

841 475 989 496 summam
1005 467 1126 506 imper-ii
1139 467 1326 497 detulerunt.
1378 466 1509 498 Vossius.

886 518 906 545 8
930 515 992 545 Pro
1009 516 1243 557 necessitudine]
1274 516 1542 557 Incurialapsus

844 569 897 596 est
923 566 978 596 Fr.
1008 565 1255 603 Hotomanus,
1278 567 1333 607 qui
1358 566 1405 596 ait
1433 565 1541 606 Scipi-

844 625 939 647 onem
957 616 1096 656 Pompeii
1112 615 1218 656 filiam
1234 616 1266 646 in
1283 616 1474 646 matrimonio
1490 616 1543 647 ha-

844 667 954 706 baisse,
976 676 1053 698 curn
1077 676 1096 697 e
1122 667 1291 697 contrario
1314 666 1470 706 Pompeii
1494 665 1543 697 fn-

845 719 911 750 erit
934 728 1040 750 socer.
1100 718 1307 749 Plutarchus
1335 718 1369 748 in
1399 718 1485 748 (ἐᾶτε.
1511 727 1544 757 p.

844 772 918 800 722.
941 768 1072 800 Σκιπίων
1090 768 1170 808 μετὰ
1185 768 1201 798 ὁ
1224 766 1383 806 Πομπηΐου
1398 770 1546 798 mmet:-

845 821 920 850 ΡΟΣ
934 817 1123 857 εἶστΓγήσατο
1137 817 1271 857 γνώμην.
1317 817 1404 847 Vide
1425 821 1461 847 et
1484 816 1545 848 Di-

845 878 943 900 onem
967 869 989 899 l.
1007 877 1063 899 xi..
1083 878 1114 909 p.
1131 871 1204 900 l-t-t.
1250 868 1363 899 Daris.
1408 867 1546 898 ciacco-

845 919 918 950 nius
943 929 961 950 e
986 920 1181 960 conjectura
1203 919 1331 949 mavult
1357 928 1424 958 quae
1446 927 1547 948 secuta

841 973 928 1010 part.
973 970 1165 1010 Pompeium.
1210 969 1298 1002 Quia
1336 969 1452 1009 partiri
1479 978 1548 998 curn

845 1021 947 1060 aliquo
971 1024 1066 1050 notat
1086 1020 1269 1060 participem
1286 1019 1394 1057 facere
1418 1020 1459 1050 B.
1474 1019 1550 1050 civ.

847 1078 904 1100 ιιι.
921 1072 972 1100 82.
1010 1069 1216 1109 ‘Pompeius
1247 1079 1342 1100 snum
1396 1079 1453 1099 um
1479 1068 1551 1100 Sci-

849 1120 948 1159 pione
983 1120 1144 1151 honorem
1174 1119 1344 1160 partitur!
1404 1119 1471 1150 Sed
1511 1124 1550 1149 ut

848 1169 910 1199 boc
936 1178 1051 1199 verum
1072 1169 1117 1200 sit
1144 1169 1177 1199 in
1202 1169 1353 1199 omnibus
1370 1167 1552 1208 exemplis,

849 1219 999 1251 studiose
1016 1220 1131 1250 Caesar
1156 1219 1204 1250 ita
1228 1219 1282 1249 hic
1300 1218 1477 1259 scripsisse
1505 1217 1552 1248 vi·

849 1270 959 1309 detur,
982 1280 1046 1312 qno
1063 1274 1248 1310 exaggeret
1260 1268 1427 1309 Scipionis
1445 1277 1553 1308 spem,

850 1320 914 1351 sibi
942 1320 1175 1361 promittentis
1208 1319 1386 1360 quamdam
1414 1319 1553 1350 electio-

850 1379 926 1400 nem
954 1370 987 1399 in
1015 1368 1208 1410 partiendo,
1241 1373 1280 1399 ut
1305 1368 1363 1408 qui
1393 1368 1552 1409 Pompeii

853 1426 944 1450 esset
962 1428 1070 1450 socer.

894 1472 915 1500 9
938 1469 1086 1500 Adulatio
1110 1472 1200 1510 atque
1227 1470 1392 1500 ostentatio
1417 1469 1478 1507 sui,
1498 1479 1553 1510 po-

852 1518 998 1558 tentium]
1022 1519 1187 1550 Potentes
1202 1519 1356 1550 nimirum
1374 1519 1556 1550 adulaban-

854 1575 910 1601 tur
939 1569 1004 1600 sibi
1041 1569 1117 1609 ipsi,
1151 1578 1292 1610 seseque
1319 1569 1555 1607 ostentabant,

854 1625 1016 1660 quantum
1055 1620 1088 1649 in
1119 1619 1311 1659 Republica
1344 1619 1554 1659 judiciisque

856 1668 925 1693 tum
952 1662 1132 1702 pollerent.
1173 1661 1281 1693 Codd.
1305 1662 1402 1692 Vett.
1427 1662 1556 1692 habent

854 1713 991 1742 adulatio
1019 1715 1110 1751 atque
1138 1713 1304 1743 ostentatio
1325 1712 1373 1742 sui
1398 1717 1433 1743 et
1448 1715 1555 1752 poten-

856 1763 944 1793 tium.
991 1762 1090 1795 Quod
1107 1762 1149 1793 ab
1173 1762 1214 1792 iis
1231 1762 1366 1793 videtur
1382 1762 1557 1801 insertum,

856 1813 914 1853 qui
931 1812 1115 1851 nescirent,
1138 1811 1218 1852 quid
1236 1816 1348 1849 esset;
1371 1811 1556 1852 potentiam,

856 1863 993 1892 adulatio
1007 1865 1037 1892 et
1052 1861 1218 1892 ostentatio
1233 1861 1293 1891 sui.
1318 1862 1427 1891 Clark.
1474 1861 1558 1891 Par-

858 1912 997 1943 ticulam
1024 1915 1054 1942 et
1081 1911 1183 1951 ejecit
1209 1911 1358 1950 Scaliger
1379 1920 1398 1942 e
1425 1911 1559 1951 conjec-

858 1967 934 1993 tura
951 1962 1090 1993 Octavii
1118 1961 1336 2001 pantagathi,
1359 1961 1417 1992 sed
1442 1962 1558 1993 invitis

859 2012 942 2042 Mss.
958 2011 1110 2042 omnibus
1133 2021 1170 2042 ac
1188 2012 1310 2051 priscis
1335 2012 1436 2050 Edd.,
1460 2017 1506 2052 et,
1521 2017 1560 2044 ut

858 2062 939 2092 mihi
955 2061 1100 2099 videtur,
1123 2060 1244 2092 idoneo
1264 2060 1459 2101 refragante
1485 2071 1560 2093 sen-

859 2122 909 2150 su,
934 2121 1032 2152 quem
1058 2121 1127 2142 non
1154 2112 1248 2151 cepit
1264 2111 1433 2142 Clarkius.
1479 2112 1561 2143 Non

861 2163 950 2194 enim
979 2166 1098 2193 auctor
1131 2162 1185 2192 hic
1216 2162 1289 2192 vult
1316 2166 1474 2202 potentes
1497 2162 1562 2193 sibi

861 2213 1014 2244 adulatos
1030 2223 1116 2252 esse,
1134 2222 1273 2253 seseque
1286 2217 1487 2252 ostentasse,
1502 2213 1560 2244 sed

861 2263 1065 2303 Scipionem,
1090 2272 1189 2304 quem
1211 2261 1254 2292 ad
1277 2271 1369 2292 arma
1395 2263 1563 2294 incitabat

862 2322 940 2354 spes
956 2313 1218 2354 provinciarum,
1241 2313 1338 2342 simul
1357 2312 1562 2352 judiciorum

862 2367 985 2399 metus,
1007 2371 1197 2403 magnaque
1213 2361 1257 2392 de
1282 2371 1318 2391 se
1345 2362 1420 2401 ipso
1437 2361 1564 2402 opinio,

863 2422 927 2454 qua
949 2413 1012 2444 sibi
1028 2412 1231 2444 adulabatur
1246 2417 1282 2442 et
1302 2421 1336 2441 se
1353 2410 1564 2449 ostentabat,

856 2464 990 2505 jactans
1008 2463 1096 2493 viros
1108 2467 1278 2503 potentes,
1293 2470 1477 2502 eorumque
1492 2470 1565 2500 gra-

862 2514 957 2553 tiam,
981 2513 1060 2544 dum
1083 2518 1118 2544 et
1146 2512 1218 2552 ipse
1235 2511 1333 2542 simul
1351 2511 1390 2542 iis
1407 2510 1565 2541 adulaba-

864 2569 932 2601 tur,
956 2563 1124 2605 qui,&c.;
1151 2563 1316 2603 quomodo
1341 2562 1430 2592 hunc
1453 2561 1564 2591 locum

865 2620 960 2645 recte
1001 2614 1264 2653 interpretatum
1301 2610 1404 2641 fuisse
1445 2610 1566 2641 Manu-

866 2664 962 2703 tinm,
991 2663 1018 2694 si
1048 2663 1134 2694 bene
1159 2663 1231 2703 ejus
1266 2661 1371 2691 verba
1400 2659 1566 2699 intelligo,

866 2714 998 2755 opinor.
1044 2713 1205 2754 Alioquin
1221 2721 1288 2742 non
1306 2711 1457 2751 ignotam
1473 2710 1565 2750 mibi,

867 2769 902 2796 et
917 2764 1042 2796 Caesari
1065 2761 1242 2805 aliquoties
1269 2765 1467 2801 usurpatam
1490 2768 1563 2792 esse
