1818 3131
275 213 387 257 1258

275 318 338 351 hus
360 323 393 350 et
413 317 499 349 Edd.
524 317 641 358 primis
653 322 765 348 exstat
783 317 820 348 ab
837 318 892 350 Cr.
905 327 971 350 sen-

273 370 372 399 tentia
386 369 563 398 discedunt:
588 368 676 408 quod
689 368 824 398 verbum
839 379 971 410 quoque

275 418 403 458 praebet
426 418 538 447 oxon.
577 416 624 448 At
644 417 768 449 Audin.
784 419 969 450 discedatur.

275 467 455 497 videmnus
481 476 574 506 ergo,
591 477 656 507 quo
680 467 778 498 modo
791 470 907 499 Cacsar
925 470 970 499 lo-

275 517 399 557 quitur.
439 517 478 547 B.
504 518 547 547 G.
572 527 604 547 v.
628 520 679 548 29.
716 519 724 533 ⁴
743 518 784 548 ad
807 519 970 558 ejusmodi

274 567 448 598 consilium
477 567 716 598 descendisse?
747 576 795 599 vr.
825 572 873 600 10.
905 569 970 599 ‘ad

275 617 501 648 innocentium
539 618 701 658 subplicio
739 618 971 649 descendunt]

277 675 340 698 vn.
357 670 408 709 33.
443 669 451 684 ⁴
469 667 509 697 ad
537 668 601 697 vim
626 673 726 708 atque
744 667 784 698 ad
805 678 896 698 arma
918 668 973 697 de-

272 717 475 749 scenderets
513 718 566 748 sie
592 717 637 748 ibi
658 719 741 749 Mss.
761 718 971 754 integriores.

275 767 439 809 Plerique
454 778 533 798 vero
549 769 726 799 discederet.
760 769 797 798 B.
812 768 883 798 Civ.
900 776 925 798 ι.
941 772 972 799 9.

273 819 282 833 ⁴
301 818 341 848 ad
369 819 479 849 omniu
503 828 538 847 se
565 817 772 848 «inscendere
797 818 972 857 paratum!

276 877 306 898 r.
332 871 384 899 81.
419 869 516 900 ‘Quo
540 867 729 898 necessario
753 867 973 899 descensuros

274 916 511 948 existimabat!
550 926 604 948 111.
621 920 652 947 9.
687 919 695 933 ‘
721 917 762 947 ad
785 923 972 948 extremum

273 967 434 998 auxilium
456 967 704 998 descenderunt
719 967 739 997 :’
768 973 802 998 et
826 968 874 998 ita
898 968 971 999 Liv.

275 1019 397 1059 aliique
410 1018 543 1058 passim.
562 1019 603 1048 V.
620 1018 808 1049 Coumwnt.
825 1018 865 1048 ad
880 1019 971 1059 Epit.

275 1069 296 1100 1.
313 1078 342 1100 ν.
367 1069 515 1099 Praestat
530 1068 644 1108 itaque
659 1069 840 1098 descendunt
858 1069 908 1098 vel
925 1070 974 1099 de-

272 1119 446 1149 scendatur.
500 1119 669 1148 Mstorum
708 1118 845 1148 lectioni
880 1118 973 1149 favet

277 1173 388 1198 tamen
417 1168 508 1198 locus
530 1168 571 1197 B.
595 1168 667 1198 (Σίν.
693 1177 715 1198 ι.
730 1171 761 1198 5.
793 1170 801 1184 ‘
820 1168 873 1199 Ad
891 1169 973 1199 illud

273 1223 461 1249 extremum
495 1224 595 1258 utque
625 1219 775 1249 ultimum
814 1219 876 1249 SC.
908 1229 974 1259 quo

277 1277 454 1308 numquam
469 1273 545 1297 ante
559 1268 741 1298 discessum
755 1269 829 1299 cst?
849 1269 973 1299 Verum

275 1321 310 1346 et
327 1317 396 1347 illic
411 1318 429 1346 Χ
443 1317 471 1347 ir
485 1318 605 1348 doetus
623 1318 677 1348 Fr.
691 1319 816 1349 Theou.
832 1319 974 1349 Kohlius

276 1367 372 1397 Com.
397 1368 482 1397 Crit.
510 1366 655 1397 l’entad.
686 1377 725 1398 11.
751 1369 822 1398 loco
846 1371 897 1399 39.
926 1378 975 1399 re-

276 1426 404 1456 ponere
420 1418 548 1448 mavult
572 1419 745 1449 descensum
761 1422 818 1453 est.
834 1429 886 1450 me
910 1429 976 1451 non

277 1467 394 1498 invito.
433 1468 511 1498 Non
535 1468 622 1498 enim
645 1468 690 1498 ibi
712 1469 823 1508 agitur
845 1469 887 1500 de
912 1470 976 1501 dis-

278 1517 438 1557 cessione,
454 1528 528 1559 quae
553 1518 657 1549 fiebat
680 1519 823 1559 pedibus
846 1520 878 1550 in
894 1521 978 1551 hanc

278 1569 332 1599 vel
356 1568 445 1600 illam
466 1570 679 1600 sententiam.
711 1570 840 1601 Passim
864 1577 977 1602 autem

275 1620 455 1650 descendere
467 1619 551 1650 abiit
567 1620 598 1650 in
613 1620 776 1651 discedere.
800 1621 887 1652 Vide
902 1633 920 1663 q
927 1633 977 1653 uae

278 1668 411 1700 laudavi
441 1670 482 1700 ad
514 1670 638 1701 Lucan.
669 1679 692 1701 1.
716 1673 789 1701 335.
835 1673 843 1687 ‘
862 1672 978 1711 Regno

278 1718 339 1749 llle
368 1723 443 1749 tuns
466 1719 586 1750 saltem
615 1719 737 1751 doceat
769 1720 978 1753 descendere

278 1768 370 1799 -snlla
387 1768 406 1799 τ’
430 1770 477 1800 ιιῐί
496 1779 514 1799 e
532 1770 613 1801 Mss.
630 1770 819 1809 restitui‚et
836 1781 922 1803 nunc
947 1773 980 1803 in

276 1819 418 1849 decedere
431 1819 627 1851 mutandum
640 1829 705 1851 non
721 1830 855 1859 censeo,
868 1831 980 1861 quam·

276 1868 325 1897 xis
342 1874 456 1908 posset
470 1869 553 1899 sumi
568 1875 603 1900 nt
621 1870 710 1910 apud
727 1874 877 1900 nostrum
895 1875 978 1902 ivm.

277 1923 285 1933 ⁶
307 1918 405 1950 Quod
437 1918 497 1948 nisi
523 1919 680 1958 decedat,
707 1924 764 1949 aut
789 1920 978 1951 exercitum

281 1967 450 1998 deducat)
503 1969 567 1999 Sed
598 1970 675 2000 vide
710 1970 762 2001 (21.
791 1970 905 2000 Burni.
938 1972 978 2002 ad

282 2018 421 2049 Nemes.
446 2019 518 2049 ΕΗ.
535 2028 574 2049 ιι.
589 2022 642 2050 89.
665 2021 673 2036 ‘
693 2029 710 2050 e
734 2019 824 2049 silvis
841 2019 979 2051 descen-

279 2069 394 2099 derez'
422 2068 478 2099 ubi
508 2070 638 2110 eadem,
670 2076 707 2101 ut
736 2070 870 2111 ubique,
901 2081 979 2103 con-

277 2118 373 2151 fusio.

318 2173 337 2201 4
368 2171 425 2201 1110
440 2174 540 2201 tumen
556 2172 659 2211 potius
675 2173 819 2203 utendum
840 2173 980 2214 consilio]

278 2221 372 2251 Idem
390 2221 576 2252 Sambucus
597 2231 615 2252 e
637 2222 761 2253 Codice
789 2224 904 2254 mallet
932 2223 979 2254 in-

279 2271 409 2311 terponi
443 2272 464 2302 i.
496 2275 520 2303 l.
551 2276 698 2312 tempore.
748 2274 793 2304 Et
824 2273 978 2313 profecto

279 2321 359 2351 illud
376 2325 509 2361 tempore
525 2327 637 2353 exstat
651 2323 682 2352 in
697 2324 829 2354 Carrar.
843 2329 876 2354 et
895 2325 976 2355 Mss.

279 2373 361 2403 meis
387 2373 539 2403 omnibus
562 2378 689 2413 praeter
712 2375 829 2414 (Yujao.
851 2375 975 2413 Scalig.

277 2421 401 2452 Audin.
420 2427 454 2453 et
471 2423 593 2462 Oxon„
608 2429 641 2454 et
661 2424 747 2455 Edd.
762 2425 886 2465 primis.
918 2426 976 2456 Ni-

275 2474 344 2505 hilo
370 2474 477 2505 minus
501 2474 669 2514 superflua
698 2476 841 2515 videtur,
865 2487 977 2518 quam-

277 2534 377 2565 quam
400 2525 474 2564 cupi
499 2528 631 2564 tempore
655 2527 761 2565 possit
787 2537 848 2567 pro
870 2538 977 2568 oppor-

277 2575 403 2614 Iune,in
416 2578 559 2615 tempore,
573 2576 715 2615 tempori,
734 2582 770 2607 ut
786 2577 912 2608 diserte
927 2582 978 2608 est

277 2625 310 2655 in
328 2624 451 2655 Lovan.
491 2625 567 2655 Non
591 2625 677 2654 enim
691 2626 902 2665 jungendum
926 2627 978 2657 illo

276 2678 423 2714 tempore,
440 2673 497 2704 sed
520 2674 571 2703 illo
592 2676 716 2705 consilio
736 2678 880 2706 utendum
903 2681 977 2707 tem-

276 2733 361 2764 pore.
399 2723 486 2753 Vide
512 2723 638 2754 Donat.
663 2723 703 2754 ad
730 2725 865 2755 'l‘erenn
891 2726 979 2757 And.

279 2782 329 2804 ιν.
345 2776 376 2804 5.
394 2775 443 2804 19.
457 2778 492 2804 et
504 2773 548 2804 N.
562 2773 680 2804 Heius.
696 2773 737 2804 ad
753 2774 854 2806 Ovid.
869 2775 977 2816 Epist.

740 224 880 254 No'rAE
913 224 1175 256 VARIORUM
1212 225 1261 255 IN

1021 317 1163 350 Heroid.
1189 328 1239 350 ιν.
1268 321 1340 349 109.
1379 319 1389 336 ‘
1405 319 1574 360 Tempore
1598 317 1716 351 abest·

1021 368 1115 399 Leid.
1127 379 1177 408 pr.
1191 372 1324 408 tempore
1334 379 1366 410 p.
1375 371 1498 401 utendo.
1528 370 1618 401 Dein
1627 379 1719 410 quum

1020 423 1072 450 aut
1096 420 1192 449 dedit.
1211 421 1342 460 reposui
1366 421 1449 452 Mss.
1471 425 1506 451 et
1523 420 1608 451 Edd.
1625 421 1720 453 Vett.

1021 470 1225 500 auctoribus.
1272 471 1381 510 Vulgo
1413 474 1468 502 aut
1500 471 1585 502 male
1611 470 1721 502 exsul·

1022 519 1113 549 abat.

1065 572 1105 598 10
1129 568 1299 607 Dispositis
1314 571 1345 601 in
1363 572 1439 601 rullo
1459 570 1619 611 cmtodiis]
1651 570 1719 602 Alii

1021 619 1216 647 custodibus:
1247 629 1347 659 quam
1371 621 1550 652 lectionem
1575 621 1718 652 intulere

1025 667 1189 704 Librarii3
1214 669 1410 700 nescierunt
1429 672 1515 701 enim
1534 671 1721 702 abstractum

1025 726 1086 756 pro
1117 722 1256 748 concreto
1284 719 1372 758 apud
1397 720 1540 759 optimos
1565 725 1721 752 auctores

1023 765 1178 796 inveniri.
1217 766 1318 798 Corn.
1344 768 1461 808 Nepos
1486 769 1606 809 Epam.
1626 772 1722 801 ΠΛ.

1025 818 1034 832 ‘
1067 817 1189 847 Coram
1232 817 1504 858 frequentissimo
1538 819 1725 858 legationum

1024 867 1217 898 conventu!
1257 868 1372 899 Valer.
1402 869 1569 899 Maximus
1593 878 1616 900 1.
1645 871 1722 900 1.9.

1024 919 1032 933 ‘
1049 917 1124 947 Non
1141 917 1384 949 dubitaverunt
1397 919 1501 950 sacris
1515 919 1644 959 imperia
1657 928 1724 951 ser-

1025 966 1120 997 vire!
1148 968 1331 999 Eumenius
1349 969 1433 1000 Pan.
1450 978 1497 1000 lv.
1514 972 1544 1001 8.
1557 973 1587 1000 5.
1609 970 1620 987 ⁴
1637 970 1722 1001 Cum

1023 1017 1173 1055 conjugiis
1185 1022 1220 1048 et
1236 1018 1351 1049 liberis
1363 1024 1558 1060 caeteroque
1571 1019 1724 1050 examine

1023 1068 1366 1099 necessitudinum—ad
1393 1070 1465 1100 loca
1489 1070 1567 1100 olim
1589 1069 1724 1101 deserta

1025 1118 1220 1149 transirent.
1258 1119 1350 1150 Hinc
1379 1120 1462 1151 Julii
1493 1119 1631 1151 Firmici
1657 1119 1726 1150 vul-

1023 1172 1102 1206 gata
1117 1168 1218 1199 lectio
1243 1168 1380 1200 defendi
1409 1175 1538 1210 μοίρας
1565 1170 1613 1201 ait
1637 1170 1725 1202 enim

1025 1226 1058 1257 p.
1076 1220 1128 1248 23.
1152 1218 1193 1248 de
1218 1228 1323 1250 error.
1348 1219 1443 1250 Prof.
1467 1221 1541 1251 Rei.
1573 1223 1581 1237 ‘
1599 1220 1724 1262 Sicque

1025 1272 1095 1298 tum
1113 1268 1185 1308 ipsa
1208 1270 1394 1309 dispensatio
1408 1271 1544 1311 (Ceres)
1565 1271 1653 1312 quod
1677 1276 1725 1302 at-

1026 1317 1150 1347 tulerat
1167 1317 1516 1360 frumenta—sepulta
1538 1321 1571 1351 in
1593 1330 1633 1352 eo
1649 1322 1724 1352 loco

1026 1372 1089 1405 est,
1110 1368 1240 1406 pariter
1255 1373 1290 1398 et
1313 1370 1534 1402 consecrata!
1564 1371 1625 1402 Vir
1639 1379 1725 1402 sum-

1027 1425 1098 1446 mus
1116 1417 1149 1448 J.
1167 1418 1206 1448 F.
1223 1418 1414 1450 Gronovius
1432 1420 1575 1452 Observ.
1592 1421 1726 1452 Eccles.

1027 1476 1057 1498 c.
1073 1470 1104 1497 9.
1129 1468 1262 1507 reponit
1285 1468 1507 1509 dispensatrix,
1535 1471 1587 1501 vel
1607 1470 1727 1511 dispen-

1027 1521 1106 1557 sata,
1118 1519 1173 1548 vel
1183 1519 1358 1558 dispensato
1365 1519 1535 1558 frumento.
1556 1520 1623 1551 Sed
1634 1520 1726 1551 iocus

1029 1573 1123 1599 recte
1140 1578 1174 1598 se
1200 1569 1314 1609 habet,
1329 1579 1391 1601 nec
1409 1570 1538 1601 medica
1560 1579 1660 1601 manu
1676 1575 1727 1601 est

1028 1629 1123 1659 opus,
1148 1624 1186 1650 ut
1202 1629 1242 1650 ex
1266 1621 1430 1661 exemplis
1452 1621 1560 1652 anatis
1583 1626 1728 1661 constat,

1030 1670 1151 1710 quibus
1175 1671 1262 1702 adde
1287 1671 1423 1702 Thomae
1453 1671 1634 1702 Munckeri
1661 1671 1726 1702 col-

1028 1721 1184 1752 lectanea
1199 1721 1240 1751 ad
1258 1721 1387 1761 Hygini
1403 1721 1486 1753 Fab.
1504 1730 1590 1752 cxx.
1617 1722 1726 1753 Dacis.

1028 1772 1174 1802 custodiis
1198 1772 1282 1803 bene
1299 1771 1447 1802 retinent
1464 1782 1482 1802 e
1509 1771 1591 1803 meis
1608 1771 1726 1812 Cujac.

1028 1822 1114 1853 Scal.
1136 1821 1225 1853 And.
1251 1822 1363 1853 Oxon.
1384 1827 1419 1853 et
1443 1823 1567 1853 Lovan.
1592 1822 1727 1862 Reliqui

1030 1871 1114 1902 Mss.
1132 1877 1167 1902 et
1183 1871 1267 1902 Edd.
1285 1881 1342 1911 pp.
1358 1871 1541 1902 custodibus.
1572 1870 1728 1902 Alterum

1029 1921 1231 1960 elegantius,
1245 1921 1324 1951 licet
1339 1922 1418 1952 satis
1440 1920 1596 1963 frequens
1613 1921 1724 1952 etiam.

1028 1972 1137 2010 Supra
1157 1981 1186 2002 c.
1208 1975 1259 2004 55..
1285 1971 1467 2011 ‘praesidia
1490 1972 1728 2013 custodiasque

1029 2021 1230 2061 dis-ponere?
1259 2022 1299 2052 B.
1315 2023 1388 2053 Civ.
1402 2031 1442 2053 11.
1456 2026 1487 2053 5.
1519 2023 1527 2039 ‘
1544 2031 1619 2053 cum
1636 2021 1728 2054 libris

1029 2079 1131 2113 atque
1166 2073 1340 2112 uxoribus,
1375 2073 1586 2114 publicisque
1616 2077 1726 2104 custo-

1029 2123 1115 2154 diis!
1168 2124 1177 2140 ‘
1203 2124 1241 2153 In
1266 2124 1413 2154 statione
1442 2122 1603 2154 custodiae
1626 2121 1727 2153 sunt.y

1030 2173 1193 2204 Frontino
1218 2182 1256 2204 11.
1271 2176 1300 2204 2.
1317 2173 1349 2204 in
1369 2173 1392 2204 f.
1410 2178 1444 2204 et
1469 2173 1591 2214 passim
1613 2178 1726 2205 nostro

1029 2224 1179 2264 aliisque.

1073 2283 1197 2305 [xxm.
1236 2277 1254 2305 3
1285 2275 1356 2305 Νοη
1378 2275 1498 2314 tongins
1525 2283 1549 2304 n
1573 2272 1727 2315 passibus]

1028 2324 1112 2354 Mss.
1138 2324 1293 2355 Ciaccon.
1322 2329 1357 2355 et
1382 2325 1521 2356 Norvic.
1545 2334 1620 2356 cum
1643 2324 1726 2355 edit.

1029 2375 1124 2405 Rom.
1141 2375 1227 2405 Ven.
1245 2375 1402 2406 Beroald.
1423 2375 1548 2406 liabent
1563 2374 1645 2405 mille
1657 2384 1726 2414 pus-

1027 2424 1123 2463 sibus,
1153 2434 1251 2465 quam
1275 2425 1375 2455 etiam
1401 2425 1580 2456 lectionem
1606 2424 1638 2453 in
1664 2433 1724 2454 suo

1031 2475 1158 2505 Codice
1195 2475 1322 2505 invenit
1340 2476 1498 2506 ·Graecus
1539 2474 1726 2512 interpres;

1027 2525 1131 2556 vertit
1155 2526 1241 2556 euim
1259 2525 1293 2556 οὗ
1307 2527 1414 2556 πλεῖον
1433 2524 1493 2555 ἀπὸ
1503 2521 1726 2561 τῶνῬωμαίων

1028 2575 1046 2612 ἢ
1074 2579 1181 2606 ΟΚΤΩ
1206 2578 1361 2612 ΣΤΑΔῙΑ,
1393 2585 1467 2615 qum
1491 2574 1581 2605 misse
1612 2584 1726 2614 passus

1029 2626 1224 2658 conficiunt.
1254 2626 1368 2656 Dan-is.
1403 2625 1483 2655 Mss.
1501 2625 1724 2665 Reg.Eiiens.

1029 2682 1064 2707 et
1086 2676 1211 2715 Vossii,
1234 2680 1269 2706 et
1293 2675 1401 2706 Editt.
1433 2675 1525 2706 vett.
1552 2675 1724 2716 pleraeque

1029 2724 1156 2755 habent
1174 2733 1214 2755 Μ.
1234 2724 1341 2754 Clark.
1367 2723 1417 2754 Ex
1432 2724 1512 2755 meis
1523 2724 1584 2755 soii
1599 2723 1725 2755 Audin.

1029 2779 1063 2807 et
1074 2774 1186 2806 Oxou.
1201 2773 1327 2805 habent
1343 2782 1378 2805 n.
1401 2774 1516 2806 Ceteri
1533 2783 1660 2814 omnes,¹
1673 2770 1726 2806 uti
