1818 3131
306 205 400 236 mu.
433 204 505 234 111.
536 203 643 235 cAP.
673 192 745 235 26.
780 204 842 234 Dc
878 205 1033 236 necno
1069 205 1296 235 GAmeo.

72 297 131 339 qui
143 296 264 328 babet:
287 295 304 326 ὃ
327 294 419 334 γνοὺς
433 295 449 324 ὁ
472 293 622 334 Κράσσος,
637 294 687 325 καὶ
702 293 774 325 τοὺς

70 347 130 388 μὲν
142 346 305 385 πολεμίους
320 347 395 387 τῇτε
411 346 496 384 σφῶν
514 344 655 387 ἀναβολῇ
681 345 730 375 καὶ
753 343 772 380 ἧ

70 399 164 438 (lego
199 396 252 436 ἣν)
288 396 387 436 φόβου
421 396 570 434 παρεῖχον
598 393 680 436 δόξῃ,
701 395 773 425 τοὺς

72 448 182 478 ἑαυτοῦ
218 446 406 486 στρατιώτας
450 444 689 485 προθυμοτέρους
731 444 773 476 εἷς

72 498 130 534 τὴν
166 496 272 535 μάχην
305 495 550 535 ἀπεργάσασθαι.
611 497 701 528 Quin
736 501 771 527 et

70 538 269 588 'Anonymus
287 547 376 578 Celsi
403 547 605 588 exscriptor,
629 547 685 588 qui
715 547 772 577 lia-

73 597 131 629 bet
146 607 179 637 p.
203 598 256 628 63.
279 597 288 612 ‘
303 597 441 627 Romani
465 597 611 627 hostium
630 596 770 628 tardita-

73 651 141 678 tem
171 654 238 676 non
275 646 415 676 consilio
453 645 674 687 imputanteS,
711 646 770 678 scd

69 696 202 737 pavori,
220 700 256 726 et
272 695 431 726 hortante
445 696 543 735 duce,
560 702 594 727 ct
611 696 770 727 militibus

70 758 192 790 pugnae
210 748 339 789 signum
356 759 421 779 una
440 758 523 779 voce
540 749 770 789 poscentibus,

70 799 167 839 signo
216 799 297 830 dato
346 804 459 830 castra
504 799 770 841 aggrediuntur!

70 850 134 881 Vel
160 850 187 881 si
213 850 275 880 lioc
301 850 410 881 minus
440 851 565 890 placet,
592 851 667 890 lege
692 860 771 881 cum

69 909 104 932 v.
120 909 152 932 c.
180 901 190 918 ‘
204 910 279 931 cum
306 911 364 932 sua
389 901 564 933 cunctatio
580 906 682 942 atque
699 901 770 942 opi-

69 950 124 981 nio
139 949 329 981 timidiores
346 950 472 990 hostes,
494 955 627 982 nostros
645 951 768 982 milites

68 1009 100 1031 a.
130 1010 164 1041 p.
191 1010 220 1031 a.
244 999 438 1032 effecisset!
498 1002 542 1032 Et
567 1002 660 1034 dicat
687 1006 769 1034 tunc

69 1050 202 1088 Caesar;
225 1050 380 1080 hostilem
396 1050 549 1091 militem,
567 1052 693 1092 quippe
721 1053 770 1092 ig-

67 1109 196 1139 narum,
211 1109 278 1141 quo
302 1100 444 1131 consilio
462 1100 566 1132 duces
591 1102 640 1132 sui
670 1111 769 1134 cunc-

68 1154 234 1188 tarentur,
271 1150 390 1181 timere
417 1150 573 1190 coepisse,
599 1152 768 1182 Romanos

68 1201 250 1232 alacriores
273 1199 397 1233 factos.
452 1201 496 1232 Et
523 1201 571 1233 sic
598 1201 713 1233 Livius
744 1202 767 1233 l.

70 1260 135 1282 vu.
172 1254 182 1269 ‘
201 1251 285 1283 Cum
315 1252 389 1292 ipsa
416 1252 589 1284 cunctatio
620 1256 656 1284 et
682 1253 769 1284 hosti

67 1301 194 1334 animos
206 1302 394 1342 minuisset,
406 1306 442 1334 et
458 1303 608 1335 auxisset
622 1304 769 1334 nostris.’

70 1351 138 1383 Hic
154 1352 253 1383 hostes
264 1362 398 1393 expone
421 1353 566 1384 hostium
595 1354 769 1394 gregarios

67 1402 204 1442 milites,
232 1412 307 1433 nam
334 1404 445 1434 nullus
470 1403 626 1436 timorem
658 1404 770 1435 induit

67 1452 111 1483 ob
142 1452 188 1492 id,
225 1452 315 1493 quod
347 1454 500 1485 consulto
527 1453 621 1486 facit.
678 1454 769 1485 Illud

68 1506 181 1534 autem
196 1512 250 1534 sua
267 1503 298 1533 in
315 1503 382 1543 ipsa
399 1513 474 1534 cuin
493 1504 675 1536 Ciacconio
699 1514 770 1536 mu-

69 1558 142 1582 tare
179 1562 424 1593 supervacuum
464 1558 529 1585 est.
592 1554 768 1594 Philippus

69 1602 242 1634 Rubenius
262 1603 372 1634 Elect.
401 1612 426 1634 1.
453 1606 484 1635 S.
510 1603 646 1645 legebat
669 1604 769 1635 ‘cum

68 1663 127 1684 sua
151 1660 417 1694 cunctorumque
440 1653 598 1694 opinione
623 1653 769 1685 timidio-

63 1712 122 1749 ‚res
137 1703 262 1742 hostes,
279 1713 309 1734 n.
326 1712 370 1733 m.
389 1713 417 1734 a.
437 1713 468 1743 p.
485 1712 514 1734 a.
538 1701 768 1734 effecissentz'

67 1752 156 1794 quod
189 1753 330 1793 rejicio:
361 1758 397 1784 et
423 1753 566 1793 primam
593 1753 769 1793 conjectu-

67 1813 137 1833 ram
154 1812 268 1834 veram
286 1812 360 1834 esse
378 1803 489 1833 nullus
506 1802 650 1842 ambigo.
695 1802 768 1833 Vos-

64 1855 140 1884 sius.
198 1854 338 1886 ‘Quum
366 1863 427 1883 sua
455 1853 634 1884 cunetatio
663 1857 768 1893 atque

67 1902 205 1943 opinio,’
219 1906 282 1934 «Sec.
329 1903 385 1935 Ita
400 1913 443 1935 ex
460 1908 528 1934 vet.
542 1903 624 1935 Cod.
639 1904 774 1943 optime

63 1953 214 1989 ‚restituit
231 1954 386 1986 Ursinus.
429 1955 596 1995 Scaliger,
613 1954 768 1995 editique

69 2013 195 2045 omnes,
217 2010 253 2036 et
279 2006 363 2036 Mss.
380 2004 463 2045 fere,
485 2007 493 2022 ‘
509 2005 648 2037 Crassus
665 2015 766 2046 quum

62 2065 129 2089 ,sua
162 2057 381 2088 cunctatione
417 2060 517 2098 atque
542 2057 699 2097 opinione
723 2055 770 2088 ef-

65 2104 234 2145 fecisset?
290 2106 390 2138 Quod
426 2106 675 2146 ineptissimum
706 2110 768 2138 est.

69 2153 111 2185 ln
145 2155 266 2186 Crasso
309 2156 396 2187 enim
434 2157 525 2188 nulla
570 2156 768 2189 cunctatio!

71 2206 99 2236 E
152 2206 345 2244 contrario;
390 2208 481 2238 ‘non
530 2206 769 2238 cunctandum’

67 2255 159 2297 (jam
195 2261 274 2288 ante
320 2257 454 2289 dixerat
491 2256 639 2298 Auctor)
677 2259 687 2276 ⁴
713 2269 769 2290 ex-

67 2306 243 2339 istimavit'
281 2306 467 2348 (Crassus‚)
515 2308 618 2349 ‘quin
658 2319 769 2350 pugna

66 2355 290 2390 decertaret.'
351 2357 450 2389 Quod
498 2357 526 2389 si
571 2358 676 2397 istud,
714 2370 769 2391 sua

67 2407 269 2446 cunctatione,
296 2407 504 2448 intelligatur
531 2408 649 2448 utique
675 2409 770 2440 hosti-

66 2465 142 2493 um;
156 2456 229 2497 jam
245 2467 354 2498 neque
372 2457 548 2497 Latinitas,
570 2467 680 2498 neque
697 2468 770 2490 seu-

67 2515 121 2537 sus
144 2506 306 2547 patietur,
334 2512 371 2538 ut
396 2508 538 2538 Crassus
561 2507 696 2539 timidos
721 2508 770 2539 di-

64 2560 166 2596 ,catur
193 2556 347 2589 effecisse
370 2558 496 2597 hostes,
523 2567 578 2589 sua
603 2557 681 2599 (hoc
703 2563 768 2598 est,

64 2606 214 2648 ipsorum)
236 2608 439 2639 cunctatione.
487 2608 658 2641 Quocirca
678 2608 771 2639 Ursi-

68 2664 148 2688 num
176 2658 309 2690 omnino
350 2657 560 2699 sequendum
600 2658 767 2689 existimo.

69 2706 186 2748 Digna
201 2712 312 2740 tamen
334 2713 453 2740 notatu
479 2714 533 2740 est
555 2709 666 2740 Vossii
689 2718 766 2740 con-

62 2756 222 2796 jectura:
244 2758 368 2800 ‘quum
385 2768 444 2790 sua
474 2759 691 2791 cunctatione
717 2764 766 2790 at-

64 2817 133 2849 que
164 2808 320 2850 opinione
343 2810 464 2841 timoris
479 2810 606 2851 hostes,
631 2806 764 2842 no'stros

1412 197 1525 239 1035

822 296 945 327 milites
967 297 1009 328 ad
1037 298 1253 338 pugnandum
1271 297 1454 329 alacriores
1478 298 1522 335 es-

814 346 988 382 secisscnt!
1031 349 1137 379 Juvat
1169 359 1244 378 eum
1279 348 1435 387 Graecus,
1468 350 1522 389 qui

822 396 940 427 habet:
965 397 982 427 ὃ
998 398 1089 436 γνοὺς
1112 400 1128 428 ὁ
1145 397 1298 438 Κράσσος,
1311 398 1446 429 καὶτοὺς
1466 399 1523 435 μὲν

820 446 985 484 πολεμίους
1020 449 1096 488 τῇτε
1129 451 1216 487 σφῶν
1249 449 1390 486 ἆναβολῆ
1420 449 1470 479 καὶ
1501 447 1521 485 ἦ

819 497 993 535 (emendat
1011 498 1151 529 vossius
1173 498 1222 538 ἣν,
1243 500 1300 530 scd
1326 500 1523 541 perperam)

820 551 950 578 ΦΟΒΟῪ
964 549 1113 587 παρεῖχον
1129 549 1211 590 δόξῃ,
1222 550 1293 581 τοὺς
1307 551 1416 581 ἑαυτοῦ
1431 562 1523 591 στρα-

818 597 929 628 τιώτας
943 598 1182 638 προθυμοτέρους
1192 599 1233 630 εἷς
1247 600 1305 636 τὴν
1316 599 1422 639 μα’χην
1434 601 1525 641 ἀπερ-

819 645 987 686 γάσασθαι.
1033 649 1185 680 juvisset
1214 660 1288 680 eum
1318 656 1353 680 ct
1382 651 1448 682 Ms-
1478 651 1524 683 Is-

819 699 931 730 Vossii
957 700 1066 731 codex
1096 700 1140 741 (si
1176 700 1264 731 forte
1288 702 1320 731 in
1347 712 1466 733 manus
1491 703 1522 734 ei

820 749 1022 791 incidisset,)
1038 751 1095 792 qui
1122 751 1226 782 habet
1242 751 1425 791 effecissent.
1462 753 1524 785 At-

820 809 886 841 que
930 801 1024 841 liujus
1065 800 1199 831 demum
1235 801 1369 833 Codicis
1408 803 1526 842 lectio,

820 848 909 880 forte
941 859 1007 880 non
1033 849 1170 881 inferior
1199 856 1252 881 est
1279 852 1411 890 Ursini3
1437 862 1523 893 prae·

818 900 951 937 sertim,
968 899 1055 940 quod
1073 910 1092 930 a
1109 901 1245 939 vulgata
1268 901 1413 933 lectione
1437 903 1522 933 Mss.

824 949 984 988 omnium,
998 959 1063 979 una
1092 950 1198 980 solum
1217 950 1352 981 literula
1373 950 1522 982 differat.

819 1001 828 1017 ‘
843 1001 1002 1038 Crassus3
1032 1009 1133 1040 quum
1149 1010 1208 1030 sua
1232 1001 1450 1032 cunctatione
1473 1007 1524 1032 at-

821 1061 886 1092 que
913 1051 1070 1091 opinione
1100 1051 1287 1083 timidiores
1308 1051 1395 1092 (jam
1421 1051 1523 1092 facti)

818 1101 944 1140 hostes,
966 1105 1100 1132 nostros
1126 1101 1251 1132 milites
1273 1102 1457 1133 alacriores
1480 1102 1525 1133 ad

819 1150 1038 1192 pugnandum
1073 1150 1269 1192 effecissent,'
1301 1153 1352 1191 Ere.
1414 1152 1523 1184 Clark.

820 1202 993 1234 Ursiniani
1016 1201 1145 1232 codicis
1163 1202 1266 1233 lectio
1284 1202 1421 1244 egregie
1444 1211 1524 1234 con·

819 1251 972 1284 firmatur
998 1263 1017 1284 a
1041 1253 1256 1293 Dukeriano,
1284 1254 1341 1295 qui
1368 1253 1524 1285 cunctatio

818 1306 910 1343 utque
925 1303 1040 1343 opinio,
1064 1303 1115 1334 uti
1136 1303 1292 1334 Clarkius
1310 1304 1383 1344 jam
1399 1302 1523 1341 edidit,

820 1352 971 1392 exhibet,
997 1358 1033 1384 et
1057 1352 1201 1384 maxime
1229 1353 1329 1383 simili
1356 1353 1432 1384 loco
1451 1353 1522 1384 (3ae-

819 1403 902 1433 saris
920 1412 953 1434 v.
970 1405 1022 1433 33.
1048 1404 1057 1420 ‘
1071 1403 1170 1436 Quod
1196 1403 1371 1435 consilium
1399 1403 1522 1434 nostris

821 1463 915 1493 spem
938 1452 1075 1492 minuit,
1105 1459 1141 1484 et
1167 1454 1280 1484 hostes
1307 1453 1348 1483 ad
1375 1462 1523 1493 pugnam

821 1503 1003 1533 alacriores
1032 1501 1171 1533 effecit!
1217 1502 1265 1533 At
1307 1511 1388 1533 vero
1416 1502 1523 1532 multo

819 1553 926 1593 magis
942 1553 1022 1584 mihi
1040 1553 1173 1584 adridet
1185 1553 1293 1583 Vossii
1310 1552 1522 1593 conjectura,

821 1603 892 1634 sive
907 1604 1020 1643 potius
1039 1603 1078 1634 R.
1095 1603 1269 1642 Stephani,
1288 1603 1322 1633 in
1339 1603 1434 1643 cujus
1452 1613 1524 1634 cor·

820 1653 1006 1684 rectissima
1023 1653 1172 1684 editione
1202 1653 1325 1684 timoris
1347 1658 1384 1684 et
1407 1653 1526 1694 effecis-

819 1706 886 1733 sent
902 1713 1064 1743 expressa
1082 1708 1173 1734 sunt.
1218 1704 1328 1735 Immo
1349 1703 1524 1744 effecissent

820 1752 904 1783 dant
939 1753 1105 1792 Bongars.
1138 1753 1236 1793 prim.
1278 1755 1378 1785 Voss.
1424 1754 1522 1793 prim.

820 1803 918 1842 Egm.
934 1802 1016 1833 Lov.
1035 1802 1132 1833 Leid.
1158 1803 1289 1842 tertius,
1317 1803 1464 1834 Dorvill.
1487 1808 1525 1845 et

819 1852 881 1883 Ed.
899 1851 1037 1882 Incerta
1061 1852 1103 1882 A.
1135 1855 1229 1883 1473.
1275 1852 1375 1885 Quod
1391 1852 1523 1884 idcirco

820 1901 961 1933 rescribi
979 1902 1090 1942 jussi:
1119 1906 1155 1933 et
1182 1903 1229 1933 sic
1256 1903 1350 1933 nulla
1365 1902 1523 1934 emenda-

820 1952 914 1983 tione
941 1951 1091 1983 violeuta
1119 1962 1203 1992 opus
1231 1957 1292 1984 est.
1342 1952 1524 1984 Timidiores

819 2003 920 2034 hostes
935 2007 986 2034 est
1001 2003 1252 2034 Nominativus.

863 2062 954 2084 xxv.
982 2057 997 2084 1
1022 2053 1091 2084 Alii.
1108 2053 1185 2091 foss.
1211 2054 1334 2094 compl„
1359 2054 1429 2093 alii,
1452 2054 1522 2094 ξω]

821 2104 939 2135 Primo
956 2104 1030 2135 loco
1047 2103 1082 2134 τὸ
1097 2104 1154 2134 ulii
1179 2104 1277 2135 deest
1303 2104 1338 2134 in
1363 2104 1524 2135 Leidensi

820 2154 939 2194 primo.
985 2154 1064 2185 Non
1092 2153 1191 2184 male.
1236 2153 1325 2184 Vide
1353 2153 1395 2184 ad
1426 2163 1451 2184 1.
1491 2156 1522 2185 8.

821 2205 830 2220 ‘
841 2205 1054 2247 Ratibusque
1064 2204 1296 2245 compluribus
1307 2204 1405 2236 factis
1416 2215 1424 2242 ;
1442 2204 1521 2246 alii,'

820 2257 882 2287 &c.

862 2308 883 2337 6
905 2305 956 2338 Ab
978 2305 1115 2336 hostibus
1127 2304 1318 2344 constanter]
1345 2303 1523 2336 Audacter

820 2360 856 2387 et
871 2355 1052 2396 intrepide.
1090 2356 1277 2396 Perperam
1292 2355 1434 2387 Graecus
1447 2365 1521 2386 ver-

820 2405 862 2436 tit
879 2405 1041 2446 φρονίμως,
1069 2406 1165 2447 quasi
1181 2406 1253 2437 haec
1267 2415 1333 2436 vox
1350 2405 1439 2437 idem
1462 2406 1520 2436 de-

820 2461 956 2488 notaret
986 2466 1024 2487 ac
1050 2456 1217 2496 sapienter.
1262 2456 1442 2487 Suetonius
1465 2455 1522 2486 Ti-

821 2507 893 2538 ber.
924 2517 954 2539 c.
976 2509 1028 2538 19.
1067 2507 1215 2538 ‘Praelia
1244 2507 1416 2547 aliquanto
1443 2515 1522 2536 con-

820 2558 964 2588 stantius
992 2557 1123 2588 inibat!
1168 2557 1257 2588 Vide
1284 2557 1387 2587 etiam
1411 2560 1519 2587 notat.

820 2607 862 2638 ad
899 2607 938 2638 B.
967 2607 1012 2639 G.
1050 2616 1075 2638 1.
1105 2610 1156 2638 ll.
1186 2606 1299 2637 Dacis.
1356 2606 1449 2637 Hirt.
1478 2606 1520 2637 B.

818 2655 927 2688 Afric.
943 2666 974 2689 c.
996 2659 1050 2688 84.
1073 2658 1082 2674 ‘
1097 2657 1137 2688 In
1155 2656 1307 2697 periculo
1322 2659 1520 2687 constanter

818 2707 1008 2748 agendum!

860 2767 961 2790 XXVI.
981 2761 999 2788 3
1025 2756 1158 2788 Eductis
1177 2758 1306 2796 quatuor
1329 2755 1520 2797 cohortibus]

816 2808 900 2840 Mss.
913 2813 950 2841 et
965 2808 1074 2840 Editt.
1091 2807 1188 2838 Vett.
1201 2805 1319 2838 eductis
1332 2805 1385 2838 his
1411 2806 1518 2837 cohor·
