1872 3115
377 172 469 201 12113.
501 171 552 200 11.
584 170 690 199 CAP.
721 158 762 199 G.
797 168 858 198 Dr:
894 168 1047 198 nmmo
1080 167 1309 198 GALLico.

115 276 184 299 sec.
201 268 353 299 Vossian.
370 268 467 308 prim.
483 267 617 298 Duker.
635 271 670 297 et
686 265 749 296 Ed.
767 266 808 297 R.

114 319 274 361 Stephani
288 321 420 359 possent.
456 317 556 350 Quod
573 317 695 357 placet.
730 315 807 347 Cel-

114 379 168 401 sus
209 370 346 400 centur-is
380 367 607 398 commeatibus.
673 366 806 396 Passim

115 421 230 452 emar
245 429 319 450 cum
339 418 476 459 reliquis
491 416 715 457 scriptoribus
729 427 809 447 com-

112 473 230 501 meatus
242 478 378 499 numero
394 468 514 509 plurali
538 468 688 499 adhibet.
707 476 764 498 ιιι.
778 470 809 498 3.

112 522 120 537 ⁴
135 522 254 561 Neque
269 523 474 551 commeatus
490 517 695 558 subportari,
706 517 810 548 inter-

113 570 213 601 clusis
227 569 415 608 itineribus,
427 573 564 609 possent
579 570 598 599 :'
622 574 657 599 ut
671 568 717 599 ibi
733 577 810 599 con-

112 626 245 652 stanter
261 626 312 651 est
326 620 543 651 inMss.v=11.
556 621 668 651 30.37.
689 620 698 635 ⁴
715 617 811 650 Com-

109 675 241 702 meatus
261 671 452 711 complures
477 668 742 710 intercipiebat?
767 669 808 699 B.

113 721 186 753 Civ.
216 731 241 752 1.
268 724 320 752 36.
355 722 364 738 ‘
383 721 542 762 Reliquas
570 730 697 752 merces
723 729 811 751 com-

110 771 334 812 meatusque!
362 772 403 802 B.
432 771 531 802 Alex.
557 781 587 802 c.
610 773 663 801 25.
702 770 810 801 ‘Insi-

111 821 291 852 diabantur
315 822 440 853 nostris
464 821 729 853 commeatibus!
768 822 807 852 B.

111 870 224 903 Afric.
255 882 285 903 e.
316 874 347 903 8.
385 873 394 889 ‘
414 872 562 910 Auxilia,
589 876 811 911 commeatus,

110 919 316 953 frumentum
335 922 500 953 mittenda
517 921 702 953 curarent.'

153 974 193 1002 21
221 971 395 1012 Relinquit]
439 973 495 1003 Sic
532 973 600 1003 Me.
635 972 741 1003 Norv.
770 971 811 1002 In

111 1021 213 1053 editis
227 1022 363 1062 reliquit.
411 1023 522 1053 Duris.
567 1022 727 1062 Relinquit
743 1022 812 1063 ple-

112 1072 208 1113 rique
221 1072 324 1102 etiam
342 1072 420 1103 mei.

156 1122 195 1153 In
220 1122 434 1163 altitudinem]
477 1123 532 1154 Sic
571 1123 706 1164 quidem
734 1131 811 1154 cum

113 1171 199 1203 Edd.
215 1170 336 1202 mediae
354 1172 466 1203 aetatis
481 1173 583 1213 vulgo
600 1172 724 1211 edunt;
746 1182 811 1204 nec

112 1222 286 1264 quisquam
311 1222 354 1253 de
376 1223 442 1253 alia
466 1223 612 1254 lectione
638 1223 810 1255 admonet.

110 1271 159 1303 At
173 1281 255 1304 vero
269 1272 318 1303 ita
331 1273 363 1303 in
377 1282 526 1304 meorum
543 1273 706 1304 Codicum
720 1274 811 1304 nullo

110 1322 293 1363 reperitur.
341 1323 468 1354 Omnes
496 1323 705 1363 Gruteriani,
730 1324 812 1355 mei-

112 1383 177 1414 que
195 1373 358 1404 exhibent
383 1374 560 1414 altitudine,
584 1384 692 1415 neque
710 1374 813 1406 aliter

113 1424 200 1456 Edd.
217 1423 348 1464 primae,
373 1428 542 1465 quotquot
558 1424 642 1463 vidi,
657 1424 739 1456 item
754 1434 813 1455 nu-

112 1484 202 1515 perae
230 1474 374 1505 Amstel.
405 1479 440 1504 et
472 1474 721 1515 LugdunensiS.
765 1475 812 1505 Et

109 1526 173 1556 hoc
190 1525 346 1556 Latinum
365 1534 450 1563 esse,
474 1533 573 1554 nemo
589 1533 690 1554 sanus
714 1533 812 1564 nega-

112 1575 212 1606 verit.
256 1574 323 1606 Sed
339 1583 363 1605 1.
378 1577 408 1606 8.
433 1575 442 1591 ‘
458 1574 596 1605 Murum
612 1575 646 1605 in
660 1574 811 1604 altitudi-

111 1633 190 1655 nem
205 1624 330 1665 pedum
347 1623 508 1662 sedecim,
532 1623 723 1664 fossamque
738 1633 813 1664 per-

112 1673 227 1713 ducit,’
265 1673 431 1714 quomodo
457 1672 504 1704 ibi
535 1677 733 1703 constanter
756 1673 813 1703 ha-

111 1723 193 1754 bent
212 1723 296 1754 Mss.
320 1727 446 1763 praeter
468 1723 670 1753 Vossianum
693 1731 811 1753 secun-

113 1773 203 1804 dum.
231 1781 296 1804 vn.
314 1775 345 1803 8.
369 1772 378 1788 ‘
395 1772 543 1803 discussa
558 1773 635 1802 nive
648 1780 698 1802 vr.
716 1771 750 1802 in
767 1772 812 1802 al-

113 1822 293 1854 titudinem
310 1821 458 1864 pedum.'
482 1821 536 1853 Ibi
553 1826 620 1852 tres
642 1821 725 1853 Mss.
743 1823 751 1838 ‘
766 1822 812 1852 al·

113 1872 282 1904 titudine!
300 1881 329 1902 c.
345 1875 400 1903 73.
423 1872 432 1889 ⁴
450 1877 519 1903 tres
545 1871 580 1902 in
595 1872 812 1903 altitudinem

113 1922 216 1964 pedes
242 1922 460 1954 fodiebantur
485 1922 654 1954 scrobes:’
678 1922 735 1953 ubi
758 1932 811 1953 ea-

112 1974 190 2005 dem
205 1973 361 2004 varietas.
384 1982 424 2004 11.
441 1975 494 2004 29.
522 1973 531 1989 ‘
547 1972 659 2003 aditus
676 1973 710 2003 in
736 1972 811 2004 lati—

113 2024 265 2055 tudinem
279 2024 298 2062 ;’
327 2023 386 2054 sed
410 2028 446 2054 et
474 2023 518 2055 ibi
545 2024 627 2054 Mss.
654 2023 809 2054 variant:

112 2074 192 2106 alibi
215 2076 224 2092 ‘
243 2074 278 2105 in
302 2074 448 2105 circuitu
464 2073 483 2112 ;‘
517 2073 559 2104 de
585 2082 650 2115 quo
674 2072 752 2103 vide
769 2072 812 2103 ad

114 2135 146 2156 v.
158 2127 212 2156 42.
229 2124 289 2155 sed
305 2123 550 2156 Accusativum
567 2125 600 2154 in
614 2123 813 2155 altitudinem

114 2180 150 2206 et
165 2175 388 2214 longitudinem»
412 2173 571 2215 praefero.
616 2175 625 2191 ‘
639 2174 680 2205 In
697 2174 812 2205 latitu-

114 2225 228 2256 dinem
244 2224 373 2265 patere’
401 2234 426 2255 1.
443 2227 474 2256 2.
501 2234 542 2256 ιι.
560 2228 591 2256 7.
609 2227 639 2256 8.
664 2228 702 2256 ut
725 2225 812 2257 bene

114 2275 235 2316 scripti
251 2280 286 2307 et
302 2275 407 2315 Editi,
419 2276 626 2316 paucissimis
642 2277 809 2316 exceptis.

113 2334 170 2356 111.
186 2328 239 2356 13.
264 2326 273 2342 ‘
289 2334 331 2356 ex
354 2325 531 2366 pedalibus
548 2327 580 2356 in
596 2326 810 2358 latitudinem

113 2374 292 2407 trabibus!
323 2385 358 2407 v.
381 2378 431 2407 14.
461 2381 497 2406 et
523 2377 721 2417 saepissime.
762 2377 811 2409 At

113 2436 178 2458 vn.
198 2429 250 2458 46.
286 2427 370 2458 Mss.
398 2426 534 2467 plurimi
567 2437 642 2458 cum
666 2428 811 2469 vulgatis

110 2477 120 2493 ⁶
138 2476 170 2507 in
195 2476 409 2517 longitudine
437 2486 486 2508 vr.
518 2477 643 2518 pedum
679 2488 811 2510 murum

114 2526 377 2567 praed11xerant.’

154 2579 196 2608 22
219 2577 348 2608 Munire
361 2577 467 2618 jubet]
499 2579 665 2619 Bongars.
683 2578 810 2619 primus

112 2626 250 2663 ”iunii-i:
285 2631 323 2658 ut
361 2628 481 2660 volunt
512 2629 648 2670 quidam
677 2638 811 2669 semper

113 2676 192 2717 legi,
214 2677 320 2710 sinon
336 2678 481 2711 addatur
493 2678 718 2710 Accusativus
736 2689 811 2721 per-

117 2736 219 2761 sonae.
259 2729 326 2761 Sed
351 2729 408 2762 ille
431 2730 512 2762 satis
533 2729 810 2771 subintelligitur.

1481 157 1566 197 975

860 267 946 297 Vide
964 277 1016 298 me
1037 267 1079 298 ad
1108 268 1231 299 Lucan.
1250 275 1284 298 x.
1303 269 1377 298 347.
1404 272 1439 298 et
1458 267 1559 298 Fron—

860 316 920 345 tin.
942 326 981 347 11.
999 321 1028 347 5.
1047 321 1098 348 46.
1130 326 1184 348 ιιι.
1206 321 1254 348 15.
1273 320 1302 348 6.
1327 318 1335 334 ‘
1354 316 1561 348 frumentum

860 366 892 396 in
911 365 1018 397 forum
1031 367 1380 408 comportarejussit.’
1406 367 1478 398 Liv.
1497 375 1565 398 ΧΠ.

861 417 891 446 3.
914 416 1029 456 ‘ligna
1054 418 1221 457 projicere
1247 418 1371 458 jubent
1386 417 1406 448 2'
1443 422 1477 448 et
1505 427 1566 449 sae-

862 464 1012 504 pissime.
1037 466 1159 497 Cicero
1173 468 1272 498 Catil.
1291 477 1344 499 ιιι.
1358 470 1388 498 8.
1412 469 1419 484 ‘
1440 468 1563 498 Iidem—

861 523 926 555 que
946 515 1133 554 jusserunt.
1158 517 1372 548 simulacrum
1394 518 1490 550 Jovis
1518 517 1566 549 fa-

862 573 940 595 cere
957 565 1085 605 majus.’
1131 567 1292 597 Variatur
1315 569 1347 598 in
1364 569 1412 598 his
1426 568 1565 600 crebro:

862 614 910 645 sic
927 614 1016 645 idem
1037 616 1197 656 Bongars.
1225 627 1276 656 pr.
1301 626 1334 647 v.
1361 622 1407 649 ll.
1432 620 1440 635 ‘
1459 619 1568 650 Revo-

862 664 932 695 cari
963 669 1065 706 atque
1101 665 1266 696 desistere
1301 667 1427 706 jubet‚’
1461 668 1566 700 habet

860 724 1012 747 ret-ocare.
1073 716 1180 747 Immo
1212 726 1326 747 omnes
1368 717 1441 749 fere
1480 719 1567 750 Mss.

861 774 891 797 c.
905 768 958 796 33.
983 767 1183 807 ‘jusserunt
1198 768 1448 808 pronunciare)
1467 778 1506 799 ac
1523 769 1566 801 B.

862 816 936 848 Civ.
964 826 1002 849 ιι.
1028 822 1080 850 25.
1115 819 1124 835 ‘
1143 819 1368 859 pronunciare
1399 820 1563 851 onerariis

857 866 983 907 jubet.'
1015 878 1080 899 vu.
1110 872 1163 900 47.
1209 871 1217 886 ‘
1237 870 1406 910 Receptui
1444 879 1567 902 canere

855 918 982 960 jussit.'
1005 920 1103 951 Leid.
1118 931 1170 961 pr.

905 978 954 1001 Vl.
974 973 990 1000 1
1016 969 1066 1000 Ab
1083 970 1158 1010 ipsis
1174 970 1216 1010 c.]
1232 970 1316 1000 Mss.
1331 970 1368 1000 ab
1381 970 1430 1000 his
1442 971 1564 1002 castris.

863 1019 965 1052 Quod
981 1025 1016 1050 et
1033 1020 1152 1051 melius
1168 1021 1340 1052 convenit.
1359 1021 1473 1052 Graec.
1490 1021 1567 1052 Ἀπὸ

860 1073 1025 1110 TOTI'OT,
1051 1074 1115 1102 dcc.
1173 1071 1282 1102 Clark.
1339 1071 1411 1102 Mei
1451 1081 1567 1102 omnes

862 1129 996 1161 quoque
1027 1121 1086 1160 his,
1118 1127 1266 1161 excepto
1308 1121 1404 1152 Leid.
1448 1122 1568 1161 primo.

862 1172 940 1212 His,
956 1172 1029 1212 hiis,
1052 1173 1091 1204 iis
1107 1174 1211 1205 etiam
1223 1174 1319 1206 Vett.
1335 1172 1424 1205 Edd.
1442 1173 1568 1205 Posset

862 1220 967 1253 fuisse
984 1223 1064 1254 istis.
1110 1223 1166 1254 Ab
1184 1223 1274 1255 Aldo
1299 1222 1493 1264 profectum
1516 1228 1569 1255 est

862 1272 950 1312 ipsis.
995 1273 1063 1304 Sed
1079 1274 1152 1305 haec
1168 1275 1293 1305 leviora
1306 1278 1395 1305 sunt.

904 1327 924 1355 4
950 1324 1111 1356 Gallorum
1144 1327 1249 1356 eadem
1277 1329 1368 1366 atque
1393 1325 1569 1364 Belgarum

861 1375 1050 1413 oppugnatio
1067 1374 1128 1415 est]
1153 1375 1249 1414 Sunt,
1281 1385 1364 1416 quos
1395 1384 1435 1405 ea
1466 1373 1569 1404 verba

862 1422 1060 1456 offendant:
1085 1435 1149 1465 ego
1165 1426 1316 1466 quamvis
1331 1425 1410 1455 nihil
1435 1425 1488 1456 hic
1509 1425 1568 1455 iin-

862 1474 1018 1513 probem,
1054 1476 1147 1505 volui
1178 1481 1289 1506 tamen
1317 1475 1468 1506 indicare
1492 1475 1568 1506 Flo·

862 1523 983 1555 doardi
1001 1526 1122 1563 locum,
1147 1527 1204 1565 qui
1229 1534 1254 1556 1.
1273 1528 1324 1556 ll.
1352 1526 1401 1556 ita
1427 1525 1498 1556 haec
1522 1524 1568 1556 ci·

863 1576 927 1610 tat,
950 1574 959 1590 ‘
976 1573 1152 1605 Gallorum
1178 1580 1282 1616 atque
1309 1575 1492 1615 Belgarum
1509 1585 1567 1616 op-

860 1623 1027 1663 pugnatio
1050 1623 1122 1655 haec
1141 1635 1148 1654 :
1174 1624 1232 1654 ubi
1249 1625 1468 1665 circumjecta
1484 1625 1566 1656 mul-

864 1673 1034 1712 titudiue,'
1071 1675 1135 1705 &tn
1187 1674 1320 1706 Vossius.
1364 1676 1447 1705 Mss.
1481 1676 1565 1715 Reg.

863 1723 989 1754 Eliens.
1020 1728 1056 1755 et
1082 1724 1216 1762 Vossii3
1253 1726 1261 1741 ‘
1278 1726 1488 1765 oppugnatio
1513 1731 1567 1757 est

862 1773 949 1804 haec.
995 1772 1089 1812 Ubi‚'
1106 1776 1170 1805 δερ.
1216 1775 1292 1807 Quo
1309 1774 1408 1805 modo
1433 1775 1459 1805 si
1485 1776 1566 1806 scri-

863 1821 976 1863 batur,
1000 1822 1145 1854 delenda
1166 1824 1233 1854 erit
1258 1834 1324 1855 vox
1347 1826 1465 1863 eadem,
1490 1836 1564 1866 quae

863 1873 1018 1913 proxime
1035 1874 1234 1914 praecessit:
1260 1880 1298 1906 ut
1324 1874 1471 1906 defuisse
1494 1876 1566 1917 qui·

863 1923 940 1954 dem
958 1923 991 1953 in
1008 1923 1069 1954 hoc
1086 1925 1175 1965 loco,
1199 1934 1219 1955 a
1235 1926 1427 1957 Flodoardo
1446 1927 1564 1966 citato,

862 1973 991 2004 iudicat
1020 1974 1172 2006 Vossius.
1229 1976 1304 2007 Nec
1332 1981 1444 2007 tamen
1474 1977 1566 2018 quic-

863 2033 964 2065 quam
990 2025 1199 2057 mutandum.
1248 2027 1355 2058 Clark.
1402 2027 1442 2058 In
1473 2029 1565 2059 nullo

863 2074 930 2104 Ms.
961 2079 1013 2106 est
1030 2075 1071 2106 Ιιί.
1118 2076 1166 2106 Εο
1189 2081 1241 2107 est
1265 2077 1300 2107 in
1317 2076 1474 2109 Andiuis.
1519 2078 1566 2109 At

863 2124 942 2155 Pet.
967 2125 1085 2165 Cujac.
1110 2126 1207 2158 Leid.
1229 2127 1327 2167 prim.
1354 2128 1461 2169 Bong.
1481 2133 1563 2160 tert.

861 2175 987 2216 Scalig.
1006 2186 1041 2206 uc
1057 2177 1168 2218 Bong.
1192 2177 1291 2217 prim.
1313 2178 1445 2209 Duker.
1462 2178 1564 2210 Voss.

863 2235 932 2257 sec.
977 2226 1043 2256 Hic
1071 2226 1170 2258 Gott.
1194 2228 1293 2259 Voss.
1327 2233 1407 2260 tert.
1435 2229 1488 2260 hec
1510 2229 1564 2260 vel

861 2275 926 2306 ἡαπ·
942 2276 1050 2316 Bong.
1069 2287 1136 2308 sec.
1160 2278 1258 2308 Voss.
1277 2279 1374 2318 prim.
1393 2279 1564 2319 Egmund.

862 2326 990 2357 Lovan.
1007 2337 1083 2358 cum
1101 2328 1248 2369 quinque
1265 2329 1338 2359 aliis
1362 2333 1398 2360 et
1421 2329 1484 2360 Ed.
1508 2329 1565 2360 In-

862 2381 966 2408 certa.
1013 2378 1114 2411 Quod
1143 2379 1272 2410 idcirco
1303 2380 1438 2410 interim
1458 2376 1567 2421 'repo-

863 2426 925 2467 sui‚
952 2427 1060 2459 donec
1091 2428 1171 2469 quid
1201 2429 1328 2460 certius
1357 2428 1562 2470 proferatur.

862 2477 986 2519 Neque
1002 2478 1114 2516 video,
1137 2488 1278 2510 necesse
1295 2489 1381 2519 esse,
1402 2484 1440 2511 ut
1456 2481 1562 2510 eadem

861 2527 1029 2569 deleatur,
1053 2531 1134 2561 licet
1161 2532 1295 2563 exsulet
1321 2533 1422 2572 plane
1446 2541 1464 2562 a
1479 2532 1563 2562 Vos-

861 2579 953 2611 siano
979 2582 1100 2621 primo,
1137 2583 1227 2623 quod
1260 2583 1394 2623 egregie
1433 2582 1563 2614 Clarkii

862 2630 1077 2663 confirmaret
1118 2633 1363 2673 conjecturam.
1437 2633 1561 2664 Sensus

861 2686 929 2712 est:
966 2681 1201 2723 Obpugnatio,
1225 2693 1301 2723 quae
1328 2682 1435 2714 Gallis
1457 2688 1562 2725 atque

861 2732 978 2774 Belgis
992 2739 1046 2766 est
1062 2734 1261 2775 communis,
1271 2739 1323 2766 est
1337 2734 1420 2767 haec.
1431 2736 1473 2769 B.
1486 2736 1562 2769 Civ.
