1818 3131
244 199 359 242 1118

242 303 314 334 tela
328 301 423 341 focis,
437 311 476 334 ac
493 311 570 333 mox
583 306 752 343 concepto
769 303 845 343 igne
861 303 942 335 ruti·

243 353 347 384 lautia
364 353 450 383 intra
465 353 774 392 castrajecernnt!
812 355 941 385 Statius

245 403 408 443 Papinius
430 402 620 434 Thebaidos
648 404 668 434 l.
695 412 728 434 v.
755 405 765 421 ⁴
783 404 941 436 crinitum

244 452 380 484 missile'
420 453 597 493 appellat:
636 455 870 496 ‘Spiculaque
906 461 941 487 et

243 503 348 533 multa
366 502 525 534 crinitum
543 504 664 536 missile
680 504 836 536 flamnia.'
876 506 941 537 Ubi

243 558 488 584 commentator
513 555 586 595 ejus
616 555 777 587 Placidus
802 557 943 587 Lactan-

245 603 311 633 tius
347 613 408 644 per
443 610 602 646 stuppam
633 607 742 647 ignem
779 608 940 638 insertum

246 651 350 684 fnisse
367 653 587 686 demonstrat.
621 656 688 687 Sed
703 656 851 687 dubitari
868 666 941 697 pos-

244 704 300 743 sit,
332 713 373 734 an
406 706 615 746 temporibus
643 707 720 746 illis,
756 707 798 738 de
823 708 941 748 quibus

246 755 397 796 loquitur
424 756 599 796 Papinius,
636 757 808 788 inventum
838 757 943 788 fuerit

247 805 279 835 aa
302 806 360 836 teli
385 815 500 845 genus.
552 798 684 837 vomas.
732 807 943 846 Ignitatela,

244 854 371 895 διάπυρα
385 856 478 895 βέλη,
503 862 539 887 nt
557 863 649 888 recte
668 857 941 897 Metapln·astes;

244 906 355 945 qualia
375 910 453 936 sunt
477 906 622 937 malleoli
648 910 682 937 et
711 905 874 945 t'alaricae,
901 907 942 937 de

244 955 367 996 quibus
412 956 577 987 videndus
618 957 749 997 Lipsius
793 957 941 989 Poliorc.

246 1005 267 1034 l.
286 1013 317 1036 v.
337 1005 426 1036 Dial.
442 1009 471 1037 5.
520 1005 631 1037 Daris.

288 1057 306 1085 3
337 1056 374 1085 In
401 1065 485 1086 casas
511 1066 577 1096 quoe
603 1066 686 1087 more
719 1057 839 1088 Gallico
861 1061 942 1089 stra-

246 1107 355 1137 mentis
370 1111 458 1137 cram
475 1109 578 1148 lectoe]
601 1107 792 1140 Jornandes
809 1109 851 1139 de
868 1110 942 1140 Bri·

247 1157 367 1196 tannis,
389 1159 398 1174 ‘
416 1158 549 1197 virgeas
565 1158 719 1189 habitant
743 1159 860 1196 casas‚’
881 1160 942 1199 ait,

237 1206 308 1245 jam
334 1216 414 1237 vcro
437 1208 677 1240 Britannorum
701 1209 846 1240 aediticia
866 1209 944 1240 Gal-

246 1257 318 1288 licis
335 1258 519 1289 consimilia
532 1257 634 1290 fuisse
650 1269 751 1300 supra
764 1260 879 1290 (ms-ar
892 1270 942 1291 re-

245 1307 332 1338 tulit.
377 1308 487 1339 Etiam
513 1309 659 1349 scriptor
683 1310 725 1341 (le
751 1310 840 1341 bello
865 1310 943 1341 His-

244 1357 418 1396 paniensi:
445 1359 454 1376 ‘
473 1358 515 1388 ad
531 1368 638 1399 casas,
657 1369 730 1400 qnae
748 1360 943 1390 stramentis

245 1406 287 1436 ab
313 1408 434 1439 nostris
460 1407 677 1439 hibernorum
701 1418 819 1440 caussa
839 1408 944 1440 aedifi-

243 1460 330 1488 catae
348 1458 470 1489 erant.'
520 1459 652 1490 Vossius.

287 1510 308 1537 6
332 1507 482 1547 luscum,
505 1510 591 1550 quusi
616 1513 719 1550 partu,
740 1511 807 1551 Syru]
835 1511 890 1542 Ita
909 1516 944 1542 et

246 1556 401 1594 Graecns,
462 1561 579 1601 '‘pav733
628 1561 942 1599 ἐπακολουθήσαντες.

244 1607 405 1649 Plerique
425 1615 536 1641 tamen
554 1612 711 1652 Codices,
728 1614 868 1652 clamore,
881 1613 943 1644 sic-

244 1658 294 1689 uti
322 1662 427 1699 parta,
458 1662 510 1699 ᾃε.
578 1662 678 1694 Quod
711 1663 852 1703 perinde
882 1669 943 1694 est.

244 1709 352 1740 Clark.
398 1711 554 1751 Vulgata*
572 1713 710 1744 lectioni
732 1713 848 1745 favent
864 1724 944 1756 quo-

243 1768 309 1799 que
334 1760 450 1801 Cujac.
483 1761 571 1792 And.
595 1763 685 1795 Scal.
716 1765 810 1796 Leid.
839 1775 890 1805 pr.
909 1770 944 1796 et

245 1809 358 1841 Oxon.
386 1817 421 1842 et
446 1822 488 1843 ex
516 1818 614 1852 parte
643 1814 765 1845 Petav.
803 1816 860 1856 qui
887 1816 943 1846 113-

243 1859 302 1891 bet
316 1863 412 1892 secuti
439 1867 475 1892 et
501 1863 630 1903 quasia
647 1874 689 1894 m.
715 1874 782 1896 sec.
829 1865 943 1896 Ceteri

243 1919 359 1941 omnes
375 1921 452 1943 cum
468 1911 555 1943 Edd.
581 1914 822 1954 antiquissimis
851 1915 944 1946 sicuti

240 1960 423 2000 partajam.

288 2013 328 2042 12
362 2013 433 2043 Non
468 2014 554 2044 modo
590 2014 785 2051 demigrandi
822 2015 944 2056 caussa]

244 2060 356 2093 Recte
374 2063 517 2095 Graecus
543 2064 612 2103 οὐχ’
639 2064 718 2096 ὅπως
737 2066 838 2104 φυγῆς
854 2064 943 2104 ἐμέμ-

244 2124 347 2150 νηντο.
394 2115 584 2153 Drmigrurc
611 2116 663 2146 1110
689 2116 777 2147 idem
802 2116 944 2154 Camari,

245 2162 336 2203 quod
353 2164 427 2195 aliis
441 2164 599 2196 deserere
615 2170 725 2196 castra
739 2171 797 2196 aut
812 2164 941 2205 sugero.

250 2212 384 2244 Vossius.
430 2214 550 2245 Animo
568 2215 631 2246 loci
653 2216 702 2246 sui
720 2216 943 2257 relinquendi.

243 2263 384 2295 Plautus
403 2264 552 2305 Ampliit.
584 2265 661 2297 Act.
694 2275 716 2297 1.
743 2267 797 2297 Sc.
830 2269 858 2297 1.
890 2270 942 2297 85.

239 2314 248 2330 ‘
271 2313 426 2345 Animam
453 2315 624 2354 omittunt,
649 2317 840 2358 priusquam
868 2318 943 2349 loco

245 2363 456 2403 demigrent.'
491 2358 635 2398 Cave-1¹.
651 2367 828 2398 Ciacconio
842 2367 943 2399 fidem

243 2413 382 2452 habeas,
405 2416 460 2455 qui
485 2416 626 2447 verbum
652 2418 862 2457 restinguendi
887 2429 944 2460 ap-

244 2463 466 2505 tiusjudicat.
513 2467 622 2498 Dari-⁹.

287 2516 327 2546 13
343 2515 439 2547 Poene
455 2526 492 2546 ne
504 2517 668 2557 respiceret
684 2519 820 2560 quidem]
844 2520 943 2551 Desi-

243 2563 338 2595 derio
360 2571 545 2597 commotus
569 2577 683 2599 earum
709 2578 832 2609 rerum,
861 2580 943 2610 quas

243 2619 318 2646 erat
356 2616 563 2656 perditurus.
617 2618 688 2650 Jul.
729 2620 844 2650 Celsus
882 2620 941 2651 vit.

244 2665 331 2696 Caes.
349 2675 382 2706 p.
399 2669 451 2697 96.
477 2667 518 2697 de
542 2668 603 2699 hac
629 2679 665 2700 re
694 2670 741 2701 sic
770 2671 940 2711 loquitur:

243 2716 252 2731 ‘
271 2715 356 2746 Cum
386 2715 533 2748 fortunae
558 2727 674 2750 eorum
698 2720 856 2751 incendio
874 2731 943 2752 om-

243 2775 302 2797 nes
326 2765 598 2810 absumerentur,
625 2779 795 2812 nunquam
822 2772 942 2814 aliquis

707 210 852 241 No'rAE
884 209 1149 241 VARIORUM
1184 210 1235 240 IN

992 303 1033 334 ad
1051 304 1123 334 illas
1141 303 1274 335 oculum
1299 302 1516 335 reflecteret!
1571 303 1691 335 Multis

990 354 1075 386 hanc
1099 355 1303 385 locutionem
1327 353 1510 386 illustravit
1534 353 1584 385 vir
1607 363 1692 385 sum-

991 414 1063 435 mus
1091 405 1191 437 Joan.
1214 405 1364 437 Clericus
1390 404 1463 436 Art.
1487 404 1572 436 Crit.
1593 403 1689 436 Part.

992 464 1016 486 1.
1033 465 1064 486 c.
1083 459 1134 486 ll.
1149 457 1164 496 ς
1179 459 1230 487 ll.
1277 456 1389 487 Daris.

1035 509 1073 536 17
1103 506 1146 536 l'e
1160 507 1207 546 se]
1228 506 1326 537 Hanc
1344 505 1546 537 locutionem
1564 515 1629 536 non
1645 504 1692 536 in·

992 556 1125 586 tellexit
1140 556 1386 587 Hotoinannus.
1422 556 1590 588 Emendat
1604 557 1692 588 enim

991 606 999 622 ‘
1014 605 1070 636 lta
1085 605 1138 643 se‚’
1154 606 1206 643 &aa
1233 605 1333 638 Quod
1349 612 1461 638 tamen
1476 616 1606 637 sensum
1621 606 1693 637 nul-

993 655 1024 685 lo
1038 654 1136 684 modo
1149 659 1269 685 mutat.
1296 656 1404 686 Clark.
1444 656 1550 688 Quasi
1562 656 1693 687 dict-ret

993 708 1112 744 utpote
1129 705 1234 745 quise,
1247 707 1299 744 &a
1317 705 1359 736 V.
1375 705 1416 735 ad
1435 706 1549 737 Front.
1567 715 1589 736 1.
1609 708 1640 736 2.
1659 706 1690 736 in

993 754 1015 785 f.
1031 755 1085 785 vel
1098 760 1134 786 ut
1146 755 1292 787 dicitur:
1324 755 1366 786 Ut
1383 758 1483 793 crant,
1497 755 1574 786 sicut
1586 758 1692 786 erant:

994 815 1070 846 quae
1089 805 1170 836 trita
1197 811 1248 836 est
1273 806 1408 836 locutio.
1455 805 1561 836 Immo
1579 811 1693 837 noster
1723 831 1729 837 .

993 856 1172 896 aliquoties
1203 856 1250 887 ita
1277 856 1340 886 hac
1370 856 1537 896 particula
1565 856 1691 886 utitur:

994 905 1070 936 vide
1118 915 1167 937 w.
1202 909 1232 936 7.
1279 915 1344 937 111.
1391 909 1443 938 45.
1471 909 1522 937 61.
1565 909 1616 937 88.
1659 911 1696 938 ct

994 957 1129 987 consule
1155 956 1205 988 Cl.
1221 957 1299 987 Bos.
1317 955 1494 987 Animadv.
1513 956 1554 987 ad
1584 957 1694 988 (1053-

994 1015 1064 1037 rem
1090 1017 1123 1047 p.
1153 1009 1205 1037 20.
1238 1007 1337 1047 plane.
1366 1007 1414 1038 uti
1450 1007 1515 1045 hic,
1548 1015 1614 1038 vu.
1640 1009 1692 1038 46.

993 1060 1002 1074 ⁴
1023 1058 1068 1088 Ut
1096 1057 1237 1089 meridie
1277 1056 1543 1098 conquieverat!
1583 1066 1612 1089 c.
1637 1060 1693 1088 08.

993 1108 1057 1139 ‘ut
1088 1117 1149 1148 pro
1184 1108 1302 1138 castris
1329 1107 1577 1139 collocaverat!
1612 1115 1692 1138 vm.

995 1161 1046 1189 14.
1071 1159 1079 1175 ‘
1099 1158 1148 1189 uti
1165 1159 1391 1190 consederant
1405 1158 1424 1189 :‘
1447 1159 1497 1189 uti
1514 1158 1692 1200 legendum

994 1213 1060 1241 est.

1037 1268 1135 1290 xmv.
1152 1262 1171 1290 2
1195 1260 1314 1290 Primis
1327 1259 1501 1300 ordinibus]
1527 1255 1694 1291 111101Ιῖ03-

995 1320 1056 1341 nus
1085 1310 1221 1341 videtur
1245 1311 1317 1342 liaec
1343 1311 1390 1341 113
1417 1320 1564 1351 capere;
1599 1310 1694 1351 quasi

994 1360 1043 1391 illi
1066 1361 1138 1400 jam
1167 1361 1210 1391 ad
1238 1361 1364 1401 primos
1391 1361 1526 1392 ordines
1549 1361 1694 1392 hostium

995 1411 1186 1442 venissent:
1249 1421 1441 1452 perperam.
1515 1411 1695 1442 Describit

996 1462 1111 1492 Caesar
1128 1462 1269 1503 gradum
1294 1472 1410 1493 corum
1429 1462 1462 1492 in
1478 1462 1618 1493 militia:
1645 1461 1694 1493 uti

994 1512 1122 1552 optime
1145 1513 1286 1554 exponit
1303 1513 1395 1554 Lips.
1412 1512 1453 1544 de
1469 1523 1504 1546 re
1522 1513 1596 1545 Mil.
1613 1513 1634 1543 l.
1652 1522 1692 1544 11.

994 1563 1087 1594 Dinl.
1103 1566 1134 1594 8.

1040 1614 1075 1645 Τ.
1093 1613 1195 1655 ΡιιζῙίο
1219 1617 1248 1644 et
1266 1613 1303 1644 L.
1327 1613 1476 1654 Varenus]
1506 1614 1611 1644 Manu
1637 1623 1695 1645 ex·
1752 1621 1754 1623 ’

994 1664 1078 1695 arati
1095 1664 1248 1705 Codices,
1272 1669 1342 1695 tum
1363 1665 1442 1703 mei,
1466 1670 1536 1696 tum
1554 1664 1693 1696 3110111111

994 1718 1029 1744 et
1045 1713 1131 1745 Edd.
1150 1714 1394 1755 antiquissimae
1412 1724 1487 1745 cum
1505 1714 1604 1746 Celso
1615 1723 1694 1745 cen-

993 1769 1124 1795 stanter
1150 1764 1203 1795 hic
1229 1769 1264 1795 et
1290 1764 1452 1805 deinceps
1476 1764 1637 1796 exhibent
1655 1765 1693 1797 T.

994 1815 1099 1853 Pullo,
1119 1815 1179 1844 nisi
1196 1815 1285 1855 quod
1303 1825 1386 1846 unus
1410 1820 1446 1846 et
1468 1816 1556 1846 alter
1579 1825 1694 1847 recen-

995 1864 1060 1894 tior
1085 1869 1120 1894 et
1144 1863 1235 1895 Edd.
1264 1865 1359 1895 Rom.
1389 1864 1483 1896 Med.
1501 1866 1588 1897 Ven.
1611 1865 1694 1897 dent

994 1915 1115 1945 Pullus.
1175 1915 1296 1956 Fufius
1325 1915 1449 1946 Audin.
1509 1916 1548 1947 In
1584 1916 1695 1948 Meta-

992 1965 1130 2005 pbraste
1171 1965 1339 2005 scribitur,
1387 1970 1424 1996 ut
1474 1966 1506 1996 in
1548 1966 1693 2007 vulgatis

994 2014 1158 2054 Πουλφίων
1173 2019 1209 2046 et
1233 2016 1376 2055 Βαρῆνος.
1422 2015 1487 2046 Sed
1510 2015 1614 2056 unde,
1638 2026 1693 2047 ve-

993 2066 1050 2096 lim
1067 2066 1167 2097 scire.
1199 2067 1272 2097 Lib.
1290 2065 1423 2107 quidem
1442 2066 1545 2097 tertio
1560 2067 1600 2097 B.
1619 2066 1694 2099 Civ.

995 2126 1025 2147 0.
1042 2119 1094 2147 67.
1122 2116 1261 2157 legimus
1289 2116 1331 2147 de
1363 2116 1396 2148 T.
1412 2117 1571 2156 Pulcionc,
1595 2127 1693 2158 quem

993 2166 1056 2196 viri
1073 2168 1178 2197 Docti
1195 2166 1349 2197 eumdem
1365 2171 1507 2207 putant:
1533 2172 1568 2198 at
1591 2167 1637 2199 ibi
1659 2168 1693 2199 in

994 2217 1075 2248 Mss.
1092 2217 1203 2248 multis
1231 2222 1284 2248 est
1303 2218 1432 2248 Pulione
1455 2218 1509 2249 vel
1534 2219 1694 2258 Pulejone.

994 2268 1104 2298 Etiam
1120 2268 1236 2298 Valer.
1259 2268 1351 2299 Max.
1376 2277 1409 2299 v.
1427 2271 1459 2300 4.
1485 2269 1518 2299 111
1543 2268 1566 2299 f.
1585 2269 1696 2310 cnjus-

993 2318 1069 2350 (13111
1091 2319 1228 2359 juvenis
1259 2320 1452 2360 pinnensis,
1485 2321 1535 2351 cui
1566 2320 1695 2352 Pultoni

992 2379 1157 2408 cognomen
1173 2373 1251 2409 erat,
1267 2370 1389 2401 Italico
1403 2370 1492 2402 bello
1507 2370 1694 2405 fortissimi,

991 2420 1156 2451 meminit.
1202 2421 1328 2451 Verum
1359 2421 1416 2451 ille
1443 2421 1522 2451 nihil
1550 2420 1591 2451 ad
1618 2429 1692 2451 nos·

993 2474 1093 2501 trum.
1138 2471 1312 2501 Pulliorum
1336 2471 1462 2502 mentio
1479 2469 1639 2511 frequens
1658 2471 1692 2502 in

992 2520 1132 2552 Gruteri
1152 2520 1448 2561 Inscriptionibns,
1471 2520 1518 2551 uti
1542 2525 1576 2551 et
1598 2521 1694 2552 Vare-

991 2580 1119 2601 norum:
1145 2580 1206 2610 pro
1220 2580 1285 2610 quo
1300 2570 1354 2601 hic
1371 2570 1454 2600 Mss.
1472 2574 1507 2601 et
1530 2569 1616 2602 Edd.
1634 2580 1692 2612 pp.

992 2630 1031 2651 ac
1058 2620 1174 2651 Celsus
1203 2620 1338 2650 Vorenus
1364 2620 1416 2650 vel
1441 2619 1607 2651 Norenus:
1629 2620 1691 2652 sed

992 2672 1124 2702 variant
1154 2671 1244 2710 dein,
1272 2676 1307 2701 et
1335 2671 1430 2702 multi
1461 2676 1532 2702 tum
1558 2679 1691 2713 quoqne

992 2721 1073 2752 daut
1094 2721 1238 2752 Verenus.
1285 2721 1378 2752 Nihil
1403 2725 1509 2761 muto,
1533 2721 1591 2753 sed
1616 2730 1694 2754 con·

992 2775 1085 2803 stans
1126 2771 1294 2803 Mstorum
1337 2771 1453 2813 lectio,
1494 2773 1688 2804 mutandum
