1818 3131
245 203 357 245 1000
703 216 842 247 NOTAE

244 306 254 324 ‘
273 306 373 340 Quod
386 307 414 339 si
432 308 571 340 voluero
587 317 644 340 eos
659 310 844 350 quadratos
861 311 947 342 redi-

243 367 336 397 gere,
359 359 538 399 plurimum
556 359 637 390 mihi
656 369 698 390 ex
724 360 773 390 his
798 361 946 392 reciden-

243 407 323 438 dum
348 408 430 439 est:’
456 414 492 440 et
517 419 546 441 c.
562 413 616 441 32.
639 411 649 428 ‘
667 415 705 441 tu
732 421 808 442 eum
836 416 946 443 totum

242 457 395 488 inutilem
423 459 612 499 redegisti!
654 461 743 492 Vide
770 461 816 491 sis
840 461 947 492 Auso-

242 508 335 538 nium
353 509 497 540 Mosella
513 520 560 542 νε.
577 513 651 542 224.
677 512 775 551 Idem,
792 522 861 543 cur.
879 522 945 544 sec.

287 566 420 590 xxvul.
433 562 451 590 3
479 561 519 591 In
533 562 681 592 aestuaria
696 572 732 593 ac
748 564 873 602 paludes
887 564 947 593 col-

240 607 534 650 leccestria-eramus]
555 612 604 642 Ex
622 613 804 643 veterrimo
823 614 947 644 Lovan.

242 659 461 692 scribendum
471 663 638 701 conjectam
650 669 686 695 nt
697 669 791 695 recte
801 665 948 705 conjecit

241 707 343 740 Joan.
372 710 614 752 Glandorpius.
661 714 748 745 Vide
770 724 873 754 supra
896 717 946 745 16.

239 765 300 788 111.
327 761 380 790 24.
412 765 447 791 et
476 761 527 793 Cl.
554 763 873 794 Drakenborchium
905 763 948 794 ad

244 808 316 840 Silii
342 819 433 843 xvu.
456 815 509 844 93.
534 814 648 845 Dat-Le.
673 824 744 846 cur.
770 824 837 846 sec.
860 816 947 846 MSS.

243 868 359 891 ornnes
376 862 526 893 retinent
541 865 690 894 conlectos
713 873 771 894 seu
788 865 948 900 collectos,-

242 908 347 939 etiam
366 911 492 942 Lovan.
518 913 697 952 Deceptus
714 918 766 944 est
785 914 948 944 Davisius

242 964 325 990 nota
349 960 472 992 litterae
500 962 548 993 H.
581 963 659 1004 quia
686 963 847 994 Heinsius
872 974 949 995 eum

244 1011 464 1043 consuluerat
488 1013 674 1051 Codicem3
699 1013 757 1045 sed
780 1014 843 1045 hoc
871 1015 948 1046 loco

242 1064 396 1101 notatur,
421 1063 469 1093 ita
494 1063 669 1095 Heinsium
694 1065 895 1105 conjecisse,
911 1071 949 1097 ut

243 1119 319 1142 meo
337 1114 523 1152 exemplari
544 1119 652 1154 patet.
698 1115 826 1147 Eadem
842 1117 951 1148 varie-

243 1165 296 1191 tas
312 1169 369 1193 111.
381 1165 434 1194 24.
456 1163 465 1179 ‘
478 1163 624 1196 Auxiliis
638 1166 670 1197 in
683 1167 828 1198 mediam
843 1167 949 1199 aciem

244 1213 442 1252 conjectis:'
474 1215 530 1246 ubi
559 1221 673 1248 tamen
701 1218 785 1250 Mss.
816 1219 951 1259 plurimi

244 1264 390 1295 conlectis
406 1265 458 1296 vel
475 1267 651 1299 conlocatis.
682 1269 761 1300 vid.
788 1270 891 1300 etiam
909 1269 950 1300 ad

244 1321 328 1344 vm.
345 1317 377 1346 «1.
402 1320 438 1347 et
459 1316 555 1348 doct.
570 1317 738 1350 Juvcnem
756 1319 799 1351 Α.
816 1321 859 1350 V.
878 1321 952 1351 Sta-

245 1372 349 1394 vesen
366 1365 408 1395 ad
427 1365 518 1407 Nep.
537 1367 651 1400 Alcib.
668 1380 696 1401 c.
714 1373 745 1402 7.

287 1417 305 1444 5
330 1413 538 1457 Supera-ant]
562 1418 649 1449 Edu.
674 1420 770 1451 Rom.
795 1425 831 1452 et
855 1422 951 1454 Med.

243 1467 401 1503 superant.
427 1465 636 1499 Veterrimus
651 1469 834 1502 Vossianus
850 1481 954 1511 super·

244 1519 338 1544 arant
377 1515 400 1546 i.
428 1525 458 1547 e.
500 1519 703 1558 superstites
730 1525 840 1561 erant,
864 1521 955 1553 locu-

246 1564 339 1596 tione
362 1566 444 1597 satis
462 1566 534 1607 jam
558 1573 649 1599 nota.
696 1569 834 1610 Inspice
853 1571 954 1603 modo

244 1614 350 1646 Fabri
363 1616 570 1657 thesaurum,
581 1623 616 1649 et
627 1629 710 1660 qnos
722 1619 839 1651 laudat
850 1620 955 1652 Socer

245 1673 340 1696 meus
368 1666 411 1696 ad
441 1666 556 1699 Valer.
583 1668 725 1701 Maxim.
750 1679 775 1701 1.
803 1673 830 1702 1.
860 1672 876 1710 ξ
899 1674 953 1702 20.

244 1717 370 1749 Titium
401 1718 443 1748 ad
474 1719 613 1750 Nemes.
653 1720 779 1761 Cyneg.
803 1730 853 1752 vs.
882 1723 953 1752 115.

245 1776 294 1798 νι.
314 1771 364 1799 19.
389 1769 398 1785 ‘
416 1769 504 1800 Uter
525 1778 640 1800 eorum
663 1770 735 1800 vita
758 1770 953 1810 superarit.'

246 1817 326 1848 Nou
343 1822 456 1849 tamen
481 1817 590 1849 ubivis
613 1819 686 1850 haee
704 1822 832 1850 temere
848 1819 954 1850 incul-

247 1867 379 1898 canda:
405 1877 482 1898 nam
505 1877 659 1908 superesse
683 1877 745 1908 pro
759 1869 954 1908 supervivere

247 1923 343 1949 recte
381 1918 523 1958 dicitur,
565 1925 600 1949 et
638 1920 840 1950 sexcenties.
887 1919 953 1950 Adi

245 1968 381 1999 omnino
399 1968 548 1999 Gellium
575 1978 597 1999 1.
618 1971 670 2000 22.
695 1969 818 2009 Capite
846 1979 952 2010 praec.

246 2017 376 2049 «lictum
394 2023 480 2057 erat,
495 2018 547 2058 qni
561 2023 762 2059 superessent.

292 2077 400 2100 xxm.
415 2071 433 2099 3
460 2069 513 2099 Ex
526 2068 653 2109 itinere]
671 2070 803 2101 Notatu
813 2070 952 2111 dignum

247 2122 312 2157 cst,
322 2119 356 2149 in
365 2118 529 2150 Vossiano
541 2120 648 2159 primo
660 2120 726 2161 legi
743 2121 826 2152 inere
838 2131 953 2161 supra-

245 2168 378 2208 scripto
395 2169 441 2205 ti;
464 2174 499 2200 at
519 2169 551 2200 iu
568 2170 734 2210 Bongars.
751 2171 870 2212 primo,
887 2181 954 2202 om-

246 2217 337 2248 nium
378 2219 533 2250 codicum
572 2220 818 2262 antiquissimo,
856 2221 953 2252 itere:

247 2267 430 2308 quod.viri
462 2267 555 2300 docti
584 2279 650 2300 non
675 2269 784 2301 citant
810 2270 908 2301 modo
935 2281 954 2301 c

248 2317 368 2348 Naevio
398 2322 433 2348 et
472 2317 583 2358 Attio,
611 2319 752 2361 aliisque
781 2321 954 2362 antiquis;

247 2367 307 2398 sed
333 2372 369 2398 et
391 2367 535 2407 probant
560 2369 593 2399 in
622 2369 806 2410 Propertio
842 2371 894 2402 ΕΙ.
914 2380 954 2402 u.

249 2420 298 2448 10.
315 2420 369 2449 40.
393 2419 401 2434 ‘
421 2419 608 2459 Memento,
633 2419 708 2451 Hoc
733 2420 819 2452 itere
843 2421 885 2452 ad
910 2421 955 2452 la-

248 2467 344 2507 pides
363 2477 447 2499 cana
464 2469 579 2500 venire
596 2470 712 2501 meos.¹
746 2470 833 2502 Vide
851 2471 954 2503 etiam

246 2519 357 2559 Sosip.
370 2519 563 2551 Charis.1.1.
578 2530 609 2560 p.
623 2524 694 2552 108.
714 2522 777 2552 Ed.
789 2522 906 2554 l’utsc.
919 2529 954 2555 et

250 2569 340 2601 iufra
357 2580 422 2603 vu.
440 2575 492 2602 55.
539 2572 667 2604 Contra
689 2573 763 2604 aliis
787 2574 821 2605 in
839 2575 954 2606 Nonii·

248 2621 364 2652 nativo
381 2626 432 2653 est
448 2622 554 2653 itiner.

294 2674 333 2702 10
358 2672 424 2712 Ipsi
442 2676 531 2703 erant
555 2683 594 2703 ex
613 2673 762 2713 Cimbris]
797 2675 901 2706 Dion.
930 2677 950 2707 Ι.

251 2732 380 2755 xxxix.
404 2725 469 2755 Κᾶν
482 2724 583 2765 τούτῳ
603 2726 807 2766 Ἀτουατικοὶ,
822 2727 953 2764 πλησιό-

251 2776 344 2815 χωμοί
360 2789 393 2808 τε
411 2777 513 2809 αὐτοῖς
529 2777 626 2820 ὄντες,
644 2777 693 2808 καὶ
708 2777 744 2809 τὺ
759 2777 850 2818 ’γένος
865 2779 903 2810 τό
917 2791 952 2810 τε

882 217 1144 250 VARIORUM
1187 219 1237 250 IN

995 311 1135 352 φρόνημα,
1148 312 1186 342 τὸ
1200 314 1261 344 τῶν
1277 311 1419 354 Κίμβρων
1434 311 1562 353 ἔχοντες
1572 322 1586 346 ἶ
1610 313 1696 346 Inle-

994 364 1055 393 rim
1071 363 1226 401 Aluatici,
1245 364 1338 394 ricini
1354 365 1489 403 illorum,
1512 365 1564 404 qm·
1586 368 1616 396 et
1640 375 1696 405 ge-

995 424 1068 444 nere
1083 417 1111 443 el
1128 414 1240 443 animis
1257 414 1375 444 Cimbri
1392 418 1491 445 erunt.
1527 415 1698 446 Putabam

996 464 1105 502 primo
1131 463 1259 502 φώνημα
1283 464 1475 504 legendnm,
1499 469 1537 495 ut
1563 465 1696 496 diceret

997 512 1183 543 Adriaticos
1208 519 1243 544 et
1268 524 1392 554 genere
1415 519 1451 546 et
1472 515 1587 555 lingua
1611 514 1700 546 Cim-

997 563 1074 593 bros
1086 562 1206 600 fuisse3
1225 565 1315 604 quod
1330 564 1481 604 quamvis
1496 573 1610 594 verum
1626 573 1699 596 cre·

998 613 1087 651 dam,
1105 614 1235 644 retineo
1254 618 1366 644 tamen
1384 615 1566 645 lectionem
1582 615 1697 654 vulga-

998 667 1079 694 tam.
1125 663 1211 694 Nam
1230 664 1302 694 vult
1319 663 1397 703 Dio,
1410 669 1447 695 ut
1465 674 1588 704 genere
1610 664 1700 695 Cim-

998 712 1049 743 bri
1066 719 1175 751 erant,
1199 714 1246 744 ita
1263 722 1325 744 nec
1339 715 1450 744 animo
1474 714 1581 745 minus
1609 714 1700 745 Cim·

1000 763 1089 803 bros,
1124 763 1158 794 id
1195 768 1260 802 est,
1298 764 1436 794 hostiles
1474 768 1510 794 et
1550 763 1699 795 infensos

1000 813 1160 844 Romanis
1188 813 1300 845 fuisse.
1335 815 1467 844 Vossius.
1515 813 1607 845 Male
1634 813 1698 846 boc

1000 863 1136 893 Nerviis
1158 863 1324 894 adscribit
1345 863 1522 904 Appiauus
1547 863 1640 904 Epit.
1659 863 1700 896 B.

1000 911 1122 944 Gallici
1140 923 1170 952 p.
1188 923 1230 944 m.
1250 916 1343 945 1103.

1045 965 1079 993 ll
1109 963 1211 997 Quum
1227 963 1287 993 iter
1303 963 1335 994 in
1353 964 1545 1004 provinciam
1563 967 1702 995 nostram

999 1015 1090 1053 atque
1108 1013 1235 1044 Italiam
1250 1013 1410 1053 facerent]
1448 1014 1580 1055 Ineptit
1607 1014 1702 1045 Ursi·

1000 1072 1073 1102 nus,
1089 1073 1166 1095 cum
1182 1064 1362 1104 legendum
1381 1068 1479 1105 putat
1501 1075 1556 1105 per
1576 1065 1701 1106 provin-

999 1114 1079 1144 ciam
1093 1117 1239 1145 nostram.
1270 1115 1397 1146 Cimbri
1414 1125 1476 1155 per
1492 1115 1702 1156 provinciam

1000 1164 1067 1195 iter
1082 1174 1148 1196 non
1165 1164 1292 1197 fecere.
1338 1166 1423 1196 Pars
1440 1166 1482 1197 ad
1500 1166 1702 1197 Rhodanum

1003 1224 1022 1245 a
1063 1214 1173 1246 Mario
1212 1215 1302 1254 caesi,
1339 1225 1415 1255 pars
1455 1215 1559 1255 Alpes
1593 1221 1702 1246 trans-

1004 1264 1107 1306 gressi
1137 1265 1347 1296 Tridentinis
1372 1265 1478 1305 jugis‚
1513 1274 1588 1306 quae
1626 1274 1704 1305 pro·

1003 1316 1057 1345 cul
1075 1324 1094 1346 a
1118 1315 1300 1356 provincia.
1347 1314 1492 1345 Consule
1513 1314 1703 1346 historicos.

1009 1366 1143 1397 Vossius.

1049 1419 1087 1447 14
1115 1416 1271 1448 Custodiae
1308 1427 1348 1447 ex
1383 1417 1446 1447 suis
1475 1427 1510 1447 ac
1541 1416 1704 1457 praesidio]

1004 1466 1088 1498 Mss.
1106 1467 1213 1498 Norv.
1231 1472 1265 1498 et
1281 1467 1400 1498 Brant.
1417 1477 1492 1498 cnm
1509 1467 1591 1498 edit.
1610 1468 1706 1498 Rom.

1005 1516 1092 1548 Ven.
1117 1517 1231 1557 Steph.
1255 1517 1381 1548 liabent
1402 1518 1571 1548 custodiam
1587 1527 1626 1548 ex
1641 1517 1707 1550 suis

1004 1577 1040 1598 ac
1060 1567 1254 1607 proesidium,
1270 1568 1359 1608 quod
1377 1577 1442 1599 non
1460 1568 1706 1609 repudiandum

1005 1617 1139 1648 censuit
1177 1618 1232 1648 Fr.
1271 1618 1519 1658 Hotomannus‚
1557 1620 1705 1659 vulgatae

1006 1672 1119 1699 autem
1143 1669 1281 1700 lectioni
1306 1670 1461 1709 praetulit
1485 1670 1590 1701 Gabr.
1607 1670 1708 1702 Faer-

1004 1727 1079 1758 nus,
1102 1727 1167 1749 nec
1193 1717 1307 1750 forsan
1335 1720 1503 1751 inmerito.
1544 1721 1708 1755 Davisius.

1005 1769 1090 1800 Mss.
1115 1769 1242 1809 Regius
1264 1769 1347 1800 item
1373 1775 1410 1800 et
1438 1770 1592 1810 Eliensis,
1617 1772 1707 1803 Bon-

1004 1817 1160 1858 garsiani,
1198 1819 1319 1850 Petav.
1362 1819 1473 1852 Palat.
1511 1820 1708 1861 Leidenses,

1004 1867 1129 1907 Scalig.
1154 1868 1320 1908 Eginnnd.
1344 1874 1379 1900 et
1395 1871 1426 1900 3.
1451 1869 1508 1901 alii
1524 1879 1601 1901 cum
1617 1870 1706 1902 Edd.

1005 1918 1120 1958 primis
1136 1918 1264 1949 habent
1288 1919 1467 1950 custodiam.
1514 1919 1706 1961 Iidemque,

1005 1969 1159 2009 exceptis
1177 1968 1271 1999 Leid.
1289 1969 1409 2009 primo,
1427 1974 1463 2001 et
1480 1963 1709 2011 Scaligerano,

1001 2019 1194 2060 proesidium.
1241 2019 1340 2051 Quod
1357 2019 1438 2050 satis
1457 2020 1615 2052 Latinum
1632 2030 1706 2053 esse

1005 2069 1075 2100 scio
1090 2080 1097 2099 :
1122 2069 1180 2100 sed
1197 2069 1286 2100 solet
1303 2069 1403 2100 aliter
1420 2070 1544 2101 Caesar.
1592 2071 1708 2102 Proesi-

1004 2119 1066 2160 clio,
1080 2120 1133 2150 vel
1143 2119 1288 2150 custodiae
1303 2130 1338 2150 ac
1353 2120 1510 2160 prasidio,
1527 2120 1612 2151 bene
1628 2121 1707 2153 reti-

1005 2176 1087 2201 nent
1116 2170 1273 2201 Vossian.
1307 2169 1433 2210 primus
1464 2175 1500 2201 et
1530 2171 1708 2212 secundus,

1005 2221 1140 2252 Carrar.
1172 2221 1283 2251 Oxon.
1319 2219 1446 2250 Audin.
1485 2221 1578 2252 Leid.
1608 2222 1707 2262 prim.

1004 2271 1138 2302 Duker.
1166 2275 1201 2301 et
1227 2270 1294 2302 alii.
1339 2270 1426 2301 Vide
1453 2271 1600 2311 omnino,
1630 2280 1705 2312 quae

1005 2322 1193 2353 notavimus
1208 2322 1249 2352 ad
1276 2331 1299 2352 1.
1323 2325 1376 2352 51.
1402 2322 1581 2362 ‘praesidio
1605 2323 1706 2354 utris·

1006 2381 1071 2412 que
1088 2371 1223 2410 castris,
1240 2371 1330 2412 quod
1347 2371 1429 2402 satis
1448 2371 1554 2402 visum
1571 2376 1636 2411 est,
1657 2381 1707 2403 re-

1006 2422 1102 2462 liquit
1117 2421 1137 2452 :’
1161 2421 1218 2452 ubi
1235 2422 1290 2452 alii
1306 2426 1528 2462 corruperant
1543 2421 1575 2452 iu
1603 2422 1707 2463 ‘prae-

1006 2471 1127 2502 sidium
1158 2471 1317 2513 reliquit,’
1346 2471 1402 2502 alii
1439 2471 1626 2511 ‘praesidio
1655 2481 1708 2503 re·

1004 2521 1110 2553 licto!
1134 2531 1197 2553 vn.
1214 2525 1267 2553 49.
1286 2523 1294 2539 ‘
1311 2522 1420 2554 Quem
1437 2521 1618 2553 minoribus
1635 2532 1708 2554 cas-

1005 2573 1066 2603 tris
1083 2571 1241 2612 praesidio
1258 2570 1468 2611 reliquerat)

1048 2631 1135 2654 xxx.
1154 2625 1172 2653 3
1198 2622 1236 2653 In
1251 2622 1383 2652 circuitu
1403 2630 1462 2653 xv.
1483 2622 1617 2662 milium]
1640 2623 1708 2654 Vo-

1005 2682 1079 2704 cem
1113 2682 1259 2713 passuum
1292 2670 1478 2702 desiderari
1517 2672 1567 2704 ait
1598 2672 1708 2703 Hoto-

1004 2733 1164 2755 mannus:
1201 2722 1304 2752 miror
1332 2726 1461 2752 tantum
1488 2722 1593 2753 virum
1620 2723 1706 2754 adeo

1005 2776 1158 2816 ignarum
1192 2772 1330 2804 Romani
1361 2773 1476 2814 moris,
1514 2773 1609 2814 quasi
1639 2782 1705 2804 non
