1818 3131
212 200 323 242 1096
673 210 813 242 NOTAE

211 306 410 336 monstravit
438 305 520 335 Cer.
540 305 584 335 G.
601 305 634 336 J.
651 305 689 335 F.
709 305 850 336 Vossius
867 305 909 336 ad

210 356 335 386 Velleii
354 354 526 385 Pan—iculi
550 363 588 384 ιι.
610 358 662 385 81.
695 355 804 386 Daris.
849 355 911 386 Re-

211 405 307 435 lictis.
331 404 484 443 Scaliger
501 409 536 434 et
555 405 775 444 recentiores,
792 411 911 436 eontra

213 455 360 486 omnium
378 454 542 486 Codicum
560 454 672 492 tidem,
695 461 730 488 et
754 457 824 488 sine
844 457 911 488 una

210 504 344 534 omnino
372 514 486 544 causa,
517 506 738 546 scripserunt,
765 509 911 538 ramulis:

210 562 292 583 voce
328 553 507 584 admodum
531 555 717 596 ineleganti
741 557 772 587 in
800 558 910 588 locum

209 603 426 641 elegantioris
449 601 605 635 suffecta.
651 608 744 638 Quos
770 606 910 645 proinde

210 653 331 683 merito
347 654 457 694 carpit
476 654 647 686 Davisius.
676 656 780 686 t'lurk.
819 656 911 686 Male

209 703 367 734 Clarkius
392 705 604 744 pronunciat,
627 706 756 736 retentis
773 715 791 735 a
811 705 912 735 Scali-

210 762 293 794 gero
324 754 497 785 inductum
528 765 612 785 esse.
672 756 759 785 Nam
795 755 910 784 multae

210 811 291 837 ante
318 807 426 846 ipsum
451 807 537 838 Edd.
566 807 613 836 ita
636 807 706 846 jam
736 807 911 843 exhibent,

207 861 247 886 nt
263 855 344 887 Ald.
360 857 498 887 vascos.
515 857 633 896 bteph.
651 856 782 896 Grypli.
797 856 911 886 Plant.

211 905 366 946 aliaeque.
413 905 451 935 In
471 905 561 935 nullo
580 910 690 936 tamen
713 905 823 935 inveni
848 905 910 936 Co-

210 955 297 994 dice,
335 955 397 985 uisi
430 955 518 995 quod
554 955 678 986 nullam
709 955 910 986 varietatem

209 1009 382 1036 enotatam
400 1005 468 1035 vidi
493 1015 511 1035 e
536 1006 766 1045 Scaligerauo.
812 1006 912 1036 Relic-

210 1055 253 1084 tis
277 1064 358 1093 ergo
382 1053 470 1084 idun
494 1055 558 1085 erit
586 1064 624 1084 ae
647 1055 772 1094 reliquis·
792 1064 836 1085 sc.
862 1065 911 1085 se—

208 1114 296 1144 cum,
325 1109 361 1134 ut
378 1104 524 1143 conjicit
553 1104 804 1135 rescribendum
823 1105 910 1135 Gru-

209 1159 321 1185 terus:
359 1154 526 1194 quomodo
558 1154 798 1194 Relinquebatur
835 1165 910 1185 mox

209 1208 243 1233 et
261 1203 341 1234 alibi
366 1203 456 1243 apud
481 1209 645 1241 nostrum,
670 1204 833 1241 (docente
861 1204 910 1235 Cl.

210 1253 331 1284 Bossio
359 1252 537 1284 Animadv.
568 1253 600 1283 in
626 1254 712 1284 (Lars.
743 1263 775 1293 p.
800 1257 850 1284 19.
876 1259 911 1284 et

210 1302 420 1333 restituimus
444 1312 501 1333 nos
532 1303 569 1333 B.
587 1303 660 1333 (Σίν.
679 1312 704 1333 1.
726 1302 795 1342 70.)
819 1303 910 1343 poni-

209 1356 265 1382 tur
282 1361 342 1392 pro
359 1352 509 1391 rfliquum
523 1355 601 1382 erat.
648 1352 808 1392 Alioquin
832 1350 911 1382 faci-

208 1400 249 1431 lis
266 1406 357 1432 esset
383 1402 579 1441 conjectura
595 1402 698 1431 clectis
715 1402 765 1432 vel
783 1402 911 1432 selectis

209 1460 240 1482 v.
269 1455 321 1482 52.
351 1454 359 1468 ‘
379 1452 456 1482 Non
484 1462 558 1482 esse
588 1452 742 1482 relictum
770 1452 910 1483 militem

207 1501 288 1532 sine'
299 1501 438 1533 vulnere
453 1501 472 1532 2‘
498 1501 554 1532 ubi
579 1502 662 1532 Mss.
682 1502 816 1542 plurimi
841 1503 912 1533 reli-

208 1561 308 1590 quum.
355 1551 440 1582 Vide
459 1557 493 1582 et
519 1561 584 1582 vu.
610 1555 661 1583 70.
689 1558 723 1582 et
749 1552 840 1583 clare
872 1554 910 1583 B.

209 1602 284 1632 Civ.
306 1611 332 1633 1.
347 1605 399 1633 41.
421 1604 430 1619 ‘
446 1605 538 1636 Quos
561 1603 622 1633 sibi
652 1603 810 1643 praesidio
837 1604 911 1634 reli-

209 1657 331 1692 querat
346 1652 362 1691 ;’
387 1653 442 1684 ubi
462 1653 551 1692 vide,
577 1659 612 1684 et
639 1653 681 1683 ad
707 1662 737 1684 c.
763 1656 814 1684 80.
837 1654 846 1669 ‘
863 1663 912 1683 re-

207 1701 298 1732 lictis
316 1702 506 1743 legionibus
524 1703 743 1743 subsequitur
758 1703 778 1734 :’
807 1703 857 1734 nti
877 1708 912 1734 et

208 1752 250 1783 Β.
268 1754 305 1784 C.
323 1763 379 1784 ιιι.
396 1756 448 1785 74.
465 1757 473 1770 ‘
490 1754 631 1784 Relictis
650 1752 912 1785 munitionibus.’

208 1802 284 1834 Liv.
319 1813 369 1834 lv.
394 1806 446 1835 27.
479 1805 594 1834 ‘nulla
623 1804 654 1833 in
682 1803 800 1843 prttlio
820 1803 912 1843 justo

208 1852 328 1883 relicta
343 1862 403 1892 spe
419 1853 439 1882 :'
467 1853 488 1884 i.
505 1864 534 1883 e.
564 1853 705 1892 reliqua.

251 1902 376 1932 Itinera
410 1906 513 1933 nostra
541 1902 698 1942 sonabat]
743 1902 912 1933 Observa-

206 1952 290 1989 bat;
331 1952 513 1992 παρετήρει;
553 1957 590 1983 ut
628 1956 721 1982 reete
759 1952 911 1982 Graecus.

207 2002 309 2033 Silius
341 2002 483 2034 Italicus
515 2012 564 2034 w.
596 2006 668 2033 381.
703 2002 912 2033 ‘Servabam

210 2052 323 2083 vultus
353 2053 471 2091 Ducis,
499 2058 534 2083 et
566 2052 748 2093 prodentia
777 2062 911 2083 sensum

189 2103 379 2143 *Laminas
422 2104 509 2134 Vide
542 2108 577 2134 et
608 2114 656 2134 vs.
689 2107 761 2134 565.
799 2104 910 2134 Daris.

212 2153 352 2184 Rectius
381 2154 576 2185 adduxisset
606 2155 668 2184 Vir
697 2154 816 2185 doetus
847 2155 911 2184 'l'e-

214 2209 302 2233 rent.
331 2203 439 2234 locum
467 2205 500 2234 iu
532 2204 622 2234 And.
654 2213 676 2234 1.
705 2207 736 2234 3.
765 2207 796 2234 7.
828 2205 910 2234 ‘Me

212 2252 360 2284 infensus
378 2254 514 2285 servat!
553 2254 629 2284 Hoc
645 2254 732 2284 enim
751 2254 860 2284 animo
877 2253 910 2284 id

211 2303 334 2343 agebat
351 2304 542 2334 Britannus.
571 2303 700 2333 Passim
715 2313 836 2333 serrare
852 2313 910 2343 pro

210 2353 272 2384 obs.
290 2355 455 2386 invenias,
488 2355 574 2385 Vide
593 2354 633 2384 ad
652 2355 776 2385 Lucan.
797 2363 821 2385 1.
837 2358 910 2385 001.

211 2409 246 2434 et
264 2404 356 2434 alibi.

251 2456 270 2484 8
309 2454 508 2494 Effunderet]
554 2455 638 2486 Mss.
671 2456 752 2493 Reg.
785 2455 910 2485 Eliens.

209 2509 246 2535 et
272 2504 381 2536 Vossii
417 2506 546 2543 (iecerat
576 2515 650 2536 cum
680 2505 787 2536 Editt.
815 2506 909 2536 vett.

210 2555 317 2585 Clarlc.
372 2555 412 2585 In
444 2555 563 2586 l'etav.
594 2560 646 2585 ost
676 2555 808 2593 ejiceret.
862 2556 910 2587 At

211 2605 373 2645 Bongars.
401 2610 485 2643 tres,
512 2605 636 2635 Lovan.
662 2605 798 2635 Norvie.
825 2606 908 2636 Got-

209 2660 296 2694 torp.
316 2654 411 2685 Voss.
434 2659 468 2685 et
494 2653 659 2694 Egmond.
677 2653 800 2684 liabent
818 2655 907 2692 rja-,⁰2

209 2708 270 2741 ναι,
304 2714 342 2734 ac
374 2713 489 2735 eorum
520 2703 625 2734 ductu
660 2703 707 2734 sie
744 2705 908 2735 rescribas

211 2755 318 2786 xelim.
366 2757 452 2788 Vide
477 2767 505 2788 (·.
530 2759 580 2787 21.
606 2756 718 2787 Duris.
743 2767 814 2787 eur.
841 2768 906 2788 sec.

850 210 1108 242 vARmRUM
1145 211 1194 241 ΙΝ

961 306 1037 337 Hoc
1052 311 1210 336 monetet
1229 305 1276 336 ita
1288 304 1467 344 legendum
1481 305 1655 337 contendit

962 356 1096 387 Cortius
1121 356 1162 386 ad
1193 356 1337 385 Plinium
1364 355 1472 395 Epist.
1497 365 1577 387 vm.
1604 359 1654 387 17.

960 406 1023 445 §3.
1071 406 1230 436 Brantius
1255 415 1273 435 e
1300 415 1358 436 suo
1387 406 1504 438 codice
1533 412 1658 446 privtu-

962 455 1036 486 lisse
1066 456 1169 485 etiam
1200 456 1335 486 videtur
1365 456 1506 494 eja-erae.
1564 457 1656 487 (litat

961 504 1048 534 enim
1072 504 1093 534 l.
1111 513 1160 534 tr.
1185 507 1194 521 ‘
1210 514 1244 534 se
1262 515 1302 535 ex
1320 506 1440 535 eastris
1457 505 1657 546 ejecerunt‚’

961 560 994 584 et
1011 563 1072 584 vn.
1087 556 1139 584 28.
1157 557 1210 585 47.
1224 564 1262 585 ae
1280 555 1369 586 Hirt.
1390 557 1428 586 Β.
1445 555 1545 586 Alex.
1562 558 1658 586 c.19.

960 607 1012 634 20.
1037 606 1095 633 ‘se
1112 614 1152 634 ex
1172 604 1297 644 oppido
1321 606 1525 644 ejecerant:y
1550 611 1583 636 ut
1605 610 1659 636 est

961 663 1038 684 mox
1061 663 1092 684 c.
1115 657 1166 684 21.
1188 656 1245 684 ‘se
1273 664 1291 684 e
1319 655 1439 685 eastris
1461 655 1588 694 ejecit,’
1616 656 1656 685 B.

962 704 1034 734 Civ.
1052 713 1106 734 ιιι.
1123 706 1174 734 96.
1221 705 1265 735 Et
1282 714 1373 743 sane,
1389 711 1424 735 ut
1442 705 1579 735 aliorum
1597 706 1658 736 Co-

961 754 1066 793 dices,
1078 754 1124 784 sie
1143 755 1243 785 etiam
1261 754 1323 785 mei
1341 754 1503 785 exhibent
1519 755 1659 792 (jecerat,

963 810 1090 844 praeter
1111 805 1309 835 Leidensem
1336 804 1432 844 prim.
1452 804 1563 835 Oxou.
1581 804 1658 844 Cuj.

964 853 1147 893 Αιιιίἰηιιιιι,
1175 860 1209 885 ct.
1237 854 1358 893 Scalig.
1385 854 1440 894 qui
1468 863 1543 884 cum
1572 853 1660 886 Edd.

962 904 1100 935 Vaseos.
1128 904 1220 943 Aleti,
1247 905 1365 944 Steph.
1394 905 1552 944 Gryliliii,
1582 903 1660 935 Urs.

963 954 1166 995 ceterisque,
1194 954 1281 995 quod
1310 954 1383 985 sine
1405 954 1508 984 dubio
1531 963 1549 984 e
1577 954 1659 984 Mss.

964 1009 998 1034 et
1015 1005 1061 1034 illi
1077 1005 1296 1043 admiserunt,
1321 1010 1456 1035 servant
1474 1003 1659 1044 effunderet.

963 1055 1104 1086 Rectius
1130 1055 1273 1086 omnino.
1322 1055 1442 1093 lzjl'icere
1472 1064 1503 1084 se
1532 1064 1571 1085 ea·
1597 1055 1660 1085 [nco

963 1105 1089 1136 amavit
1105 1106 1232 1143 Caesar,
1257 1115 1319 1135 non
1338 1105 1541 1145 simpliciter
1563 1105 1594 1135 in
1618 1105 1660 1135 Io-

961 1164 1047 1184 cum.-
1076 1155 1225 1195 quamvis
1251 1155 1283 1184 id
1316 1155 1469 1186 Latinum
1494 1163 1567 1185 esse.
1596 1164 1661 1185 non

962 1214 1093 1243 negem.
1140 1205 1226 1235 vide
1253 1206 1341 1236 enim
1368 1206 1408 1235 ad
1443 1205 1593 1236 Frontin.
1622 1213 1661 1236 n.

961 1257 992 1284 9.
1015 1256 1030 1294 ς
1051 1257 1083 1285 6.
1129 1255 1201 1285 Liv.
1227 1264 1250 1285 1.
1281 1258 1333 1286 alo.
1358 1257 1365 1271 ‘
1383 1254 1481 1286 ambo
1509 1264 1544 1285 se
1573 1254 1660 1285 foras

961 1303 1100 1342 ejiciunt
1115 1304 1138 1335 :'
1162 1310 1196 1335 et
1214 1314 1316 1344 saepe.
1363 1304 1414 1335 Ac
1432 1310 1552 1335 contra
1575 1314 1661 1345 prae-

963 1354 1076 1384 tulisse
1101 1354 1234 1384 videtur
1260 1355 1417 1395 effimdere
1441 1364 1472 1385 se
1494 1355 1528 1385 in
1552 1355 1661 1393 Iocum,

962 1412 1027 1433 non
1056 1413 1094 1434 m·
1119 1404 1190 1434 loco.
1248 1406 1446 1435 Sexcenties
1483 1409 1593 1435 autem
1619 1403 1663 1442 ef-

953 1452 1049 1490 fundi
1065 1454 1096 1483 in
1112 1454 1224 1492 hostes,
1239 1455 1271 1484 in
1287 1465 1436 1494 campum,
1453 1459 1488 1486 et
1504 1454 1670 1495 effundere·

961 1514 992 1533 se
1022 1503 1088 1533 dit-i
1120 1503 1161 1534 de
1193 1504 1305 1535 hostili
1334 1505 1451 1544 inpetu
1482 1503 1609 1542 subito,
1633 1503 1660 1534 si

961 1553 1107 1592 probare
1124 1553 1257 1591 vellem,
1273 1553 1409 1594 putidus
1426 1553 1542 1584 forem.
1570 1553 1662 1584 Pru>-

963 1608 1056 1633 terea
1072 1603 1179 1641 ejicere
1197 1609 1325 1634 rectum
1343 1608 1444 1642 esset,
1460 1603 1486 1633 si
1503 1612 1522 1634 e
1538 1603 1661 1634 eastris

962 1654 1014 1684 vel
1034 1654 1159 1694 oppido
1177 1664 1211 1684 se
1230 1655 1261 1684 in
1286 1664 1384 1693 agros
1407 1652 1567 1684 effudisse
1592 1652 1663 1684 dix-

962 1703 1055 1740 isset,
1073 1703 1200 1735 sedhic
1227 1708 1323 1734 notat
1345 1703 1443 1734 modo
1466 1703 1660 1734 liberiorem

963 1763 1023 1793 per
1057 1764 1152 1793 agros
1191 1754 1376 1785 discursum
1412 1764 1431 1784 a
1468 1754 1661 1794 palantibus

962 1802 1213 1842 praedatoribus
1241 1802 1390 1834 sacrum:
1421 1804 1429 1819 ‘
1448 1812 1482 1833 se
1511 1803 1552 1833 ad
1583 1813 1661 1843 cog·

961 1853 1164 1883 noscendum
1183 1851 1312 1884 effudit'
1332 1854 1370 1883 B.
1389 1853 1461 1883 (ῥῖν’.
1479 1862 1518 1884 ιι.
1537 1857 1566 1884 7.
1595 1854 1662 1890 Eje-

960 1905 1041 1932 ceret
1059 1906 1108 1932 est
1128 1903 1160 1931 in
1183 1902 1313 1933 Duker.

1003 1954 1023 1982 9
1052 1952 1118 1983 Viis
1134 1952 1227 1992 notis]
1260 1952 1386 1983 L'ltima
1402 1962 1465 1982 vox
1481 1962 1544 1983 non
1571 1962 1660 1983 com-

961 2007 1058 2042 paret
1075 2002 1107 2032 in
1127 2003 1209 2032 Mss.
1230 2012 1338 2043 neque
1357 2002 1443 2034 Edd.
1466 2003 1594 2043 primis,
1612 2004 1660 2034 uti

960 2062 1022 2083 nec
1040 2053 1178 2084 vascos.
1200 2053 1317 2092 Stepli.
1344 2053 1562 2094 aliorumque.
1609 2055 1661 2085 Ex

961 2103 1043 2133 meis
1060 2103 1120 2134 soli
1139 2102 1292 2134 Andinus
1309 2109 1343 2134 et
1367 2104 1477 2135 Oxou.
1502 2114 1576 2135 eum
1607 2104 1661 2135 Al-

961 2152 1017 2191 du,
1056 2152 1223 2194 Gry-phio,
1262 2153 1374 2184 l'lant.
1409 2156 1473 2184 ἃς.
1511 2158 1661 2185 servant.

963 2204 1036 2234 Nec
1065 2204 1166 2233 (tiam
1198 2213 1440 2243 supervacuam
1473 2213 1544 2235 esse
1575 2204 1660 2235 hauc

963 2264 1092 2293 vocem,
1109 2254 1221 2286 credo.
1266 2254 1438 2295 Angustas
1467 2255 1535 2285 vias
1563 2254 1659 2285 intel-

962 2304 1049 2343 ligit,
1087 2314 1169 2345 quas
1202 2309 1367 2335 noverant
1398 2304 1461 2335 soli
1492 2303 1660 2342 Britanni,

961 2355 1113 2396 adeoque
1130 2355 1171 2385 ad
1191 2355 1326 2386 insidias
1352 2355 1510 2386 Romanis
1534 2365 1659 2395 ponen-

961 2404 1019 2434 das
1043 2409 1139 2436 erant
1162 2405 1356 2445 aptissimae.
1402 2405 1456 2436 De
1482 2405 1542 2434 liae
1568 2404 1660 2434 vocis

960 2458 1049 2485 notus
1065 2455 1212 2495 emphasi
1230 2454 1303 2484 vide
1320 2454 1466 2491 omnino,
1490 2463 1564 2493 quae
1588 2453 1658 2483 lau·

959 2504 1018 2535 (lat
1042 2504 1114 2536 Cel.
1138 2505 1256 2535 Burm.
1283 2504 1323 2534 ad
1354 2503 1489 2534 Pliaedr.
1507 2503 1542 2533 F.
1561 2511 1584 2534 1.
1605 2506 1655 2533 11.

960 2557 1069 2588 ‘Quae
1107 2555 1186 2585 dum
1218 2558 1380 2594 paventes
1417 2553 1527 2584 exitus
1559 2559 1656 2584 notos

959 2604 1104 2645 petunt.’
1148 2605 1300 2635 Frontin.
1328 2612 1366 2634 11.
1396 2607 1426 2634 5.
1456 2605 1485 2633 7.
1517 2604 1656 2635 ‘Quum

959 2655 1030 2694 ipse
1047 2664 1108 2695 per
1123 2653 1246 2684 solidos
1263 2662 1300 2684 ac
1323 2657 1421 2684 notos
1447 2653 1509 2684 sibi
1536 2653 1657 2684 transi.

959 2709 1012 2735 tus
1027 2704 1212 2743 evaderet‚’
1229 2708 1293 2735 &a
1340 2703 1438 2735 Adde
1467 2713 1490 2735 1.
1516 2708 1545 2735 5.
1564 2708 1595 2735 ³.
1621 2709 1656 2736 et

959 2755 1050 2786 alios.
