<?xml version="1.0" encoding="UTF-8"?>
<!DOCTYPE html PUBLIC "-//W3C//DTD XHTML 1.0 Transitional//EN"
    "http://www.w3.org/TR/xhtml1/DTD/xhtml1-transitional.dtd">
<html xmlns="http://www.w3.org/1999/xhtml" xml:lang="en" lang="en">
 <head>
  <title>
</title>
<meta http-equiv="Content-Type" content="text/html;charset=utf-8" />
  <meta name='ocr-system' content='tesseract 3.04.00' />
  <meta name='ocr-capabilities' content='ocr_page ocr_carea ocr_par ocr_line ocrx_word'/>
</head>
<body>
  <div class='ocr_page' id='page_1' title='image "./operaomniaexedit03caesuoft_0425.png"; bbox 0 0 1818 3131; ppageno 0'>
   <div class='ocr_carea' id='block_1_1' title="bbox 396 202 1248 245">
    <p class='ocr_par' dir='ltr' id='par_1_1' title="bbox 396 202 1248 245">
     <span class='ocr_line' id='line_1_1' title="bbox 396 202 1248 245; baseline -0.006 0"><span class='ocrx_word' id='word_1_1' title='bbox 396 215 489 245; x_wconf 69' lang='grc' dir='ltr'>ΜΒ.</span> <span class='ocrx_word' id='word_1_2' title='bbox 523 215 553 244; x_wconf 86' lang='grc' dir='ltr'>ι.</span> <span class='ocrx_word' id='word_1_3' title='bbox 586 213 691 243; x_wconf 78' lang='lat' dir='ltr'>CAP.</span> <span class='ocrx_word' id='word_1_4' title='bbox 720 202 762 242; x_wconf 85' lang='lat' dir='ltr'>G.</span> <span class='ocrx_word' id='word_1_5' title='bbox 798 212 859 241; x_wconf 77' lang='lat' dir='ltr'>nn</span> <span class='ocrx_word' id='word_1_6' title='bbox 893 212 1048 241; x_wconf 62' lang='lat' dir='ltr'>ummo</span> <span class='ocrx_word' id='word_1_7' title='bbox 1079 211 1248 241; x_wconf 76' lang='lat' dir='ltr'>civ1L1.</span> 
     </span>
    </p>
   </div>
   <div class='ocr_carea' id='block_1_2' title="bbox 107 304 831 2789">
    <p class='ocr_par' dir='ltr' id='par_1_2' title="bbox 113 304 812 440">
     <span class='ocr_line' id='line_1_2' title="bbox 113 304 812 350; baseline -0.011 -9"><span class='ocrx_word' id='word_1_8' title='bbox 113 309 170 350; x_wconf 82' lang='lat' dir='ltr'>qui</span> <span class='ocrx_word' id='word_1_9' title='bbox 194 308 236 341; x_wconf 85' lang='lat' dir='ltr'>ad</span> <span class='ocrx_word' id='word_1_10' title='bbox 263 308 378 340; x_wconf 84' lang='lat' dir='ltr'>urbem</span> <span class='ocrx_word' id='word_1_11' title='bbox 401 313 498 340; x_wconf 84' lang='lat' dir='ltr'>crant</span> <span class='ocrx_word' id='word_1_12' title='bbox 521 310 695 348; x_wconf 78' lang='lat' dir='ltr'>praetores,</span> <span class='ocrx_word' id='word_1_13' title='bbox 719 304 812 334; x_wconf 88' lang='lat' dir='ltr'>vide·</span> 
     </span>
     <span class='ocr_line' id='line_1_3' title="bbox 115 354 811 400; baseline -0.01 -10"><span class='ocrx_word' id='word_1_14' title='bbox 115 365 204 398; x_wconf 86' lang='lat' dir='ltr'>rent,</span> <span class='ocrx_word' id='word_1_15' title='bbox 216 359 340 400; x_wconf 87' lang='lat' dir='ltr'>nequid</span> <span class='ocrx_word' id='word_1_16' title='bbox 360 359 462 399; x_wconf 84' lang='lat' dir='ltr'>Resp.</span> <span class='ocrx_word' id='word_1_17' title='bbox 476 360 614 398; x_wconf 88' lang='lat' dir='ltr'>caperet</span> <span class='ocrx_word' id='word_1_18' title='bbox 629 354 811 385; x_wconf 88' lang='lat' dir='ltr'>detrimen-</span> 
     </span>
     <span class='ocr_line' id='line_1_4' title="bbox 115 409 277 440; baseline 0.006 -2"><span class='ocrx_word' id='word_1_19' title='bbox 115 409 153 440; x_wconf 86' lang='lat' dir='ltr'>ti.</span> <span class='ocrx_word' id='word_1_20' title='bbox 179 410 277 440; x_wconf 83' lang='lat' dir='ltr'>Idem.</span> 
     </span>
    </p>

    <p class='ocr_par' dir='ltr' id='par_1_3' title="bbox 107 453 831 2789">
     <span class='ocr_line' id='line_1_5' title="bbox 157 453 813 498; baseline -0.011 -8"><span class='ocrx_word' id='word_1_21' title='bbox 157 461 196 490; x_wconf 88' lang='grc'>19</span> <span class='ocrx_word' id='word_1_22' title='bbox 219 460 270 489; x_wconf 76' lang='lat' dir='ltr'>Ad</span> <span class='ocrx_word' id='word_1_23' title='bbox 303 458 448 498; x_wconf 78' lang='lat' dir='ltr'>populum</span> <span class='ocrx_word' id='word_1_24' title='bbox 482 453 651 493; x_wconf 78' lang='lat' dir='ltr'>reseratur]</span> <span class='ocrx_word' id='word_1_25' title='bbox 704 453 813 484; x_wconf 82' lang='lat' dir='ltr'>Notat</span> 
     </span>
     <span class='ocr_line' id='line_1_6' title="bbox 114 503 813 545; baseline -0.009 -6"><span class='ocrx_word' id='word_1_26' title='bbox 114 508 287 539; x_wconf 84' lang='lat' dir='ltr'>Manutius</span> <span class='ocrx_word' id='word_1_27' title='bbox 302 508 366 538; x_wconf 83' lang='lat' dir='ltr'>dici</span> <span class='ocrx_word' id='word_1_28' title='bbox 383 506 502 539; x_wconf 82' lang='lat' dir='ltr'>Latine</span> <span class='ocrx_word' id='word_1_29' title='bbox 519 506 557 535; x_wconf 78' lang='lat' dir='ltr'>cul</span> <span class='ocrx_word' id='word_1_30' title='bbox 569 503 813 545; x_wconf 76' lang='lat' dir='ltr'>populumserri,</span> 
     </span>
     <span class='ocr_line' id='line_1_7' title="bbox 112 556 813 595; baseline -0.006 -8"><span class='ocrx_word' id='word_1_31' title='bbox 112 560 152 588; x_wconf 67' lang='lat' dir='ltr'>&lt;ul</span> <span class='ocrx_word' id='word_1_32' title='bbox 181 561 319 589; x_wconf 78' lang='lat' dir='ltr'>senatum</span> <span class='ocrx_word' id='word_1_33' title='bbox 345 556 466 594; x_wconf 78' lang='lat' dir='ltr'>referri.</span> <span class='ocrx_word' id='word_1_34' title='bbox 512 557 556 586; x_wconf 85' lang='lat' dir='ltr'>Et</span> <span class='ocrx_word' id='word_1_35' title='bbox 584 556 646 585; x_wconf 77' lang='lat' dir='ltr'>lioc</span> <span class='ocrx_word' id='word_1_36' title='bbox 678 564 813 595; x_wconf 88' lang='lat' dir='ltr'>quoque</span> 
     </span>
     <span class='ocr_line' id='line_1_8' title="bbox 113 605 813 645; baseline -0.004 -7"><span class='ocrx_word' id='word_1_37' title='bbox 113 608 189 638; x_wconf 90' lang='lat' dir='ltr'>loco</span> <span class='ocrx_word' id='word_1_38' title='bbox 217 608 250 637; x_wconf 90' lang='lat' dir='ltr'>in</span> <span class='ocrx_word' id='word_1_39' title='bbox 276 608 388 645; x_wconf 87' lang='lat' dir='ltr'>Mstis‚</span> <span class='ocrx_word' id='word_1_40' title='bbox 403 610 529 643; x_wconf 85' lang='lat' dir='ltr'>nostro,</span> <span class='ocrx_word' id='word_1_41' title='bbox 545 606 620 636; x_wconf 85' lang='lat' dir='ltr'>Pal.</span> <span class='ocrx_word' id='word_1_42' title='bbox 643 605 721 636; x_wconf 73' lang='lat' dir='ltr'>Pet.</span> <span class='ocrx_word' id='word_1_43' title='bbox 739 609 813 635; x_wconf 89' lang='lat' dir='ltr'>erat</span> 
     </span>
     <span class='ocr_line' id='line_1_9' title="bbox 107 654 812 694; baseline -0.007 -6"><span class='ocrx_word' id='word_1_44' title='bbox 107 656 244 694; x_wconf 72' lang='lat' dir='ltr'>seratur.</span> <span class='ocrx_word' id='word_1_45' title='bbox 290 655 371 694; x_wconf 89' lang='lat' dir='ltr'>Sed,</span> <span class='ocrx_word' id='word_1_46' title='bbox 402 655 464 686; x_wconf 87' lang='lat' dir='ltr'>nisi</span> <span class='ocrx_word' id='word_1_47' title='bbox 493 655 606 692; x_wconf 88' lang='lat' dir='ltr'>t&#39;allor,</span> <span class='ocrx_word' id='word_1_48' title='bbox 624 655 690 694; x_wconf 81' lang='lat' dir='ltr'>legi</span> <span class='ocrx_word' id='word_1_49' title='bbox 723 654 812 694; x_wconf 85' lang='lat' dir='ltr'>apud</span> 
     </span>
     <span class='ocr_line' id='line_1_10' title="bbox 113 703 814 747; baseline -0.007 -8"><span class='ocrx_word' id='word_1_50' title='bbox 113 706 275 747; x_wconf 85' lang='lat' dir='ltr'>probatos</span> <span class='ocrx_word' id='word_1_51' title='bbox 303 715 436 746; x_wconf 83' lang='lat' dir='ltr'>quoque</span> <span class='ocrx_word' id='word_1_52' title='bbox 466 710 602 735; x_wconf 82' lang='lat' dir='ltr'>autores</span> <span class='ocrx_word' id='word_1_53' title='bbox 632 703 749 742; x_wconf 77' lang='lat' dir='ltr'>referre</span> <span class='ocrx_word' id='word_1_54' title='bbox 774 705 814 734; x_wconf 86' lang='lat' dir='ltr'>ad</span> 
     </span>
     <span class='ocr_line' id='line_1_11' title="bbox 109 753 814 796; baseline -0.006 -9"><span class='ocrx_word' id='word_1_55' title='bbox 109 756 264 796; x_wconf 71' lang='lat' dir='ltr'>populum.</span> <span class='ocrx_word' id='word_1_56' title='bbox 309 756 397 785; x_wconf 88' lang='lat' dir='ltr'>Sane</span> <span class='ocrx_word' id='word_1_57' title='bbox 422 755 453 785; x_wconf 87' lang='lat' dir='ltr'>in</span> <span class='ocrx_word' id='word_1_58' title='bbox 484 755 549 786; x_wconf 89' lang='lat' dir='ltr'>SC.</span> <span class='ocrx_word' id='word_1_59' title='bbox 575 754 664 795; x_wconf 91' lang='lat' dir='ltr'>quod</span> <span class='ocrx_word' id='word_1_60' title='bbox 691 753 814 793; x_wconf 86' lang='lat' dir='ltr'>legitur</span> 
     </span>
     <span class='ocr_line' id='line_1_12' title="bbox 113 805 813 845; baseline -0.003 -10"><span class='ocrx_word' id='word_1_61' title='bbox 113 806 215 845; x_wconf 75' lang='lat' dir='ltr'>epist.</span> <span class='ocrx_word' id='word_1_62' title='bbox 248 805 346 836; x_wconf 89' lang='lat' dir='ltr'>Coelii</span> <span class='ocrx_word' id='word_1_63' title='bbox 370 805 412 835; x_wconf 92' lang='lat' dir='ltr'>ad</span> <span class='ocrx_word' id='word_1_64' title='bbox 445 805 644 836; x_wconf 84' lang='lat' dir='ltr'>Ciceronem</span> <span class='ocrx_word' id='word_1_65' title='bbox 676 812 752 834; x_wconf 62' lang='lat' dir='ltr'>t111.</span> <span class='ocrx_word' id='word_1_66' title='bbox 783 806 813 833; x_wconf 81' lang='lat' dir='ltr'>S.</span> 
     </span>
     <span class='ocr_line' id='line_1_13' title="bbox 112 853 816 895; baseline -0.004 -10"><span class='ocrx_word' id='word_1_67' title='bbox 112 856 185 886; x_wconf 77' lang='lat' dir='ltr'>haec</span> <span class='ocrx_word' id='word_1_68' title='bbox 218 855 321 885; x_wconf 78' lang='lat' dir='ltr'>verba</span> <span class='ocrx_word' id='word_1_69' title='bbox 354 854 503 895; x_wconf 82' lang='lat' dir='ltr'>reperio:</span> <span class='ocrx_word' id='word_1_70' title='bbox 535 853 664 886; x_wconf 75' lang='lat' dir='ltr'>Senatui</span> <span class='ocrx_word' id='word_1_71' title='bbox 685 853 816 893; x_wconf 73' lang='lat' dir='ltr'>placere,</span> 
     </span>
     <span class='ocr_line' id='line_1_14' title="bbox 112 904 816 945; baseline -0.003 -11"><span class='ocrx_word' id='word_1_72' title='bbox 112 906 331 936; x_wconf 68' lang='lat' dir='ltr'>auctoritatem</span> <span class='ocrx_word' id='word_1_73' title='bbox 366 905 527 945; x_wconf 78' lang='lat' dir='ltr'>perscribi,</span> <span class='ocrx_word' id='word_1_74' title='bbox 549 907 579 934; x_wconf 84' lang='lat' dir='ltr'>et</span> <span class='ocrx_word' id='word_1_75' title='bbox 601 905 637 935; x_wconf 69' lang='lat' dir='ltr'>tle</span> <span class='ocrx_word' id='word_1_76' title='bbox 661 913 696 934; x_wconf 83' lang='lat' dir='ltr'>ea</span> <span class='ocrx_word' id='word_1_77' title='bbox 720 913 752 933; x_wconf 84' lang='lat' dir='ltr'>re</span> <span class='ocrx_word' id='word_1_78' title='bbox 777 904 816 933; x_wconf 79' lang='lat' dir='ltr'>ad</span> 
     </span>
     <span class='ocr_line' id='line_1_15' title="bbox 112 953 815 995; baseline -0.003 -10"><span class='ocrx_word' id='word_1_79' title='bbox 112 958 250 986; x_wconf 67' lang='lat' dir='ltr'>senatum</span> <span class='ocrx_word' id='word_1_80' title='bbox 270 957 475 995; x_wconf 81' lang='lat' dir='ltr'><em>populumque</em></span> <span class='ocrx_word' id='word_1_81' title='bbox 493 954 616 992; x_wconf 81' lang='lat' dir='ltr'>referri.</span> <span class='ocrx_word' id='word_1_82' title='bbox 663 953 737 984; x_wconf 83' lang='lat' dir='ltr'>Nisi</span> <span class='ocrx_word' id='word_1_83' title='bbox 761 954 815 984; x_wconf 84' lang='lat' dir='ltr'>hic</span> 
     </span>
     <span class='ocr_line' id='line_1_16' title="bbox 112 1003 817 1042; baseline -0.006 -6"><span class='ocrx_word' id='word_1_84' title='bbox 112 1005 197 1036; x_wconf 88' lang='lat' dir='ltr'>illud</span> <span class='ocrx_word' id='word_1_85' title='bbox 230 1004 350 1035; x_wconf 80' lang='lat' dir='ltr'>referri</span> <span class='ocrx_word' id='word_1_86' title='bbox 387 1005 429 1035; x_wconf 92' lang='lat' dir='ltr'>ad</span> <span class='ocrx_word' id='word_1_87' title='bbox 461 1011 613 1035; x_wconf 87' lang='lat' dir='ltr'>senatum</span> <span class='ocrx_word' id='word_1_88' title='bbox 652 1003 817 1042; x_wconf 88' lang='lat' dir='ltr'>dicamus,</span> 
     </span>
     <span class='ocr_line' id='line_1_17' title="bbox 113 1054 814 1097; baseline -0.003 -12"><span class='ocrx_word' id='word_1_89' title='bbox 113 1060 274 1097; x_wconf 82' lang='lat' dir='ltr'><strong>tanquam</strong></span> <span class='ocrx_word' id='word_1_90' title='bbox 299 1055 431 1095; x_wconf 77' lang='lat' dir='ltr'>dignius</span> <span class='ocrx_word' id='word_1_91' title='bbox 448 1056 645 1086; x_wconf 86' lang='lat' dir='ltr'>membrum.</span> <span class='ocrx_word' id='word_1_92' title='bbox 683 1054 814 1084; x_wconf 63' lang='lat' dir='ltr'>Vossius.</span> 
     </span>
     <span class='ocr_line' id='line_1_18' title="bbox 113 1101 815 1142; baseline -0.004 -8"><span class='ocrx_word' id='word_1_93' title='bbox 113 1104 275 1135; x_wconf 74' lang='lat' dir='ltr'><strong>Nonnulli</strong></span> <span class='ocrx_word' id='word_1_94' title='bbox 293 1104 377 1134; x_wconf 79' lang='lat' dir='ltr'>Msti</span> <span class='ocrx_word' id='word_1_95' title='bbox 401 1104 541 1141; x_wconf 79' lang='lat' dir='ltr'>feratur,</span> <span class='ocrx_word' id='word_1_96' title='bbox 572 1108 607 1134; x_wconf 88' lang='lat' dir='ltr'>et</span> <span class='ocrx_word' id='word_1_97' title='bbox 630 1103 714 1132; x_wconf 88' lang='lat' dir='ltr'>hanc</span> <span class='ocrx_word' id='word_1_98' title='bbox 743 1101 815 1142; x_wconf 88' lang='lat' dir='ltr'>qui-</span> 
     </span>
     <span class='ocr_line' id='line_1_19' title="bbox 113 1151 814 1185; baseline -0.006 -1"><span class='ocrx_word' id='word_1_99' title='bbox 113 1154 189 1185; x_wconf 87' lang='lat' dir='ltr'>dem</span> <span class='ocrx_word' id='word_1_100' title='bbox 213 1154 394 1184; x_wconf 88' lang='lat' dir='ltr'>lectionem</span> <span class='ocrx_word' id='word_1_101' title='bbox 418 1152 496 1184; x_wconf 75' lang='grc' dir='ltr'>ΑΜ.</span> <span class='ocrx_word' id='word_1_102' title='bbox 521 1151 678 1183; x_wconf 82' lang='lat' dir='ltr'>Manutio</span> <span class='ocrx_word' id='word_1_103' title='bbox 703 1151 814 1182; x_wconf 83' lang='lat' dir='ltr'>Latini</span> 
     </span>
     <span class='ocr_line' id='line_1_20' title="bbox 113 1201 815 1240; baseline -0.007 -5"><span class='ocrx_word' id='word_1_104' title='bbox 113 1203 273 1235; x_wconf 84' lang='lat' dir='ltr'>sermonis</span> <span class='ocrx_word' id='word_1_105' title='bbox 305 1202 512 1234; x_wconf 83' lang='lat' dir='ltr'><strong>consuetudo</strong></span> <span class='ocrx_word' id='word_1_106' title='bbox 538 1201 673 1232; x_wconf 76' lang='lat' dir='ltr'>videtur</span> <span class='ocrx_word' id='word_1_107' title='bbox 701 1205 815 1240; x_wconf 86' lang='lat' dir='ltr'>postu-</span> 
     </span>
     <span class='ocr_line' id='line_1_21' title="bbox 112 1250 815 1293; baseline -0.007 -8"><span class='ocrx_word' id='word_1_108' title='bbox 112 1255 196 1293; x_wconf 82' lang='lat' dir='ltr'>lare,</span> <span class='ocrx_word' id='word_1_109' title='bbox 219 1253 273 1285; x_wconf 86' lang='lat' dir='ltr'>cui</span> <span class='ocrx_word' id='word_1_110' title='bbox 289 1253 424 1293; x_wconf 82' lang='lat' dir='ltr'>praeivit</span> <span class='ocrx_word' id='word_1_111' title='bbox 438 1253 577 1283; x_wconf 85' lang='lat' dir='ltr'><strong>Paullus</strong></span> <span class='ocrx_word' id='word_1_112' title='bbox 592 1250 766 1282; x_wconf 81' lang='lat' dir='ltr'><strong>Manutius</strong></span> <span class='ocrx_word' id='word_1_113' title='bbox 781 1250 815 1283; x_wconf 90' lang='lat' dir='ltr'>in</span> 
     </span>
     <span class='ocr_line' id='line_1_22' title="bbox 117 1300 815 1344; baseline -0.009 -8"><span class='ocrx_word' id='word_1_114' title='bbox 117 1304 290 1336; x_wconf 81' lang='lat' dir='ltr'>Ciceronis</span> <span class='ocrx_word' id='word_1_115' title='bbox 307 1304 414 1344; x_wconf 83' lang='lat' dir='ltr'>Epist.</span> <span class='ocrx_word' id='word_1_116' title='bbox 429 1303 471 1334; x_wconf 85' lang='lat' dir='ltr'>ad</span> <span class='ocrx_word' id='word_1_117' title='bbox 487 1304 581 1335; x_wconf 85' lang='lat' dir='ltr'><strong>Fam.</strong></span> <span class='ocrx_word' id='word_1_118' title='bbox 595 1311 620 1332; x_wconf 86' lang='lat'>1.</span> <span class='ocrx_word' id='word_1_119' title='bbox 639 1305 668 1332; x_wconf 95' lang='lat' dir='ltr'>l.</span> <span class='ocrx_word' id='word_1_120' title='bbox 710 1300 815 1331; x_wconf 92' lang='lat' dir='ltr'>Dubi-</span> 
     </span>
     <span class='ocr_line' id='line_1_23' title="bbox 117 1351 817 1396; baseline -0.007 -12"><span class='ocrx_word' id='word_1_121' title='bbox 117 1365 170 1385; x_wconf 88' lang='lat' dir='ltr'>um</span> <span class='ocrx_word' id='word_1_122' title='bbox 185 1355 322 1396; x_wconf 86' lang='lat' dir='ltr'>quidem</span> <span class='ocrx_word' id='word_1_123' title='bbox 338 1364 404 1384; x_wconf 90' lang='lat' dir='ltr'>non</span> <span class='ocrx_word' id='word_1_124' title='bbox 419 1358 483 1391; x_wconf 82' lang='lat' dir='ltr'>est,</span> <span class='ocrx_word' id='word_1_125' title='bbox 500 1353 581 1393; x_wconf 88' lang='lat' dir='ltr'>quin</span> <span class='ocrx_word' id='word_1_126' title='bbox 598 1351 655 1382; x_wconf 93' lang='lat' dir='ltr'>illa</span> <span class='ocrx_word' id='word_1_127' title='bbox 678 1351 817 1390; x_wconf 90' lang='lat' dir='ltr'>loquen-</span> 
     </span>
     <span class='ocr_line' id='line_1_24' title="bbox 115 1401 816 1443; baseline -0.006 -9"><span class='ocrx_word' id='word_1_128' title='bbox 115 1405 148 1435; x_wconf 90' lang='lat' dir='ltr'>di</span> <span class='ocrx_word' id='word_1_129' title='bbox 167 1404 252 1436; x_wconf 90' lang='lat' dir='ltr'>ratio</span> <span class='ocrx_word' id='word_1_130' title='bbox 269 1404 312 1434; x_wconf 92' lang='lat' dir='ltr'>sit</span> <span class='ocrx_word' id='word_1_131' title='bbox 326 1405 426 1443; x_wconf 81' lang='lat' dir='ltr'>longe</span> <span class='ocrx_word' id='word_1_132' title='bbox 442 1401 730 1443; x_wconf 86' lang='lat' dir='ltr'>frequentissima,</span> <span class='ocrx_word' id='word_1_133' title='bbox 753 1409 816 1430; x_wconf 87' lang='lat' dir='ltr'>nec</span> 
     </span>
     <span class='ocr_line' id='line_1_25' title="bbox 116 1454 817 1491; baseline -0.009 -6"><span class='ocrx_word' id='word_1_134' title='bbox 116 1459 230 1485; x_wconf 83' lang='lat' dir='ltr'>tamen</span> <span class='ocrx_word' id='word_1_135' title='bbox 258 1454 396 1484; x_wconf 85' lang='lat' dir='ltr'>alteram</span> <span class='ocrx_word' id='word_1_136' title='bbox 421 1462 487 1483; x_wconf 94' lang='lat' dir='ltr'>non</span> <span class='ocrx_word' id='word_1_137' title='bbox 514 1455 718 1491; x_wconf 88' lang='lat' dir='ltr'>usurparunt</span> <span class='ocrx_word' id='word_1_138' title='bbox 742 1458 817 1490; x_wconf 89' lang='lat' dir='ltr'>pro-</span> 
     </span>
     <span class='ocr_line' id='line_1_26' title="bbox 115 1500 816 1534; baseline -0.009 0"><span class='ocrx_word' id='word_1_139' title='bbox 115 1503 186 1534; x_wconf 85' lang='lat' dir='ltr'>bati</span> <span class='ocrx_word' id='word_1_140' title='bbox 231 1507 397 1534; x_wconf 86' lang='lat' dir='ltr'>auctores.</span> <span class='ocrx_word' id='word_1_141' title='bbox 450 1501 568 1532; x_wconf 84' lang='lat' dir='ltr'>Florus</span> <span class='ocrx_word' id='word_1_142' title='bbox 606 1508 661 1531; x_wconf 84' lang='lat'>111.</span> <span class='ocrx_word' id='word_1_143' title='bbox 697 1501 749 1530; x_wconf 82' lang='lat'>21.</span> <span class='ocrx_word' id='word_1_144' title='bbox 784 1500 816 1528; x_wconf 86' lang='lat'>9.</span> 
     </span>
     <span class='ocr_line' id='line_1_27' title="bbox 114 1549 816 1591; baseline -0.01 -6"><span class='ocrx_word' id='word_1_145' title='bbox 114 1554 122 1568; x_wconf 91' lang='lat'>‘</span> <span class='ocrx_word' id='word_1_146' title='bbox 138 1553 251 1585; x_wconf 81' lang='lat' dir='ltr'>Quum</span> <span class='ocrx_word' id='word_1_147' title='bbox 268 1552 310 1583; x_wconf 91' lang='lat' dir='ltr'>de</span> <span class='ocrx_word' id='word_1_148' title='bbox 336 1550 547 1589; x_wconf 75' lang='lat' dir='ltr'>revocandis,</span> <span class='ocrx_word' id='word_1_149' title='bbox 564 1559 648 1591; x_wconf 90' lang='lat' dir='ltr'>quos</span> <span class='ocrx_word' id='word_1_150' title='bbox 670 1549 816 1580; x_wconf 86' lang='lat' dir='ltr'>Senatus</span> 
     </span>
     <span class='ocr_line' id='line_1_28' title="bbox 116 1597 818 1643; baseline -0.009 -9"><span class='ocrx_word' id='word_1_151' title='bbox 116 1603 229 1634; x_wconf 82' lang='lat' dir='ltr'>hostes</span> <span class='ocrx_word' id='word_1_152' title='bbox 240 1601 471 1643; x_wconf 84' lang='lat' dir='ltr'>judicaverat,</span> <span class='ocrx_word' id='word_1_153' title='bbox 482 1601 524 1631; x_wconf 89' lang='lat' dir='ltr'>ad</span> <span class='ocrx_word' id='word_1_154' title='bbox 539 1600 698 1641; x_wconf 84' lang='lat' dir='ltr'>populum</span> <span class='ocrx_word' id='word_1_155' title='bbox 715 1597 818 1629; x_wconf 85' lang='lat' dir='ltr'>refer-</span> 
     </span>
     <span class='ocr_line' id='line_1_29' title="bbox 117 1648 818 1684; baseline -0.006 -2"><span class='ocrx_word' id='word_1_156' title='bbox 117 1651 231 1684; x_wconf 88' lang='lat' dir='ltr'>retur.&#39;</span> <span class='ocrx_word' id='word_1_157' title='bbox 302 1651 454 1682; x_wconf 85' lang='lat' dir='ltr'>Eandem</span> <span class='ocrx_word' id='word_1_158' title='bbox 485 1650 691 1681; x_wconf 85' lang='lat' dir='ltr'>locutionem</span> <span class='ocrx_word' id='word_1_159' title='bbox 721 1648 818 1679; x_wconf 90' lang='lat' dir='ltr'>Livio</span> 
     </span>
     <span class='ocr_line' id='line_1_30' title="bbox 117 1697 819 1738; baseline -0.007 -6"><span class='ocrx_word' id='word_1_160' title='bbox 117 1702 363 1732; x_wconf 78' lang='lat' dir='ltr'>restituendam</span> <span class='ocrx_word' id='word_1_161' title='bbox 402 1699 560 1738; x_wconf 74' lang='lat' dir='ltr'>arbitror,</span> <span class='ocrx_word' id='word_1_162' title='bbox 591 1697 681 1738; x_wconf 89' lang='lat' dir='ltr'>apud</span> <span class='ocrx_word' id='word_1_163' title='bbox 718 1706 819 1738; x_wconf 89' lang='lat' dir='ltr'>quern</span> 
     </span>
     <span class='ocr_line' id='line_1_31' title="bbox 117 1747 819 1791; baseline -0.009 -8"><span class='ocrx_word' id='word_1_164' title='bbox 117 1760 225 1783; x_wconf 75' lang='lat' dir='ltr'>xxnr.</span> <span class='ocrx_word' id='word_1_165' title='bbox 244 1753 297 1782; x_wconf 79' lang='lat'>31.</span> <span class='ocrx_word' id='word_1_166' title='bbox 315 1751 364 1782; x_wconf 91' lang='lat' dir='ltr'>sic</span> <span class='ocrx_word' id='word_1_167' title='bbox 382 1750 508 1791; x_wconf 86' lang='lat' dir='ltr'>legitur</span> <span class='ocrx_word' id='word_1_168' title='bbox 528 1759 570 1779; x_wconf 80' lang='lat' dir='ltr'>ex</span> <span class='ocrx_word' id='word_1_169' title='bbox 589 1749 668 1780; x_wconf 84' lang='lat' dir='ltr'>Car.</span> <span class='ocrx_word' id='word_1_170' title='bbox 693 1747 819 1787; x_wconf 81' lang='lat' dir='ltr'>Sigonii</span> 
     </span>
     <span class='ocr_line' id='line_1_32' title="bbox 118 1797 821 1842; baseline -0.007 -10"><span class='ocrx_word' id='word_1_171' title='bbox 118 1801 319 1842; x_wconf 87' lang='lat' dir='ltr'>conjectura</span> <span class='ocrx_word' id='word_1_172' title='bbox 337 1811 345 1830; x_wconf 89' lang='lat'>:</span> <span class='ocrx_word' id='word_1_173' title='bbox 392 1800 443 1830; x_wconf 88' lang='lat' dir='ltr'>De</span> <span class='ocrx_word' id='word_1_174' title='bbox 485 1798 632 1829; x_wconf 80' lang='lat' dir='ltr'>trecentis</span> <span class='ocrx_word' id='word_1_175' title='bbox 668 1797 821 1837; x_wconf 77' lang='lat' dir='ltr'>equitibus</span> 
     </span>
     <span class='ocr_line' id='line_1_33' title="bbox 119 1846 819 1890; baseline -0.009 -9"><span class='ocrx_word' id='word_1_176' title='bbox 119 1851 298 1890; x_wconf 79' lang='lat' dir='ltr'>Campanis,</span> <span class='ocrx_word' id='word_1_177' title='bbox 314 1850 367 1890; x_wconf 76' lang='lat' dir='ltr'>qui</span> <span class='ocrx_word' id='word_1_178' title='bbox 382 1849 415 1880; x_wconf 82' lang='lat' dir='ltr'>in</span> <span class='ocrx_word' id='word_1_179' title='bbox 431 1848 542 1880; x_wconf 79' lang='lat' dir='ltr'>Sicilia</span> <span class='ocrx_word' id='word_1_180' title='bbox 553 1847 694 1888; x_wconf 85' lang='lat' dir='ltr'>cumfide</span> <span class='ocrx_word' id='word_1_181' title='bbox 705 1846 819 1886; x_wconf 78' lang='lat' dir='ltr'>stipen-</span> 
     </span>
     <span class='ocr_line' id='line_1_34' title="bbox 115 1896 821 1936; baseline -0.007 -5"><span class='ocrx_word' id='word_1_182' title='bbox 115 1901 177 1932; x_wconf 79' lang='lat' dir='ltr'>diis</span> <span class='ocrx_word' id='word_1_183' title='bbox 188 1900 326 1932; x_wconf 78' lang='lat' dir='ltr'>emeritis</span> <span class='ocrx_word' id='word_1_184' title='bbox 347 1900 479 1930; x_wconf 85' lang='lat' dir='ltr'>Romam</span> <span class='ocrx_word' id='word_1_185' title='bbox 496 1901 655 1936; x_wconf 71' lang='lat' dir='ltr'>tenerent,</span> <span class='ocrx_word' id='word_1_186' title='bbox 673 1896 753 1927; x_wconf 89' lang='lat' dir='ltr'>dein</span> <span class='ocrx_word' id='word_1_187' title='bbox 776 1897 821 1927; x_wconf 91' lang='lat' dir='ltr'>la-</span> 
     </span>
     <span class='ocr_line' id='line_1_35' title="bbox 119 1946 821 1991; baseline -0.009 -9"><span class='ocrx_word' id='word_1_188' title='bbox 119 1956 192 1982; x_wconf 89' lang='lat' dir='ltr'>tum</span> <span class='ocrx_word' id='word_1_189' title='bbox 221 1949 264 1982; x_wconf 86' lang='lat' dir='ltr'>ad</span> <span class='ocrx_word' id='word_1_190' title='bbox 293 1949 470 1991; x_wconf 89' lang='lat' dir='ltr'>populum,</span> <span class='ocrx_word' id='word_1_191' title='bbox 494 1952 528 1979; x_wconf 79' lang='lat' dir='ltr'>ut</span> <span class='ocrx_word' id='word_1_192' title='bbox 567 1949 647 1978; x_wconf 76' lang='lat' dir='ltr'>cii-es</span> <span class='ocrx_word' id='word_1_193' title='bbox 685 1946 821 1977; x_wconf 77' lang='lat' dir='ltr'>Romani</span> 
     </span>
     <span class='ocr_line' id='line_1_36' title="bbox 119 1997 822 2032; baseline -0.009 0"><span class='ocrx_word' id='word_1_194' title='bbox 119 2003 228 2032; x_wconf 80' lang='lat' dir='ltr'>essent.</span> <span class='ocrx_word' id='word_1_195' title='bbox 272 1999 321 2032; x_wconf 87' lang='lat' dir='ltr'>At</span> <span class='ocrx_word' id='word_1_196' title='bbox 337 2009 451 2031; x_wconf 88' lang='lat' dir='ltr'>omnes</span> <span class='ocrx_word' id='word_1_197' title='bbox 469 1998 577 2030; x_wconf 93' lang='lat' dir='ltr'>Codd.</span> <span class='ocrx_word' id='word_1_198' title='bbox 595 1997 755 2028; x_wconf 82' lang='lat' dir='ltr'>exhibent</span> <span class='ocrx_word' id='word_1_199' title='bbox 772 1997 822 2026; x_wconf 84' lang='lat' dir='ltr'>de-</span> 
     </span>
     <span class='ocr_line' id='line_1_37' title="bbox 119 2045 821 2092; baseline -0.011 -10"><span class='ocrx_word' id='word_1_200' title='bbox 119 2053 215 2084; x_wconf 74' lang='lat' dir='ltr'>lutum</span> <span class='ocrx_word' id='word_1_201' title='bbox 238 2051 278 2081; x_wconf 79' lang='lat' dir='ltr'>ud</span> <span class='ocrx_word' id='word_1_202' title='bbox 298 2050 455 2092; x_wconf 81' lang='lat' dir='ltr'>populum,</span> <span class='ocrx_word' id='word_1_203' title='bbox 482 2047 572 2079; x_wconf 89' lang='lat' dir='ltr'>unde</span> <span class='ocrx_word' id='word_1_204' title='bbox 590 2045 821 2086; x_wconf 88' lang='lat' dir='ltr'>rescripserim</span> 
     </span>
     <span class='ocr_line' id='line_1_38' title="bbox 121 2097 822 2140; baseline -0.01 -9"><span class='ocrx_word' id='word_1_205' title='bbox 121 2101 254 2132; x_wconf 77' lang='lat' dir='ltr'>relatum</span> <span class='ocrx_word' id='word_1_206' title='bbox 267 2100 306 2130; x_wconf 83' lang='lat' dir='ltr'>ud</span> <span class='ocrx_word' id='word_1_207' title='bbox 315 2099 472 2140; x_wconf 82' lang='lat' dir='ltr'>populum.</span> <span class='ocrx_word' id='word_1_208' title='bbox 490 2097 586 2128; x_wconf 86' lang='lat' dir='ltr'>Idem</span> <span class='ocrx_word' id='word_1_209' title='bbox 597 2105 676 2126; x_wconf 86' lang='lat' dir='ltr'>sane</span> <span class='ocrx_word' id='word_1_210' title='bbox 695 2103 774 2125; x_wconf 78' lang='lat' dir='ltr'>xxr.</span> <span class='ocrx_word' id='word_1_211' title='bbox 791 2097 822 2125; x_wconf 84' lang='lat'>6.</span> 
     </span>
     <span class='ocr_line' id='line_1_39' title="bbox 121 2145 823 2190; baseline -0.01 -9"><span class='ocrx_word' id='word_1_212' title='bbox 121 2150 155 2181; x_wconf 91' lang='lat' dir='ltr'>in</span> <span class='ocrx_word' id='word_1_213' title='bbox 171 2149 341 2190; x_wconf 85' lang='lat' dir='ltr'>impressis</span> <span class='ocrx_word' id='word_1_214' title='bbox 368 2149 426 2186; x_wconf 86' lang='lat' dir='ltr'>ait,</span> <span class='ocrx_word' id='word_1_215' title='bbox 441 2148 448 2163; x_wconf 89' lang='lat'>‘</span> <span class='ocrx_word' id='word_1_216' title='bbox 467 2156 544 2177; x_wconf 88' lang='lat' dir='ltr'>cum</span> <span class='ocrx_word' id='word_1_217' title='bbox 559 2147 660 2176; x_wconf 81' lang='lat' dir='ltr'>delata</span> <span class='ocrx_word' id='word_1_218' title='bbox 676 2154 717 2176; x_wconf 84' lang='lat' dir='ltr'>ex</span> <span class='ocrx_word' id='word_1_219' title='bbox 737 2145 823 2175; x_wconf 87' lang='lat' dir='ltr'>inte-</span> 
     </span>
     <span class='ocr_line' id='line_1_40' title="bbox 123 2196 823 2240; baseline -0.007 -10"><span class='ocrx_word' id='word_1_220' title='bbox 123 2208 184 2240; x_wconf 82' lang='lat' dir='ltr'>gro</span> <span class='ocrx_word' id='word_1_221' title='bbox 208 2208 262 2229; x_wconf 87' lang='lat' dir='ltr'>res</span> <span class='ocrx_word' id='word_1_222' title='bbox 285 2198 329 2229; x_wconf 88' lang='lat' dir='ltr'>ad</span> <span class='ocrx_word' id='word_1_223' title='bbox 353 2197 538 2235; x_wconf 88' lang='lat' dir='ltr'>Senatum,&#39;</span> <span class='ocrx_word' id='word_1_224' title='bbox 560 2196 620 2227; x_wconf 87' lang='lat' dir='ltr'>sed</span> <span class='ocrx_word' id='word_1_225' title='bbox 643 2196 678 2226; x_wconf 92' lang='lat' dir='ltr'>in</span> <span class='ocrx_word' id='word_1_226' title='bbox 703 2196 823 2226; x_wconf 76' lang='lat' dir='ltr'>Manu-</span> 
     </span>
     <span class='ocr_line' id='line_1_41' title="bbox 127 2244 824 2289; baseline -0.007 -9"><span class='ocrx_word' id='word_1_227' title='bbox 127 2247 265 2289; x_wconf 82' lang='lat' dir='ltr'>scriptis</span> <span class='ocrx_word' id='word_1_228' title='bbox 295 2251 346 2278; x_wconf 87' lang='lat' dir='ltr'>est</span> <span class='ocrx_word' id='word_1_229' title='bbox 378 2248 490 2286; x_wconf 77' lang='lat' dir='ltr'>relata,</span> <span class='ocrx_word' id='word_1_230' title='bbox 522 2246 690 2286; x_wconf 88' lang='lat' dir='ltr'>probante</span> <span class='ocrx_word' id='word_1_231' title='bbox 720 2244 755 2277; x_wconf 82' lang='lat' dir='ltr'>J.</span> <span class='ocrx_word' id='word_1_232' title='bbox 786 2245 824 2275; x_wconf 89' lang='lat' dir='ltr'>F.</span> 
     </span>
     <span class='ocr_line' id='line_1_42' title="bbox 123 2294 826 2336; baseline -0.007 -7"><span class='ocrx_word' id='word_1_233' title='bbox 123 2297 308 2330; x_wconf 85' lang='lat' dir='ltr'>Gronovio.</span> <span class='ocrx_word' id='word_1_234' title='bbox 358 2297 472 2327; x_wconf 75' lang='lat' dir='ltr'>Daris.</span> <span class='ocrx_word' id='word_1_235' title='bbox 516 2296 569 2327; x_wconf 73' lang='lat' dir='ltr'>Ad</span> <span class='ocrx_word' id='word_1_236' title='bbox 602 2296 748 2336; x_wconf 80' lang='lat' dir='ltr'>populum</span> <span class='ocrx_word' id='word_1_237' title='bbox 776 2294 826 2334; x_wconf 84' lang='lat' dir='ltr'>fe-</span> 
     </span>
     <span class='ocr_line' id='line_1_43' title="bbox 123 2345 826 2386; baseline -0.01 -5"><span class='ocrx_word' id='word_1_238' title='bbox 123 2352 225 2381; x_wconf 81' lang='lat' dir='ltr'>ratur.</span> <span class='ocrx_word' id='word_1_239' title='bbox 284 2346 463 2379; x_wconf 79' lang='lat' dir='ltr'>Audenter</span> <span class='ocrx_word' id='word_1_240' title='bbox 493 2355 556 2386; x_wconf 83' lang='lat' dir='ltr'>ego</span> <span class='ocrx_word' id='word_1_241' title='bbox 588 2345 731 2385; x_wconf 82' lang='lat' dir='ltr'>simplex</span> <span class='ocrx_word' id='word_1_242' title='bbox 753 2353 826 2375; x_wconf 69' lang='lat' dir='ltr'>ver-</span> 
     </span>
     <span class='ocr_line' id='line_1_44' title="bbox 123 2396 826 2439; baseline -0.01 -8"><span class='ocrx_word' id='word_1_243' title='bbox 123 2400 202 2431; x_wconf 89' lang='lat' dir='ltr'>bum</span> <span class='ocrx_word' id='word_1_244' title='bbox 217 2397 361 2439; x_wconf 88' lang='lat' dir='ltr'>reposui.</span> <span class='ocrx_word' id='word_1_245' title='bbox 408 2397 495 2428; x_wconf 80' lang='lat' dir='ltr'>Nam</span> <span class='ocrx_word' id='word_1_246' title='bbox 507 2396 553 2427; x_wconf 89' lang='lat' dir='ltr'>ita</span> <span class='ocrx_word' id='word_1_247' title='bbox 569 2400 681 2426; x_wconf 81' lang='lat' dir='ltr'>exstat</span> <span class='ocrx_word' id='word_1_248' title='bbox 694 2403 826 2435; x_wconf 89' lang='lat' dir='ltr'>quoqne</span> 
     </span>
     <span class='ocr_line' id='line_1_45' title="bbox 124 2445 826 2487; baseline -0.007 -7"><span class='ocrx_word' id='word_1_249' title='bbox 124 2450 158 2480; x_wconf 92' lang='lat' dir='ltr'>in</span> <span class='ocrx_word' id='word_1_250' title='bbox 175 2450 259 2480; x_wconf 87' lang='lat' dir='ltr'>Mss.</span> <span class='ocrx_word' id='word_1_251' title='bbox 276 2447 403 2487; x_wconf 90' lang='lat' dir='ltr'>Ursini,</span> <span class='ocrx_word' id='word_1_252' title='bbox 414 2446 596 2485; x_wconf 89' lang='lat' dir='ltr'>Ciacconii,</span> <span class='ocrx_word' id='word_1_253' title='bbox 608 2446 688 2476; x_wconf 88' lang='lat' dir='ltr'>item</span> <span class='ocrx_word' id='word_1_254' title='bbox 702 2445 826 2485; x_wconf 83' lang='lat' dir='ltr'>Scalig.</span> 
     </span>
     <span class='ocr_line' id='line_1_46' title="bbox 126 2495 828 2538; baseline -0.009 -8"><span class='ocrx_word' id='word_1_255' title='bbox 126 2497 222 2530; x_wconf 88' lang='lat' dir='ltr'>Leid.</span> <span class='ocrx_word' id='word_1_256' title='bbox 240 2497 340 2538; x_wconf 81' lang='lat' dir='ltr'>prim.</span> <span class='ocrx_word' id='word_1_257' title='bbox 364 2496 488 2528; x_wconf 78' lang='lat' dir='ltr'>Lovan.</span> <span class='ocrx_word' id='word_1_258' title='bbox 507 2495 653 2526; x_wconf 76' lang='lat' dir='ltr'>Dorvill.</span> <span class='ocrx_word' id='word_1_259' title='bbox 669 2495 767 2524; x_wconf 75' lang='lat' dir='ltr'>Voss.</span> <span class='ocrx_word' id='word_1_260' title='bbox 792 2499 828 2524; x_wconf 90' lang='lat' dir='ltr'>et</span> 
     </span>
     <span class='ocr_line' id='line_1_47' title="bbox 121 2545 828 2589; baseline -0.01 -9"><span class='ocrx_word' id='word_1_261' title='bbox 121 2549 193 2589; x_wconf 89' lang='lat' dir='ltr'>jam</span> <span class='ocrx_word' id='word_1_262' title='bbox 208 2548 338 2578; x_wconf 90' lang='lat' dir='ltr'>monuit</span> <span class='ocrx_word' id='word_1_263' title='bbox 355 2547 407 2578; x_wconf 85' lang='lat' dir='ltr'>Cl.</span> <span class='ocrx_word' id='word_1_264' title='bbox 424 2546 598 2584; x_wconf 86' lang='lat' dir='ltr'>Dukerus‚</span> <span class='ocrx_word' id='word_1_265' title='bbox 621 2545 758 2576; x_wconf 84' lang='lat' dir='ltr'>Florum</span> <span class='ocrx_word' id='word_1_266' title='bbox 772 2552 828 2584; x_wconf 85' lang='lat' dir='ltr'>pa-</span> 
     </span>
     <span class='ocr_line' id='line_1_48' title="bbox 129 2594 829 2634; baseline -0.007 -5"><span class='ocrx_word' id='word_1_267' title='bbox 129 2607 202 2629; x_wconf 88' lang='lat' dir='ltr'>rum</span> <span class='ocrx_word' id='word_1_268' title='bbox 217 2597 371 2628; x_wconf 84' lang='lat' dir='ltr'>idoneum</span> <span class='ocrx_word' id='word_1_269' title='bbox 396 2606 470 2628; x_wconf 87' lang='lat' dir='ltr'>esse</span> <span class='ocrx_word' id='word_1_270' title='bbox 492 2600 663 2627; x_wconf 85' lang='lat' dir='ltr'>auctorem</span> <span class='ocrx_word' id='word_1_271' title='bbox 685 2594 829 2634; x_wconf 82' lang='lat' dir='ltr'>proban-</span> 
     </span>
     <span class='ocr_line' id='line_1_49' title="bbox 129 2644 831 2687; baseline -0.01 -7"><span class='ocrx_word' id='word_1_272' title='bbox 129 2648 181 2680; x_wconf 80' lang='lat' dir='ltr'>dae</span> <span class='ocrx_word' id='word_1_273' title='bbox 214 2647 421 2687; x_wconf 79' lang='lat' dir='ltr'>Latinitatis,</span> <span class='ocrx_word' id='word_1_274' title='bbox 451 2651 637 2687; x_wconf 84' lang='lat' dir='ltr'>ceteraque</span> <span class='ocrx_word' id='word_1_275' title='bbox 661 2644 831 2684; x_wconf 81' lang='lat' dir='ltr'>exempla,-</span> 
     </span>
     <span class='ocr_line' id='line_1_50' title="bbox 131 2695 829 2745; baseline -0.007 -15"><span class='ocrx_word' id='word_1_276' title='bbox 131 2708 206 2740; x_wconf 77' lang='lat' dir='ltr'>quae</span> <span class='ocrx_word' id='word_1_277' title='bbox 222 2698 382 2745; x_wconf 71' lang='lat' dir='ltr'>Dayisius</span> <span class='ocrx_word' id='word_1_278' title='bbox 406 2702 442 2729; x_wconf 88' lang='lat' dir='ltr'>et</span> <span class='ocrx_word' id='word_1_279' title='bbox 455 2697 596 2730; x_wconf 73' lang='lat' dir='ltr'>Vossius</span> <span class='ocrx_word' id='word_1_280' title='bbox 619 2695 829 2735; x_wconf 84' lang='lat' dir='ltr'>adtulerunt,</span> 
     </span>
     <span class='ocr_line' id='line_1_51' title="bbox 130 2747 478 2789; baseline 0 -9"><span class='ocrx_word' id='word_1_281' title='bbox 130 2750 194 2780; x_wconf 84' lang='lat' dir='ltr'>buc</span> <span class='ocrx_word' id='word_1_282' title='bbox 210 2758 277 2780; x_wconf 85' lang='lat' dir='ltr'>uon</span> <span class='ocrx_word' id='word_1_283' title='bbox 293 2747 478 2789; x_wconf 85' lang='lat' dir='ltr'>pertinere.</span> 
     </span>
    </p>
   </div>
   <div class='ocr_carea' id='block_1_3' title="bbox 1452 199 1564 240">
    <p class='ocr_par' dir='ltr' id='par_1_4' title="bbox 1452 199 1564 240">
     <span class='ocr_line' id='line_1_52' title="bbox 1452 199 1564 240; baseline 0.018 -2"><span class='ocrx_word' id='word_1_284' title='bbox 1452 199 1564 240; x_wconf 81' lang='lat'><strong>1343</strong></span> 
     </span>
    </p>
   </div>
   <div class='ocr_carea' id='block_1_4' title="bbox 863 302 1578 2794">
    <p class='ocr_par' dir='ltr' id='par_1_5' title="bbox 863 302 1578 2794">
     <span class='ocr_line' id='line_1_53' title="bbox 907 302 1564 344; baseline -0.008 -8"><span class='ocrx_word' id='word_1_285' title='bbox 907 308 942 335; x_wconf 84' lang='grc'>21</span> <span class='ocrx_word' id='word_1_286' title='bbox 975 306 1129 344; x_wconf 70' lang='lat' dir='ltr'>Consules,</span> <span class='ocrx_word' id='word_1_287' title='bbox 1151 305 1229 344; x_wconf 81' lang='lat' dir='ltr'>quod</span> <span class='ocrx_word' id='word_1_288' title='bbox 1243 307 1314 334; x_wconf 78' lang='lat' dir='ltr'>unte</span> <span class='ocrx_word' id='word_1_289' title='bbox 1329 302 1360 333; x_wconf 85' lang='grc' dir='ltr'>ιίι</span> <span class='ocrx_word' id='word_1_290' title='bbox 1379 305 1498 342; x_wconf 76' lang='lat' dir='ltr'>tempus</span> <span class='ocrx_word' id='word_1_291' title='bbox 1513 312 1564 331; x_wconf 80' lang='lat' dir='ltr'>uc-</span> 
     </span>
     <span class='ocr_line' id='line_1_54' title="bbox 863 351 1564 394; baseline -0.004 -10"><span class='ocrx_word' id='word_1_292' title='bbox 863 355 980 384; x_wconf 74' lang='lat' dir='ltr'>cidcrat</span> <span class='ocrx_word' id='word_1_293' title='bbox 1007 354 1173 394; x_wconf 71' lang='lat' dir='ltr'>nunquam]</span> <span class='ocrx_word' id='word_1_294' title='bbox 1213 352 1371 393; x_wconf 82' lang='lat' dir='ltr'>Explodo</span> <span class='ocrx_word' id='word_1_295' title='bbox 1408 351 1564 382; x_wconf 77' lang='lat' dir='ltr'>Passera-</span> 
     </span>
     <span class='ocr_line' id='line_1_55' title="bbox 866 402 1564 443; baseline -0.004 -9"><span class='ocrx_word' id='word_1_296' title='bbox 866 404 1030 443; x_wconf 79' lang='lat' dir='ltr'>tiuni,qui</span> <span class='ocrx_word' id='word_1_297' title='bbox 1057 415 1120 434; x_wconf 88' lang='lat' dir='ltr'>nou</span> <span class='ocrx_word' id='word_1_298' title='bbox 1146 404 1313 434; x_wconf 48' lang='lat' dir='ltr'>dubitarit</span> <span class='ocrx_word' id='word_1_299' title='bbox 1335 404 1396 433; x_wconf 78' lang='lat' dir='ltr'>lioc</span> <span class='ocrx_word' id='word_1_300' title='bbox 1421 402 1495 432; x_wconf 89' lang='lat' dir='ltr'>loco</span> <span class='ocrx_word' id='word_1_301' title='bbox 1512 410 1564 432; x_wconf 85' lang='lat' dir='ltr'>re·</span> 
     </span>
     <span class='ocr_line' id='line_1_56' title="bbox 866 452 1565 492; baseline -0.006 -8"><span class='ocrx_word' id='word_1_302' title='bbox 866 453 1015 484; x_wconf 87' lang='lat' dir='ltr'>scribere</span> <span class='ocrx_word' id='word_1_303' title='bbox 1039 463 1186 491; x_wconf 63' lang='lat' dir='ltr'>censores,</span> <span class='ocrx_word' id='word_1_304' title='bbox 1212 462 1272 492; x_wconf 82' lang='lat' dir='ltr'>pro</span> <span class='ocrx_word' id='word_1_305' title='bbox 1295 452 1451 482; x_wconf 63' lang='lat' dir='ltr'>cumules.-</span> <span class='ocrx_word' id='word_1_306' title='bbox 1475 460 1565 489; x_wconf 86' lang='lat' dir='ltr'>narn,</span> 
     </span>
     <span class='ocr_line' id='line_1_57' title="bbox 866 500 1564 543; baseline -0.001 -11"><span class='ocrx_word' id='word_1_307' title='bbox 866 502 988 543; x_wconf 88' lang='lat' dir='ltr'>inquit,</span> <span class='ocrx_word' id='word_1_308' title='bbox 1014 506 1049 532; x_wconf 90' lang='lat' dir='ltr'>et</span> <span class='ocrx_word' id='word_1_309' title='bbox 1076 511 1154 532; x_wconf 80' lang='lat' dir='ltr'>vere</span> <span class='ocrx_word' id='word_1_310' title='bbox 1189 501 1354 541; x_wconf 77' lang='lat' dir='ltr'>profecto,</span> <span class='ocrx_word' id='word_1_311' title='bbox 1383 500 1564 540; x_wconf 73' lang='lat' dir='ltr'>sa‘pissime</span> 
     </span>
     <span class='ocr_line' id='line_1_58' title="bbox 866 548 1565 591; baseline -0.004 -9"><span class='ocrx_word' id='word_1_312' title='bbox 866 551 1018 583; x_wconf 88' lang='lat' dir='ltr'>consules</span> <span class='ocrx_word' id='word_1_313' title='bbox 1034 550 1076 580; x_wconf 89' lang='lat' dir='ltr'>ab</span> <span class='ocrx_word' id='word_1_314' title='bbox 1094 550 1175 580; x_wconf 86' lang='lat' dir='ltr'>urbe</span> <span class='ocrx_word' id='word_1_315' title='bbox 1192 550 1375 590; x_wconf 84' lang='lat' dir='ltr'>profectos.</span> <span class='ocrx_word' id='word_1_316' title='bbox 1399 550 1465 580; x_wconf 80' lang='lat' dir='ltr'>Sed</span> <span class='ocrx_word' id='word_1_317' title='bbox 1483 548 1565 591; x_wconf 88' lang='lat' dir='ltr'>quid</span> 
     </span>
     <span class='ocr_line' id='line_1_59' title="bbox 866 599 1565 640; baseline -0.004 -8"><span class='ocrx_word' id='word_1_318' title='bbox 866 602 918 632; x_wconf 88' lang='lat' dir='ltr'>hic</span> <span class='ocrx_word' id='word_1_319' title='bbox 936 601 1126 632; x_wconf 69' lang='lat' dir='ltr'>Censores?</span> <span class='ocrx_word' id='word_1_320' title='bbox 1146 605 1203 630; x_wconf 90' lang='lat' dir='ltr'>aut</span> <span class='ocrx_word' id='word_1_321' title='bbox 1219 600 1384 640; x_wconf 82' lang='lat' dir='ltr'>quomodo</span> <span class='ocrx_word' id='word_1_322' title='bbox 1404 599 1507 630; x_wconf 78' lang='lat' dir='ltr'>verba</span> <span class='ocrx_word' id='word_1_323' title='bbox 1523 599 1565 630; x_wconf 89' lang='lat' dir='ltr'>de</span> 
     </span>
     <span class='ocr_line' id='line_1_60' title="bbox 867 650 1564 690; baseline -0.006 -7"><span class='ocrx_word' id='word_1_324' title='bbox 867 652 1040 683; x_wconf 85' lang='lat' dir='ltr'>lictoribus</span> <span class='ocrx_word' id='word_1_325' title='bbox 1077 650 1260 688; x_wconf 75' lang='lat' dir='ltr'>coliaerent,</span> <span class='ocrx_word' id='word_1_326' title='bbox 1283 660 1364 690; x_wconf 84' lang='lat' dir='ltr'>quos</span> <span class='ocrx_word' id='word_1_327' title='bbox 1395 659 1564 690; x_wconf 87' lang='lat' dir='ltr'>nunquam</span> 
     </span>
     <span class='ocr_line' id='line_1_61' title="bbox 867 700 1566 739; baseline -0.003 -7"><span class='ocrx_word' id='word_1_328' title='bbox 867 703 913 732; x_wconf 89' lang='lat' dir='ltr'>illi</span> <span class='ocrx_word' id='word_1_329' title='bbox 949 702 1162 733; x_wconf 83' lang='lat' dir='ltr'>habuerunt?</span> <span class='ocrx_word' id='word_1_330' title='bbox 1216 701 1338 739; x_wconf 80' lang='lat' dir='ltr'>Inepta</span> <span class='ocrx_word' id='word_1_331' title='bbox 1372 700 1443 730; x_wconf 75' lang='lat' dir='ltr'>liaec</span> <span class='ocrx_word' id='word_1_332' title='bbox 1476 706 1566 731; x_wconf 87' lang='lat' dir='ltr'>sunt.</span> 
     </span>
     <span class='ocr_line' id='line_1_62' title="bbox 868 750 1565 788; baseline -0.006 -5"><span class='ocrx_word' id='word_1_333' title='bbox 868 752 967 785; x_wconf 83' lang='lat' dir='ltr'>Quod</span> <span class='ocrx_word' id='word_1_334' title='bbox 998 752 1041 783; x_wconf 83' lang='lat' dir='ltr'>ad</span> <span class='ocrx_word' id='word_1_335' title='bbox 1071 751 1217 783; x_wconf 84' lang='lat' dir='ltr'>Caesaris</span> <span class='ocrx_word' id='word_1_336' title='bbox 1248 750 1353 780; x_wconf 77' lang='lat' dir='ltr'>verba</span> <span class='ocrx_word' id='word_1_337' title='bbox 1382 750 1514 788; x_wconf 79' lang='lat' dir='ltr'>attinet,</span> <span class='ocrx_word' id='word_1_338' title='bbox 1539 750 1565 780; x_wconf 84' lang='lat' dir='ltr'>si</span> 
     </span>
     <span class='ocr_line' id='line_1_63' title="bbox 867 804 1567 844; baseline -0.009 -8"><span class='ocrx_word' id='word_1_339' title='bbox 867 810 960 836; x_wconf 82' lang='lat' dir='ltr'>recte</span> <span class='ocrx_word' id='word_1_340' title='bbox 983 804 1207 844; x_wconf 83' lang='lat' dir='ltr'>accipiantur,</span> <span class='ocrx_word' id='word_1_341' title='bbox 1233 807 1268 832; x_wconf 88' lang='lat' dir='ltr'>et</span> <span class='ocrx_word' id='word_1_342' title='bbox 1293 811 1387 839; x_wconf 85' lang='lat' dir='ltr'>vera,</span> <span class='ocrx_word' id='word_1_343' title='bbox 1412 806 1447 831; x_wconf 87' lang='lat' dir='ltr'>et</span> <span class='ocrx_word' id='word_1_344' title='bbox 1472 806 1567 831; x_wconf 81' lang='lat' dir='ltr'>recte</span> 
     </span>
     <span class='ocr_line' id='line_1_64' title="bbox 868 853 1566 895; baseline -0.003 -10"><span class='ocrx_word' id='word_1_345' title='bbox 868 856 966 895; x_wconf 79' lang='lat' dir='ltr'>vulgo</span> <span class='ocrx_word' id='word_1_346' title='bbox 998 855 1124 895; x_wconf 78' lang='lat' dir='ltr'>scripta</span> <span class='ocrx_word' id='word_1_347' title='bbox 1156 860 1244 885; x_wconf 85' lang='lat' dir='ltr'>sunt.</span> <span class='ocrx_word' id='word_1_348' title='bbox 1292 854 1378 885; x_wconf 82' lang='lat' dir='ltr'>Nam</span> <span class='ocrx_word' id='word_1_349' title='bbox 1405 853 1492 894; x_wconf 87' lang='lat' dir='ltr'>quod</span> <span class='ocrx_word' id='word_1_350' title='bbox 1521 853 1566 883; x_wconf 74' lang='lat' dir='ltr'>ait</span> 
     </span>
     <span class='ocr_line' id='line_1_65' title="bbox 869 902 1566 944; baseline -0.003 -8"><span class='ocrx_word' id='word_1_351' title='bbox 869 906 1030 937; x_wconf 80' lang='lat' dir='ltr'>Consules</span> <span class='ocrx_word' id='word_1_352' title='bbox 1063 915 1103 936; x_wconf 74' lang='lat' dir='ltr'>ex</span> <span class='ocrx_word' id='word_1_353' title='bbox 1134 904 1217 935; x_wconf 89' lang='lat' dir='ltr'>urbe</span> <span class='ocrx_word' id='word_1_354' title='bbox 1249 903 1431 944; x_wconf 78' lang='lat' dir='ltr'>profectos,</span> <span class='ocrx_word' id='word_1_355' title='bbox 1465 902 1566 943; x_wconf 86' lang='lat' dir='ltr'>idque</span> 
     </span>
     <span class='ocr_line' id='line_1_66' title="bbox 867 954 1568 997; baseline -0.007 -10"><span class='ocrx_word' id='word_1_356' title='bbox 867 965 1033 997; x_wconf 85' lang='lat' dir='ltr'>nunquam</span> <span class='ocrx_word' id='word_1_357' title='bbox 1068 954 1245 992; x_wconf 84' lang='lat' dir='ltr'>accidisse,</span> <span class='ocrx_word' id='word_1_358' title='bbox 1277 954 1309 983; x_wconf 90' lang='lat' dir='ltr'>id</span> <span class='ocrx_word' id='word_1_359' title='bbox 1341 959 1481 984; x_wconf 75' lang='lat' dir='ltr'>eatenus</span> <span class='ocrx_word' id='word_1_360' title='bbox 1511 962 1568 983; x_wconf 77' lang='lat' dir='ltr'>ve-</span> 
     </span>
     <span class='ocr_line' id='line_1_67' title="bbox 867 1002 1567 1046; baseline -0.007 -10"><span class='ocrx_word' id='word_1_361' title='bbox 867 1016 951 1044; x_wconf 80' lang='lat' dir='ltr'>rum,</span> <span class='ocrx_word' id='word_1_362' title='bbox 976 1009 1142 1046; x_wconf 87' lang='lat' dir='ltr'>quatenus</span> <span class='ocrx_word' id='word_1_363' title='bbox 1180 1012 1350 1044; x_wconf 87' lang='lat' dir='ltr'>nunquam</span> <span class='ocrx_word' id='word_1_364' title='bbox 1380 1002 1502 1042; x_wconf 77' lang='lat' dir='ltr'>privati</span> <span class='ocrx_word' id='word_1_365' title='bbox 1535 1002 1567 1031; x_wconf 90' lang='lat' dir='ltr'>in</span> 
     </span>
     <span class='ocr_line' id='line_1_68' title="bbox 867 1052 1567 1095; baseline -0.006 -9"><span class='ocrx_word' id='word_1_366' title='bbox 867 1056 1036 1095; x_wconf 90' lang='lat' dir='ltr'>Capitolio</span> <span class='ocrx_word' id='word_1_367' title='bbox 1054 1055 1190 1086; x_wconf 85' lang='lat' dir='ltr'>lictores</span> <span class='ocrx_word' id='word_1_368' title='bbox 1206 1054 1407 1084; x_wconf 84' lang='lat' dir='ltr'>habuerunt.</span> <span class='ocrx_word' id='word_1_369' title='bbox 1447 1052 1567 1091; x_wconf 80' lang='lat' dir='ltr'>Itaque</span> 
     </span>
     <span class='ocr_line' id='line_1_69' title="bbox 866 1101 1568 1143; baseline -0.007 -9"><span class='ocrx_word' id='word_1_370' title='bbox 866 1105 938 1134; x_wconf 82' lang='lat' dir='ltr'>liaec</span> <span class='ocrx_word' id='word_1_371' title='bbox 956 1104 1056 1134; x_wconf 78' lang='lat' dir='ltr'>verba</span> <span class='ocrx_word' id='word_1_372' title='bbox 1079 1103 1320 1143; x_wconf 78' lang='lat' dir='ltr'>interpretare,</span> <span class='ocrx_word' id='word_1_373' title='bbox 1349 1111 1387 1132; x_wconf 91' lang='lat' dir='ltr'>ac</span> <span class='ocrx_word' id='word_1_374' title='bbox 1411 1101 1438 1131; x_wconf 87' lang='lat' dir='ltr'>si</span> <span class='ocrx_word' id='word_1_375' title='bbox 1462 1101 1568 1140; x_wconf 82' lang='lat' dir='ltr'>scrip-</span> 
     </span>
     <span class='ocr_line' id='line_1_70' title="bbox 867 1149 1570 1190; baseline -0.007 -6"><span class='ocrx_word' id='word_1_376' title='bbox 867 1159 937 1184; x_wconf 87' lang='lat' dir='ltr'>tum</span> <span class='ocrx_word' id='word_1_377' title='bbox 969 1157 1070 1190; x_wconf 86' lang='lat' dir='ltr'>esset,</span> <span class='ocrx_word' id='word_1_378' title='bbox 1106 1152 1269 1183; x_wconf 83' lang='lat' dir='ltr'>Consules</span> <span class='ocrx_word' id='word_1_379' title='bbox 1293 1160 1334 1182; x_wconf 69' lang='lat' dir='ltr'>ex</span> <span class='ocrx_word' id='word_1_380' title='bbox 1363 1151 1443 1180; x_wconf 85' lang='lat' dir='ltr'>urbe</span> <span class='ocrx_word' id='word_1_381' title='bbox 1470 1149 1570 1190; x_wconf 83' lang='lat' dir='ltr'>profi-</span> 
     </span>
     <span class='ocr_line' id='line_1_71' title="bbox 867 1200 1568 1242; baseline -0.004 -10"><span class='ocrx_word' id='word_1_382' title='bbox 867 1203 1052 1242; x_wconf 85' lang='lat' dir='ltr'>ciscuntur,</span> <span class='ocrx_word' id='word_1_383' title='bbox 1075 1206 1109 1231; x_wconf 88' lang='lat' dir='ltr'>et</span> <span class='ocrx_word' id='word_1_384' title='bbox 1135 1201 1224 1242; x_wconf 87' lang='lat' dir='ltr'>quod</span> <span class='ocrx_word' id='word_1_385' title='bbox 1253 1205 1331 1231; x_wconf 86' lang='lat' dir='ltr'>ante</span> <span class='ocrx_word' id='word_1_386' title='bbox 1355 1200 1416 1230; x_wconf 82' lang='lat' dir='ltr'>lioc</span> <span class='ocrx_word' id='word_1_387' title='bbox 1435 1205 1568 1239; x_wconf 87' lang='lat' dir='ltr'>tempus</span> 
     </span>
     <span class='ocr_line' id='line_1_72' title="bbox 866 1250 1570 1295; baseline -0.007 -10"><span class='ocrx_word' id='word_1_388' title='bbox 866 1263 1034 1295; x_wconf 90' lang='lat' dir='ltr'>nunquam</span> <span class='ocrx_word' id='word_1_389' title='bbox 1056 1253 1248 1290; x_wconf 85' lang='lat' dir='ltr'>accidisset,</span> <span class='ocrx_word' id='word_1_390' title='bbox 1263 1253 1401 1283; x_wconf 89' lang='lat' dir='ltr'>lictores</span> <span class='ocrx_word' id='word_1_391' title='bbox 1423 1251 1456 1281; x_wconf 93' lang='lat' dir='ltr'>in</span> <span class='ocrx_word' id='word_1_392' title='bbox 1471 1250 1570 1290; x_wconf 81' lang='lat' dir='ltr'>Capi-</span> 
     </span>
     <span class='ocr_line' id='line_1_73' title="bbox 868 1300 1570 1343; baseline -0.006 -9"><span class='ocrx_word' id='word_1_393' title='bbox 868 1304 950 1335; x_wconf 90' lang='lat' dir='ltr'>tolio</span> <span class='ocrx_word' id='word_1_394' title='bbox 968 1313 987 1334; x_wconf 92' lang='lat' dir='ltr'>a</span> <span class='ocrx_word' id='word_1_395' title='bbox 1003 1303 1144 1343; x_wconf 83' lang='lat' dir='ltr'>privatis</span> <span class='ocrx_word' id='word_1_396' title='bbox 1158 1302 1303 1333; x_wconf 83' lang='lat' dir='ltr'>habitos.</span> <span class='ocrx_word' id='word_1_397' title='bbox 1345 1300 1393 1332; x_wconf 75' lang='lat' dir='ltr'>At</span> <span class='ocrx_word' id='word_1_398' title='bbox 1411 1300 1503 1340; x_wconf 81' lang='lat' dir='ltr'>quid,</span> <span class='ocrx_word' id='word_1_399' title='bbox 1521 1301 1570 1330; x_wconf 86' lang='lat' dir='ltr'>in-</span> 
     </span>
     <span class='ocr_line' id='line_1_74' title="bbox 868 1350 1571 1394; baseline -0.007 -10"><span class='ocrx_word' id='word_1_400' title='bbox 868 1353 974 1394; x_wconf 87' lang='lat' dir='ltr'>quies,</span> <span class='ocrx_word' id='word_1_401' title='bbox 1005 1353 1064 1383; x_wconf 88' lang='lat' dir='ltr'>illa</span> <span class='ocrx_word' id='word_1_402' title='bbox 1092 1358 1163 1383; x_wconf 89' lang='lat' dir='ltr'>tum</span> <span class='ocrx_word' id='word_1_403' title='bbox 1193 1351 1310 1390; x_wconf 71' lang='lat' dir='ltr'>verba,</span> <span class='ocrx_word' id='word_1_404' title='bbox 1334 1354 1441 1381; x_wconf 80' lang='lat' dir='ltr'>contra</span> <span class='ocrx_word' id='word_1_405' title='bbox 1469 1350 1571 1380; x_wconf 76' lang='lat' dir='ltr'>omniu</span> 
     </span>
     <span class='ocr_line' id='line_1_75' title="bbox 868 1399 1570 1442; baseline -0.006 -9"><span class='ocrx_word' id='word_1_406' title='bbox 868 1399 1210 1442; x_wconf 71' lang='lat' dir='ltr'>vetustatis-exempla?</span> <span class='ocrx_word' id='word_1_407' title='bbox 1235 1401 1341 1431; x_wconf 90' lang='lat' dir='ltr'>Recte</span> <span class='ocrx_word' id='word_1_408' title='bbox 1359 1409 1450 1430; x_wconf 87' lang='lat' dir='ltr'>sane.</span> <span class='ocrx_word' id='word_1_409' title='bbox 1487 1399 1570 1430; x_wconf 87' lang='lat' dir='ltr'>Per-</span> 
     </span>
     <span class='ocr_line' id='line_1_76' title="bbox 869 1449 1570 1490; baseline -0.006 -7"><span class='ocrx_word' id='word_1_410' title='bbox 869 1452 980 1483; x_wconf 87' lang='lat' dir='ltr'>tinent</span> <span class='ocrx_word' id='word_1_411' title='bbox 1011 1461 1050 1482; x_wconf 87' lang='lat' dir='ltr'>ea</span> <span class='ocrx_word' id='word_1_412' title='bbox 1076 1451 1118 1481; x_wconf 90' lang='lat' dir='ltr'>ad</span> <span class='ocrx_word' id='word_1_413' title='bbox 1151 1451 1292 1490; x_wconf 80' lang='grc' dir='ltr'>ἔμφασιν,</span> <span class='ocrx_word' id='word_1_414' title='bbox 1317 1454 1353 1481; x_wconf 90' lang='lat' dir='ltr'>ut</span> <span class='ocrx_word' id='word_1_415' title='bbox 1382 1449 1570 1480; x_wconf 79' lang='lat' dir='ltr'>foeditatem</span> 
     </span>
     <span class='ocr_line' id='line_1_77' title="bbox 869 1500 1570 1541; baseline -0.004 -9"><span class='ocrx_word' id='word_1_416' title='bbox 869 1502 915 1532; x_wconf 89' lang='lat' dir='ltr'>rei</span> <span class='ocrx_word' id='word_1_417' title='bbox 944 1506 1039 1533; x_wconf 88' lang='lat' dir='ltr'>tanto</span> <span class='ocrx_word' id='word_1_418' title='bbox 1070 1502 1176 1541; x_wconf 76' lang='lat' dir='ltr'>magis</span> <span class='ocrx_word' id='word_1_419' title='bbox 1205 1500 1415 1540; x_wconf 80' lang='lat' dir='ltr'>exprimeret</span> <span class='ocrx_word' id='word_1_420' title='bbox 1443 1500 1570 1530; x_wconf 59' lang='lat' dir='ltr'>Caesar.</span> 
     </span>
     <span class='ocr_line' id='line_1_78' title="bbox 870 1548 1570 1593; baseline -0.006 -11"><span class='ocrx_word' id='word_1_421' title='bbox 870 1552 982 1593; x_wconf 88' lang='lat' dir='ltr'>Atque</span> <span class='ocrx_word' id='word_1_422' title='bbox 996 1552 1058 1582; x_wconf 87' lang='lat' dir='ltr'>boc</span> <span class='ocrx_word' id='word_1_423' title='bbox 1075 1551 1210 1592; x_wconf 89' lang='lat' dir='ltr'>quidem</span> <span class='ocrx_word' id='word_1_424' title='bbox 1222 1560 1284 1590; x_wconf 84' lang='lat' dir='ltr'>ego</span> <span class='ocrx_word' id='word_1_425' title='bbox 1298 1550 1461 1581; x_wconf 82' lang='lat' dir='ltr'>arbitror:</span> <span class='ocrx_word' id='word_1_426' title='bbox 1480 1548 1570 1589; x_wconf 83' lang='lat' dir='ltr'>quod</span> 
     </span>
     <span class='ocr_line' id='line_1_79' title="bbox 870 1597 1570 1642; baseline -0.009 -8"><span class='ocrx_word' id='word_1_427' title='bbox 870 1603 897 1634; x_wconf 91' lang='lat' dir='ltr'>si</span> <span class='ocrx_word' id='word_1_428' title='bbox 913 1603 967 1633; x_wconf 91' lang='lat' dir='ltr'>cui</span> <span class='ocrx_word' id='word_1_429' title='bbox 983 1602 1055 1632; x_wconf 72' lang='lat' dir='ltr'>haec</span> <span class='ocrx_word' id='word_1_430' title='bbox 1073 1601 1188 1642; x_wconf 88' lang='lat' dir='ltr'>opinio</span> <span class='ocrx_word' id='word_1_431' title='bbox 1204 1609 1270 1630; x_wconf 92' lang='lat' dir='ltr'>non</span> <span class='ocrx_word' id='word_1_432' title='bbox 1286 1598 1488 1637; x_wconf 57' lang='lat' dir='ltr'>satisfaciat,</span> <span class='ocrx_word' id='word_1_433' title='bbox 1503 1597 1570 1629; x_wconf 81' lang='lat' dir='ltr'>for-</span> 
     </span>
     <span class='ocr_line' id='line_1_80' title="bbox 872 1648 1571 1692; baseline -0.009 -9"><span class='ocrx_word' id='word_1_434' title='bbox 872 1653 966 1684; x_wconf 75' lang='lat' dir='ltr'>tassis</span> <span class='ocrx_word' id='word_1_435' title='bbox 983 1652 1090 1692; x_wconf 79' lang='lat' dir='ltr'>magis</span> <span class='ocrx_word' id='word_1_436' title='bbox 1107 1650 1259 1692; x_wconf 84' lang='lat' dir='ltr'>placebit</span> <span class='ocrx_word' id='word_1_437' title='bbox 1274 1650 1389 1680; x_wconf 86' lang='lat' dir='ltr'>dicere</span> <span class='ocrx_word' id='word_1_438' title='bbox 1410 1648 1481 1679; x_wconf 66' lang='lat' dir='ltr'>haec</span> <span class='ocrx_word' id='word_1_439' title='bbox 1499 1658 1571 1678; x_wconf 81' lang='lat' dir='ltr'>ver-</span> 
     </span>
     <span class='ocr_line' id='line_1_81' title="bbox 870 1699 1572 1743; baseline -0.01 -9"><span class='ocrx_word' id='word_1_440' title='bbox 870 1704 925 1742; x_wconf 86' lang='lat' dir='ltr'>ba,</span> <span class='ocrx_word' id='word_1_441' title='bbox 940 1703 1018 1743; x_wconf 82' lang='lat' dir='ltr'>quod</span> <span class='ocrx_word' id='word_1_442' title='bbox 1034 1705 1106 1732; x_wconf 83' lang='lat' dir='ltr'>ante</span> <span class='ocrx_word' id='word_1_443' title='bbox 1129 1701 1160 1731; x_wconf 85' lang='lat' dir='ltr'>id</span> <span class='ocrx_word' id='word_1_444' title='bbox 1183 1704 1301 1740; x_wconf 76' lang='lat' dir='ltr'>tempus</span> <span class='ocrx_word' id='word_1_445' title='bbox 1316 1699 1469 1729; x_wconf 77' lang='lat' dir='ltr'>acciderat</span> <span class='ocrx_word' id='word_1_446' title='bbox 1485 1708 1572 1728; x_wconf 81' lang='lat' dir='ltr'>num·</span> 
     </span>
     <span class='ocr_line' id='line_1_82' title="bbox 871 1747 1570 1794; baseline -0.013 -9"><span class='ocrx_word' id='word_1_447' title='bbox 871 1764 972 1794; x_wconf 72' lang='lat' dir='ltr'>quum,</span> <span class='ocrx_word' id='word_1_448' title='bbox 998 1762 1017 1783; x_wconf 82' lang='lat' dir='ltr'>a</span> <span class='ocrx_word' id='word_1_449' title='bbox 1047 1752 1186 1783; x_wconf 91' lang='lat' dir='ltr'>librario</span> <span class='ocrx_word' id='word_1_450' title='bbox 1211 1751 1318 1790; x_wconf 87' lang='lat' dir='ltr'>primo</span> <span class='ocrx_word' id='word_1_451' title='bbox 1345 1748 1487 1788; x_wconf 81' lang='lat' dir='ltr'>margini</span> <span class='ocrx_word' id='word_1_452' title='bbox 1513 1747 1570 1777; x_wconf 87' lang='lat' dir='ltr'>ad-</span> 
     </span>
     <span class='ocr_line' id='line_1_83' title="bbox 873 1800 1570 1843; baseline -0.009 -9"><span class='ocrx_word' id='word_1_453' title='bbox 873 1804 1013 1843; x_wconf 85' lang='lat' dir='ltr'>scripta,</span> <span class='ocrx_word' id='word_1_454' title='bbox 1028 1801 1071 1832; x_wconf 80' lang='lat' dir='ltr'>ad</span> <span class='ocrx_word' id='word_1_455' title='bbox 1087 1800 1349 1841; x_wconf 75' lang='lat' dir='ltr'>explicationem</span> <span class='ocrx_word' id='word_1_456' title='bbox 1366 1801 1479 1829; x_wconf 84' lang='lat' dir='ltr'>eorum</span> <span class='ocrx_word' id='word_1_457' title='bbox 1496 1807 1570 1838; x_wconf 83' lang='lat' dir='ltr'>quae</span> 
     </span>
     <span class='ocr_line' id='line_1_84' title="bbox 872 1849 1571 1893; baseline -0.007 -10"><span class='ocrx_word' id='word_1_458' title='bbox 872 1857 989 1893; x_wconf 80' lang='lat' dir='ltr'>postea</span> <span class='ocrx_word' id='word_1_459' title='bbox 1012 1856 1208 1892; x_wconf 84' lang='lat' dir='ltr'>sequnntur,</span> <span class='ocrx_word' id='word_1_460' title='bbox 1223 1853 1331 1880; x_wconf 79' lang='lat' dir='ltr'>contra</span> <span class='ocrx_word' id='word_1_461' title='bbox 1355 1849 1454 1879; x_wconf 78' lang='lat' dir='ltr'>omnia</span> <span class='ocrx_word' id='word_1_462' title='bbox 1472 1851 1571 1878; x_wconf 79' lang='lat' dir='ltr'>cetus-</span> 
     </span>
     <span class='ocr_line' id='line_1_85' title="bbox 871 1897 1572 1942; baseline -0.009 -9"><span class='ocrx_word' id='word_1_463' title='bbox 871 1903 948 1934; x_wconf 77' lang='lat' dir='ltr'>tutis</span> <span class='ocrx_word' id='word_1_464' title='bbox 961 1902 1112 1942; x_wconf 67' lang='lat' dir='ltr'>exemplu,</span> <span class='ocrx_word' id='word_1_465' title='bbox 1137 1900 1283 1940; x_wconf 89' lang='lat' dir='ltr'>indeque</span> <span class='ocrx_word' id='word_1_466' title='bbox 1311 1899 1345 1929; x_wconf 90' lang='lat' dir='ltr'>in</span> <span class='ocrx_word' id='word_1_467' title='bbox 1373 1903 1504 1929; x_wconf 76' lang='lat' dir='ltr'>textum</span> <span class='ocrx_word' id='word_1_468' title='bbox 1530 1897 1572 1927; x_wconf 87' lang='lat' dir='ltr'>ir-</span> 
     </span>
     <span class='ocr_line' id='line_1_86' title="bbox 873 1947 1572 1993; baseline -0.01 -10"><span class='ocrx_word' id='word_1_469' title='bbox 873 1953 1028 1993; x_wconf 85' lang='lat' dir='ltr'>repsisse.</span> <span class='ocrx_word' id='word_1_470' title='bbox 1085 1951 1172 1982; x_wconf 88' lang='lat' dir='ltr'>Sane</span> <span class='ocrx_word' id='word_1_471' title='bbox 1200 1959 1268 1980; x_wconf 92' lang='lat' dir='ltr'>non</span> <span class='ocrx_word' id='word_1_472' title='bbox 1300 1947 1445 1980; x_wconf 87' lang='lat' dir='ltr'>absimili</span> <span class='ocrx_word' id='word_1_473' title='bbox 1472 1947 1572 1977; x_wconf 86' lang='lat' dir='ltr'>modo</span> 
     </span>
     <span class='ocr_line' id='line_1_87' title="bbox 873 1999 1575 2042; baseline -0.009 -7"><span class='ocrx_word' id='word_1_474' title='bbox 873 2008 1034 2042; x_wconf 87' lang='lat' dir='ltr'>corrupta</span> <span class='ocrx_word' id='word_1_475' title='bbox 1072 2006 1125 2032; x_wconf 87' lang='lat' dir='ltr'>est</span> <span class='ocrx_word' id='word_1_476' title='bbox 1172 2001 1328 2041; x_wconf 85' lang='lat' dir='ltr'>Epitome</span> <span class='ocrx_word' id='word_1_477' title='bbox 1372 1999 1511 2031; x_wconf 81' lang='lat' dir='ltr'>Liviana</span> <span class='ocrx_word' id='word_1_478' title='bbox 1550 1999 1575 2029; x_wconf 89' lang='lat' dir='ltr'>l.</span> 
     </span>
     <span class='ocr_line' id='line_1_88' title="bbox 873 2048 1574 2092; baseline -0.009 -8"><span class='ocrx_word' id='word_1_479' title='bbox 873 2061 1024 2084; x_wconf 68' lang='lat' dir='ltr'>Lxmux.</span> <span class='ocrx_word' id='word_1_480' title='bbox 1047 2052 1079 2082; x_wconf 92' lang='lat' dir='ltr'>in</span> <span class='ocrx_word' id='word_1_481' title='bbox 1104 2061 1170 2092; x_wconf 89' lang='lat' dir='ltr'>qua</span> <span class='ocrx_word' id='word_1_482' title='bbox 1197 2050 1340 2090; x_wconf 84' lang='lat' dir='ltr'>legitur:</span> <span class='ocrx_word' id='word_1_483' title='bbox 1366 2052 1375 2066; x_wconf 90' lang='lat'>‘</span> <span class='ocrx_word' id='word_1_484' title='bbox 1392 2049 1484 2079; x_wconf 88' lang='lat' dir='ltr'>Sulla</span> <span class='ocrx_word' id='word_1_485' title='bbox 1502 2048 1574 2079; x_wconf 89' lang='lat' dir='ltr'>dic-</span> 
     </span>
     <span class='ocr_line' id='line_1_89' title="bbox 874 2099 1575 2142; baseline -0.01 -8"><span class='ocrx_word' id='word_1_486' title='bbox 874 2108 965 2134; x_wconf 85' lang='lat' dir='ltr'>tator</span> <span class='ocrx_word' id='word_1_487' title='bbox 986 2101 1110 2141; x_wconf 61' lang='lat' dir='ltr'>factm,</span> <span class='ocrx_word' id='word_1_488' title='bbox 1125 2100 1212 2142; x_wconf 90' lang='lat' dir='ltr'>quod</span> <span class='ocrx_word' id='word_1_489' title='bbox 1237 2109 1334 2131; x_wconf 90' lang='lat' dir='ltr'>nemo</span> <span class='ocrx_word' id='word_1_490' title='bbox 1357 2099 1492 2140; x_wconf 89' lang='lat' dir='ltr'>quidem</span> <span class='ocrx_word' id='word_1_491' title='bbox 1515 2108 1575 2129; x_wconf 72' lang='lat' dir='ltr'>un-</span> 
     </span>
     <span class='ocr_line' id='line_1_90' title="bbox 875 2149 1575 2195; baseline -0.007 -11"><span class='ocrx_word' id='word_1_492' title='bbox 875 2163 973 2195; x_wconf 92' lang='lat' dir='ltr'>quam</span> <span class='ocrx_word' id='word_1_493' title='bbox 989 2152 1131 2191; x_wconf 83' lang='lat' dir='ltr'>fecerat,</span> <span class='ocrx_word' id='word_1_494' title='bbox 1142 2161 1215 2182; x_wconf 88' lang='lat' dir='ltr'>cum</span> <span class='ocrx_word' id='word_1_495' title='bbox 1231 2149 1380 2181; x_wconf 88' lang='lat' dir='ltr'>fascibus</span> <span class='ocrx_word' id='word_1_496' title='bbox 1394 2157 1484 2180; x_wconf 75' lang='lat' dir='ltr'>xx1v</span> <span class='ocrx_word' id='word_1_497' title='bbox 1498 2158 1575 2189; x_wconf 87' lang='lat' dir='ltr'>pro·</span> 
     </span>
     <span class='ocr_line' id='line_1_91' title="bbox 874 2198 1575 2236; baseline -0.011 0"><span class='ocrx_word' id='word_1_498' title='bbox 874 2203 998 2236; x_wconf 62' lang='lat' dir='ltr'>cessit!</span> <span class='ocrx_word' id='word_1_499' title='bbox 1043 2203 1133 2234; x_wconf 76' lang='lat' dir='ltr'>Nam</span> <span class='ocrx_word' id='word_1_500' title='bbox 1165 2200 1381 2232; x_wconf 82' lang='lat' dir='ltr'>falsissimum</span> <span class='ocrx_word' id='word_1_501' title='bbox 1407 2204 1460 2231; x_wconf 89' lang='lat' dir='ltr'>est</span> <span class='ocrx_word' id='word_1_502' title='bbox 1489 2198 1523 2229; x_wconf 87' lang='lat' dir='ltr'>id</span> <span class='ocrx_word' id='word_1_503' title='bbox 1555 2207 1575 2229; x_wconf 86' lang='lat' dir='ltr'>a</span> 
     </span>
     <span class='ocr_line' id='line_1_92' title="bbox 874 2249 1574 2289; baseline -0.01 -4"><span class='ocrx_word' id='word_1_504' title='bbox 874 2253 1007 2285; x_wconf 78' lang='lat' dir='ltr'>nemine</span> <span class='ocrx_word' id='word_1_505' title='bbox 1041 2252 1190 2289; x_wconf 87' lang='lat' dir='ltr'>factum;</span> <span class='ocrx_word' id='word_1_506' title='bbox 1234 2260 1349 2284; x_wconf 85' lang='lat' dir='ltr'>omnes</span> <span class='ocrx_word' id='word_1_507' title='bbox 1388 2249 1574 2280; x_wconf 87' lang='lat' dir='ltr'>dictatores</span> 
     </span>
     <span class='ocr_line' id='line_1_93' title="bbox 875 2299 1575 2340; baseline -0.009 -5"><span class='ocrx_word' id='word_1_508' title='bbox 875 2304 1067 2335; x_wconf 84' lang='lat' dir='ltr'>habuerunt</span> <span class='ocrx_word' id='word_1_509' title='bbox 1095 2307 1148 2335; x_wconf 88' lang='lat' dir='ltr'>tot</span> <span class='ocrx_word' id='word_1_510' title='bbox 1174 2301 1307 2338; x_wconf 79' lang='lat' dir='ltr'>fasces;</span> <span class='ocrx_word' id='word_1_511' title='bbox 1333 2310 1408 2331; x_wconf 88' lang='lat' dir='ltr'>uam</span> <span class='ocrx_word' id='word_1_512' title='bbox 1425 2299 1575 2340; x_wconf 84' lang='lat' dir='ltr'>duplica-</span> 
     </span>
     <span class='ocr_line' id='line_1_94' title="bbox 876 2347 1575 2393; baseline -0.009 -8"><span class='ocrx_word' id='word_1_513' title='bbox 876 2359 948 2385; x_wconf 92' lang='lat' dir='ltr'>tum</span> <span class='ocrx_word' id='word_1_514' title='bbox 976 2353 1025 2384; x_wconf 91' lang='lat' dir='ltr'>illi</span> <span class='ocrx_word' id='word_1_515' title='bbox 1059 2352 1252 2393; x_wconf 89' lang='lat' dir='ltr'>imperium,</span> <span class='ocrx_word' id='word_1_516' title='bbox 1283 2350 1358 2380; x_wconf 86' lang='lat' dir='ltr'>ideo</span> <span class='ocrx_word' id='word_1_517' title='bbox 1387 2354 1422 2380; x_wconf 87' lang='lat' dir='ltr'>et</span> <span class='ocrx_word' id='word_1_518' title='bbox 1449 2347 1575 2388; x_wconf 84' lang='lat' dir='ltr'>fasces,</span> 
     </span>
     <span class='ocr_line' id='line_1_95' title="bbox 877 2398 1576 2445; baseline -0.01 -11"><span class='ocrx_word' id='word_1_519' title='bbox 877 2407 959 2445; x_wconf 90' lang='lat' dir='ltr'>quot</span> <span class='ocrx_word' id='word_1_520' title='bbox 971 2407 1112 2444; x_wconf 88' lang='lat' dir='ltr'>uterque</span> <span class='ocrx_word' id='word_1_521' title='bbox 1129 2401 1247 2432; x_wconf 87' lang='lat' dir='ltr'>consul</span> <span class='ocrx_word' id='word_1_522' title='bbox 1261 2399 1419 2430; x_wconf 83' lang='lat' dir='ltr'>habebat.</span> <span class='ocrx_word' id='word_1_523' title='bbox 1465 2398 1513 2429; x_wconf 85' lang='lat' dir='ltr'>Ut</span> <span class='ocrx_word' id='word_1_524' title='bbox 1528 2398 1576 2428; x_wconf 81' lang='lat' dir='ltr'>vi-</span> 
     </span>
     <span class='ocr_line' id='line_1_96' title="bbox 877 2448 1576 2492; baseline -0.013 -6"><span class='ocrx_word' id='word_1_525' title='bbox 877 2454 1014 2485; x_wconf 88' lang='lat' dir='ltr'>deamus</span> <span class='ocrx_word' id='word_1_526' title='bbox 1046 2453 1088 2484; x_wconf 92' lang='lat' dir='ltr'>ab</span> <span class='ocrx_word' id='word_1_527' title='bbox 1125 2453 1243 2492; x_wconf 87' lang='lat' dir='ltr'>inepto</span> <span class='ocrx_word' id='word_1_528' title='bbox 1275 2450 1410 2481; x_wconf 89' lang='lat' dir='ltr'>homine</span> <span class='ocrx_word' id='word_1_529' title='bbox 1448 2448 1576 2479; x_wconf 82' lang='lat' dir='ltr'>inserta</span> 
     </span>
     <span class='ocr_line' id='line_1_97' title="bbox 877 2499 1576 2542; baseline -0.011 -6"><span class='ocrx_word' id='word_1_530' title='bbox 877 2514 952 2536; x_wconf 89' lang='lat' dir='ltr'>esse</span> <span class='ocrx_word' id='word_1_531' title='bbox 977 2503 1081 2536; x_wconf 84' lang='lat' dir='ltr'>verba</span> <span class='ocrx_word' id='word_1_532' title='bbox 1122 2503 1193 2542; x_wconf 89' lang='lat' dir='ltr'>illa,</span> <span class='ocrx_word' id='word_1_533' title='bbox 1224 2502 1304 2542; x_wconf 83' lang='lat' dir='ltr'>quod</span> <span class='ocrx_word' id='word_1_534' title='bbox 1341 2510 1427 2530; x_wconf 80' lang='lat' dir='ltr'>nemo</span> <span class='ocrx_word' id='word_1_535' title='bbox 1457 2499 1576 2538; x_wconf 80' lang='lat' dir='ltr'>quidem</span> 
     </span>
     <span class='ocr_line' id='line_1_98' title="bbox 877 2548 1578 2595; baseline -0.014 -9"><span class='ocrx_word' id='word_1_536' title='bbox 877 2565 1008 2595; x_wconf 72' lang='lat' dir='ltr'>unquam</span> <span class='ocrx_word' id='word_1_537' title='bbox 1029 2553 1162 2591; x_wconf 78' lang='lat' dir='ltr'>fecerat.</span> <span class='ocrx_word' id='word_1_538' title='bbox 1205 2552 1338 2583; x_wconf 69' lang='lat' dir='ltr'>Vossius.</span> <span class='ocrx_word' id='word_1_539' title='bbox 1388 2548 1578 2580; x_wconf 87' lang='lat' dir='ltr'>Durissima</span> 
     </span>
     <span class='ocr_line' id='line_1_99' title="bbox 877 2597 1577 2643; baseline -0.013 -8"><span class='ocrx_word' id='word_1_540' title='bbox 877 2604 1013 2635; x_wconf 90' lang='lat' dir='ltr'>videtur</span> <span class='ocrx_word' id='word_1_541' title='bbox 1050 2604 1192 2643; x_wconf 69' lang='lat' dir='ltr'>Dionys,</span> <span class='ocrx_word' id='word_1_542' title='bbox 1234 2601 1345 2632; x_wconf 78' lang='lat' dir='ltr'>Vossii</span> <span class='ocrx_word' id='word_1_543' title='bbox 1383 2597 1577 2638; x_wconf 79' lang='lat' dir='ltr'>explicatio,</span> 
     </span>
     <span class='ocr_line' id='line_1_100' title="bbox 878 2646 1577 2692; baseline -0.016 -6"><span class='ocrx_word' id='word_1_544' title='bbox 878 2663 943 2686; x_wconf 88' lang='lat' dir='ltr'>nec</span> <span class='ocrx_word' id='word_1_545' title='bbox 958 2654 1068 2685; x_wconf 90' lang='lat' dir='ltr'>minus</span> <span class='ocrx_word' id='word_1_546' title='bbox 1088 2652 1199 2684; x_wconf 70' lang='lat' dir='ltr'>audax</span> <span class='ocrx_word' id='word_1_547' title='bbox 1222 2651 1440 2692; x_wconf 82' lang='lat' dir='ltr'>conjectura;</span> <span class='ocrx_word' id='word_1_548' title='bbox 1464 2646 1577 2676; x_wconf 67' lang='lat' dir='ltr'>videa-</span> 
     </span>
     <span class='ocr_line' id='line_1_101' title="bbox 878 2696 1578 2744; baseline -0.013 -10"><span class='ocrx_word' id='word_1_549' title='bbox 878 2713 952 2734; x_wconf 81' lang='lat' dir='ltr'>mus</span> <span class='ocrx_word' id='word_1_550' title='bbox 982 2703 1098 2744; x_wconf 86' lang='lat' dir='ltr'>igitur,</span> <span class='ocrx_word' id='word_1_551' title='bbox 1120 2712 1162 2738; x_wconf 89' lang='lat' dir='ltr'>au</span> <span class='ocrx_word' id='word_1_552' title='bbox 1188 2701 1349 2732; x_wconf 86' lang='lat' dir='ltr'>leniorem</span> <span class='ocrx_word' id='word_1_553' title='bbox 1375 2696 1578 2728; x_wconf 83' lang='lat' dir='ltr'>medicinam</span> 
     </span>
     <span class='ocr_line' id='line_1_102' title="bbox 878 2746 1576 2794; baseline -0.014 -8"><span class='ocrx_word' id='word_1_554' title='bbox 878 2753 955 2786; x_wconf 88' lang='lat' dir='ltr'>huic</span> <span class='ocrx_word' id='word_1_555' title='bbox 983 2753 1059 2785; x_wconf 85' lang='lat' dir='ltr'>loco</span> <span class='ocrx_word' id='word_1_556' title='bbox 1084 2752 1248 2794; x_wconf 84' lang='lat' dir='ltr'>possimus</span> <span class='ocrx_word' id='word_1_557' title='bbox 1272 2747 1444 2780; x_wconf 82' lang='lat' dir='ltr'>adhibere.</span> <span class='ocrx_word' id='word_1_558' title='bbox 1482 2746 1576 2778; x_wconf 78' lang='lat' dir='ltr'>Voce</span> 
     </span>
    </p>
   </div>
  </div>
 </body>
</html>
