1818 3131
257 217 369 259 1066

255 325 338 360 tntu,
354 322 411 354 sed
438 321 575 361 frustra,
599 327 635 353 ut
659 323 725 361 vel,
741 323 862 354 silente
889 333 956 362 me,

255 374 446 406 Jornandes
479 378 610 412 arguat.
671 374 841 404 Caeterum
866 384 958 414 saepe

256 424 397 454 miratus
422 432 506 461 sum,
529 423 608 453 uihil
633 424 667 454 in
690 425 843 456 omuibus
867 426 958 455 hisce

255 473 506 503 commentariis
545 474 712 505 Caesarem
749 475 791 505 de
825 475 958 506 falcatis

257 522 409 552 curribus
438 523 612 554 Gallorum
640 526 692 555 vel
719 526 958 556 Britannorum

257 571 383 603 dicere.
429 573 529 604 Unde
546 575 680 605 omuino
707 586 822 605 verum
846 577 960 613 erede,

255 621 349 662 quod
370 622 448 653 olim
467 622 604 655 Asinius
627 626 733 655 Pollio
751 626 864 656 dicere
882 627 959 656 soli-

256 677 323 712 tus,
333 672 501 704 Caesarem
516 675 619 705 multa
630 680 834 706 mutaturum
846 675 961 713 fuisse,

257 722 284 753 si
309 722 434 754 diutius
454 725 604 755 vixisset.
625 726 797 765 Imprimis
822 736 897 756 cuin
915 726 961 755 di-

257 772 374 804 sertim
393 773 482 813 apud
504 775 699 805 Frontinum
719 785 757 806 11.
776 780 805 805 3.
831 776 962 806 Strate-

259 831 347 861 gem.
381 823 509 863 legam:
548 824 611 854 ‘C.
641 825 753 854 Caesar
781 825 960 855 Gallorum

259 871 400 902 falcatas
419 874 600 913 quadrigas
617 874 735 904 eadem
763 874 891 904 ratione
909 884 962 913 pa-

257 921 296 951 lis
313 921 432 952 defixis
447 923 598 962 excepit,
613 923 850 964 inhibuitque.'
877 924 961 954 Haec

255 975 370 1002 autem
408 981 452 1002 ex
492 973 773 1012 Epliemeridibus
821 973 962 1004 Caesaris

257 1020 377 1053 hausta
393 1022 448 1052 vix
465 1023 613 1062 ambigo.
656 1023 791 1054 Vossius.

302 1074 321 1101 7
347 1074 448 1103 Onere
472 1083 625 1104 armornm
651 1073 778 1113 pressis]
825 1074 909 1104 Mss.
928 1078 964 1105 et

258 1121 352 1152 Vett.
388 1122 476 1152 Edd.
506 1123 666 1163 oppressis.
713 1124 812 1155 Quod
840 1130 875 1155 et
898 1125 965 1155 elc-

258 1172 405 1211 gautius.
441 1174 546 1204 Clark.
593 1174 688 1204 Bene
716 1174 779 1205 boc
805 1175 963 1205 observat

260 1223 437 1255 Clarkius:
473 1225 622 1265 obpressis
649 1231 824 1257 exaratum
852 1232 904 1257 est
929 1228 963 1257 iu

259 1274 413 1305 omnibus
441 1276 536 1313 meis,
567 1276 788 1317 aliorumque.
848 1278 963 1309 Quare

261 1323 392 1364 reduxi,
422 1330 458 1356 et
492 1327 625 1366 reposui
652 1337 810 1357 armorum
834 1337 922 1358 onere
945 1337 963 1357 e

260 1373 355 1405 Leid.
371 1375 489 1415 primo.
536 1377 635 1407 Quod
650 1377 857 1408 concinnius,

304 1427 323 1454 8
342 1425 394 1455 De
410 1425 539 1455 naribus
553 1426 767 1465 desiliendum]
786 1426 893 1457 Editt.
907 1436 964 1457 nu-

260 1483 353 1514 perae
371 1477 646 1515 praepositionem
665 1477 841 1516 omittunt,
864 1486 965 1517 quam

260 1524 488 1556 reducendam
505 1526 710 1566 censuimus,
733 1535 808 1557 cum
829 1527 862 1556 iu
879 1527 966 1558 Mss.

260 1578 296 1604 et
309 1575 481 1606 veteribus
495 1576 663 1616 impressis
677 1580 884 1616 compareat.
907 1576 964 1607 Sic

259 1625 379 1657 Cicero
406 1636 467 1666 pro
494 1628 624 1657 Milone
653 1637 684 1658 c.
704 1631 754 1657 10.
808 1629 816 1643 ‘
835 1628 901 1658 Hic
929 1629 967 1658 de

258 1675 364 1714 rheda,
378 1676 508 1715 rejecta
525 1676 861 1716 peuula‚‹1csili1sset.’
899 1677 965 1707 Da-

260 1724 318 1754 vis.
344 1725 457 1756 Ursini
471 1725 542 1755 haec
560 1727 660 1766 culpa
676 1730 742 1763 est,
756 1726 811 1766 qui
825 1727 966 1765 monuit,

262 1786 282 1806 a
306 1776 390 1807 Cod.
416 1786 473 1806 suo
512 1778 667 1807 exsulare
703 1778 760 1811 ‹Ie;
797 1777 845 1807 uti
869 1777 966 1807 abest

261 1835 395 1866 quoque
423 1836 442 1856 a
468 1827 633 1866 Scaligeri
661 1827 772 1864 Msto;
807 1827 862 1867 qui
887 1827 964 1857 ideo

260 1874 384 1914 ejecit;
410 1875 442 1905 in
461 1875 554 1906 Leid.
574 1885 625 1915 pr.
643 1881 695 1906 est
723 1887 803 1908 cum.
849 1877 964 1908 Ceteri

261 1924 412 1955 retinent
441 1925 566 1955 rectius
589 1935 607 1956 e
634 1926 773 1958 Juliano
791 1927 901 1966 stylo:
926 1936 966 1957 ex

259 1974 346 2014 equis
360 1975 506 2005 desiliunt
526 1976 609 2015 Cap.
621 1986 690 2007 sec.
707 1986 745 2007 ex
761 1978 833 2008 nari
847 1987 876 2008 c.
893 1987 966 2019 seq.

262 2024 317 2055 ubi
333 2025 451 2056 itidem
472 2026 569 2056 Leid.
587 2036 640 2066 pr.
655 2027 692 2057 de
708 2027 792 2057 uari.

306 2075 508 2115 Etfluctibns
520 2077 616 2116 ‹rot1s.]
641 2076 722 2107 Mss.
740 2077 823 2117 Reg.
840 2077 965 2108 Eliens.

260 2129 297 2156 et
309 2125 436 2165 vossii,
452 2131 487 2156 et
503 2125 588 2156 Edd.
607 2127 701 2158 Vctt.
715 2130 746 2157 et
762 2127 966 2169 iiifluctibits:

261 2175 351 2215 quod
377 2177 485 2215 magis
504 2176 673 2208 Latinum.
712 2177 852 2208 Graecus
876 2177 966 2217 ἐντῷ

260 2225 311 2263 ῥῷ.
357 2226 570 2257 Crediderim
591 2227 747 2267 equidem
769 2227 802 2257 in
819 2227 965 2267 Scalige-

263 2286 346 2306 rana
377 2277 537 2307 Editioue
570 2287 684 2307 errore
718 2278 964 2317 typographico

262 2327 416 2358 omissam
428 2327 711 2367 praepositiouem.
735 2327 844 2359 Quam
857 2328 964 2358 secuti

261 2381 338 2407 sunt
356 2378 572 2408 recentiores,
598 2377 706 2407 clm-lc.
740 2377 966 2407 Carrarieusis

264 2427 348 2458 cod.
387 2427 598 2463 auctoritati,
636 2427 689 2457 cui
732 2426 965 2467 adstipulatur

263 2476 395 2507 Duker.
424 2476 527 2516 ejecit
553 2476 702 2515 Scaliger
731 2476 768 2505 τὸ
800 2477 842 2507 ἰη.
896 2478 965 2508 Sed

261 2526 366 2557 nostri
385 2535 498 2555 omues
512 2525 612 2556 etiam
626 2530 779 2563 svrvant3
803 2527 966 2566 quocirca

264 2576 421 2607 revocavi
441 2575 712 2614 pra-positionem
728 2576 779 2605 liic
796 2586 942 2617 quoque.

309 2629 346 2657 13
373 2626 443 2656 Non
461 2627 564 2655 eudem
578 2626 756 2665 alacritate]
799 2627 856 2658 sic
881 2628 964 2659 Mss.

262 2677 350 2717 Reg.
378 2676 502 2707 Elieus.
530 2681 566 2706 ct
592 2676 701 2706 Vomii
730 2682 764 2707 et
788 2677 964 2717 interpres

264 2727 406 2757 Graecus
435 2731 471 2756 et
498 2725 605 2756 Editt.
630 2726 726 2756 vett.
753 2727 906 2766 Scaliger
929 2732 965 2758 et

265 2776 500 2814 Recentiores,
523 2785 582 2806 non
599 2784 714 2807 omnes
730 2777 835 2807 emlcm
851 2777 964 2809 alacri-

721 226 864 258 NOTAE
895 227 1167 269 VARIORUM·
1196 229 1247 260 IN

1009 327 1084 355 tate.
1131 324 1230 356 Quod
1244 324 1376 355 illorum
1390 327 1620 355 assumentum
1635 331 1710 356 esse

1011 379 1105 414 puto,
1124 375 1178 415 qui
1195 385 1236 404 ne
1255 375 1372 405 Ca‘sar
1387 384 1521 406 suorum
1541 373 1713 407 fortitudi—

1010 433 1085 454 nem
1119 425 1288 455 uarrando
1327 426 1488 456 minuisse
1528 423 1715 468 videretur,

1012 475 1226 506 verebantur.
1257 476 1366 506 Clark.
1425 478 1540 506 Omnes
1563 475 1714 516 Scaliger

1011 534 1029 553 e
1046 532 1106 553 suo
1118 524 1244 555 Codice
1259 525 1393 555 videtur
1407 525 1590 556 addidisse.
1615 525 1714 556 Eam-

1012 582 1076 613 que
1087 583 1201 603 vocem
1211 575 1363 614 agnoscit
1372 575 1589 612 Oxouieusis;
1599 573 1714 606 forsan

1012 623 1115 652 etiam
1129 623 1246 654 Petav.
1263 629 1298 654 et
1314 624 1432 664 Cujac.
1456 625 1514 655 sed
1539 625 1569 655 in
1589 625 1716 656 ceteris

1013 673 1096 702 Mss.
1117 682 1183 702 non
1207 680 1396 713 comparet.
1441 675 1634 705 Delendum
1651 684 1715 715 ego

1013 732 1147 763 quoque
1178 723 1344 763 suspicor.
1399 724 1520 754 Statim
1547 725 1715 756 Mstorum

1007 771 1107 811 jussu
1124 776 1301 802 consuerant
1327 782 1442 803 rursus
1467 773 1559 803 edidi
1583 778 1716 805 tantum

1013 831 1078 851 nou
1093 822 1254 860 omnium,
1265 828 1299 852 et
1313 822 1400 854 Edd.
1416 823 1611 862 primarum.
1628 823 1717 855 Vide

1015 871 1056 901 ad
1074 881 1096 903 1.
1110 875 1161 903 43.
1208 872 1249 902 lu
1263 872 1429 903 Vossiauo
1445 873 1551 914 primo
1564 872 1635 904 solo
1648 871 1717 904 vidi

1013 922 1022 937 ‘
1037 922 1308 952 consueverant!

1059 974 1097 1002 14
1126 971 1315 1010 tuebantur]
1361 973 1438 1003 Non
1464 973 1562 1004 male.
1599 971 1718 1013 Saepis-

1015 1020 1096 1051 sime
1113 1021 1161 1051 ita
1177 1022 1267 1052 idem
1285 1023 1421 1053 verbum
1438 1023 1566 1063 repetit
1590 1023 1719 1062 Caesar,

1015 1076 1050 1102 et
1066 1073 1151 1102 male
1166 1071 1203 1101 τὸ
1222 1073 1269 1102 uti
1294 1073 1408 1104 delere
1435 1078 1545 1104 tentat
1561 1072 1718 1105 Ciaccon.

1016 1122 1060 1153 At
1084 1123 1116 1152 in
1134 1123 1246 1154 Oxou.
1274 1125 1403 1155 Codice
1430 1134 1495 1155 non
1519 1125 1628 1155 minus
1653 1125 1719 1156 ele-

1014 1179 1135 1211 ganter
1151 1173 1205 1204 liic
1219 1174 1379 1204 scribitur
1395 1174 1584 1205 nitebantur.
1629 1174 1718 1205 Vide

1015 1231 1079 1253 vu.
1095 1225 1147 1254 63.
1169 1223 1211 1252 B.
1223 1223 1298 1254 Civ.
1311 1233 1335 1254 1.
1348 1227 1402 1255 35.
1427 1226 1436 1240 ⁴
1449 1225 1574 1255 Tamen
1591 1223 1719 1255 virtute

1015 1277 1048 1302 et
1065 1272 1232 1312 patientia
1244 1273 1467 1304 nitebantur.'
1492 1273 1608 1304 Valer.
1621 1272 1718 1304 Max.

1017 1330 1074 1352 111.
1091 1324 1121 1353 2.
1134 1324 1188 1352 23.
1223 1324 1231 1338 ‘
1243 1322 1381 1354 Summo
1394 1323 1505 1354 studio
1524 1323 1566 1353 ad
1581 1323 1613 1353 id
1627 1323 1720 1364 capi-

1015 1370 1139 1401 endum
1172 1371 1340 1402 niteretur
1352 1373 1371 1402 2’
1411 1373 1467 1403 ubi
1499 1373 1576 1403 vide
1604 1373 1719 1404 Vorst.

1016 1420 1114 1452 Idem
1130 1429 1159 1452 c.
1177 1423 1209 1451 8.
1233 1422 1246 1462 ς
1261 1424 1292 1452 6.
1315 1423 1324 1438 ⁴
1338 1421 1448 1453 forum
1465 1432 1594 1455 summo
1607 1423 1720 1455 studio

1016 1470 1214 1501 nitebatur!
1274 1470 1372 1502 Infra
1404 1473 1444 1503 R.
1475 1471 1576 1504 Alex.
1605 1482 1636 1504 c.
1667 1475 1720 1504 20.

1015 1522 1024 1537 ‘
1038 1521 1147 1552 animo
1166 1521 1258 1553 nixi.'
1307 1523 1348 1552 B.
1368 1523 1441 1554 Civ.
1458 1532 1499 1554 11.
1517 1526 1548 1555 6.
1571 1523 1721 1556 ‘Celeri-

1017 1575 1089 1601 tate
1119 1572 1213 1602 navis
1240 1572 1352 1602 enisus
1380 1572 1455 1603 est.’
1511 1574 1593 1605 Mss.
1622 1575 1720 1606 multi

1016 1630 1099 1651 usus·
1135 1621 1261 1651 Eadem
1278 1621 1431 1653 confusio
1450 1623 1491 1653 B.
1505 1623 1578 1654 Civ.
1596 1632 1652 1655 111.
1668 1627 1721 1656 113.

1016 1671 1025 1686 ‘
1039 1671 1259 1705 Auctoritate
1276 1672 1367 1711 niti3‘
1393 1676 1428 1704 et
1446 1683 1476 1705 c.
1492 1676 1545 1704 35.
1569 1673 1620 1704 ‘vi
1638 1674 1722 1705 nite-

1019 1720 1137 1752 batur.’
1182 1721 1278 1752 Idem
1303 1723 1439 1764 reponit
1462 1723 1664 1756 Ciacconius
1686 1725 1720 1756 in

1018 1771 1058 1801 B.
1087 1771 1186 1801 Alex.
1212 1782 1239 1802 e.
1262 1775 1316 1803 58.
1362 1773 1491 1804 Eadem
1515 1774 1662 1806 varietas
1685 1775 1720 1806 in

1018 1820 1108 1860 Nep.
1127 1821 1231 1851 Phoc.
1251 1831 1281 1852 c.
1298 1825 1329 1852 3.
1345 1822 1353 1837 ‘
1367 1822 1502 1853 Insidiis
1518 1824 1721 1855 niterentur'

1017 1870 1108 1910 apud
1138 1875 1288 1902 nostrum
1318 1883 1453 1913 quoque
1483 1873 1522 1904 B.
1549 1874 1593 1905 G.
1621 1883 1645 1905 1.
1670 1877 1721 1906 1³.

1018 1922 1147 1951 Contra
1161 1921 1193 1951 iu
1209 1921 1310 1961 Apul.
1324 1923 1410 1953 Met.
1423 1923 1445 1953 l.
1460 1932 1514 1954 111.
1527 1933 1560 1964 p.
1571 1927 1624 1955 43.
1637 1925 1721 1955 scri-

1017 1971 1163 2002 bendum
1179 1973 1385 2004 auctoritate
1398 1973 1464 2004 Ms.
1479 1984 1498 2004 a
1510 1983 1563 2004 me
1575 1975 1720 2006 consulti

1016 2021 1163 2053 violentia
1192 2023 1296 2053 utitur
1321 2033 1386 2054 uon
1413 2024 1546 2055 nititur:
1570 2029 1609 2056 ut
1635 2025 1721 2057 vidit

1011 2071 1083 2111 jam
1109 2071 1187 2101 olim
1211 2081 1228 2101 e
1253 2072 1451 2112 conjectura
1474 2072 1611 2115 Sciopp.
1626 2084 1718 2116 susp.

1017 2120 1116 2152 Lect.
1134 2129 1193 2152 111.
1211 2124 1261 2152 16.

1060 2179 1145 2202 xxv.
1170 2175 1185 2202 l
1210 2172 1459 2213 Animadvertit]
1506 2174 1718 2207 Membranae

1015 2221 1160 2254 Andinae
1173 2228 1208 2253 et
1221 2222 1434 2255 Oxonienses
1445 2224 1573 2264 optime
1583 2226 1718 2256 animum

1015 2273 1165 2303 advertit:
1191 2279 1227 2304 ut
1245 2273 1348 2304 edidi.
1394 2274 1482 2305 vide
1499 2275 1541 2305 ad
1559 2284 1584 2306 1.
1597 2278 1651 2307 24.

1058 2326 1077 2354 2
1098 2325 1142 2354 Et
1158 2328 1256 2355 motus
1271 2327 1310 2356 ad
1326 2335 1414 2356 usum
1429 2326 1619 2366 expeditior]
1647 2327 1716 2358 Pro

1015 2374 1034 2411 ἡ
1049 2373 1138 2414 χρεία
1154 2375 1226 2415 πρὸς
1244 2375 1302 2412 τὴν
1324 2375 1442 2413 κίνησιν
1455 2376 1623 2417 ταχύτερα.
1666 2378 1717 2409 Si·

1015 2425 1094 2455 mile
1111 2425 1206 2465 illud,
1227 2428 1236 2442 ‘
1250 2427 1347 2457 Dare
1363 2427 1524 2458 classibus
1552 2427 1718 2459 Austros!

1015 2476 1072 2507 Sic
1100 2476 1234 2507 Hirtius
1263 2477 1429 2517 principio
1457 2477 1532 2508 libri
1557 2476 1599 2507 de
1627 2477 1716 2509 bello

1015 2525 1200 2558 Africano:
1225 2527 1512 2558 “sabernaculum
1529 2528 1716 2559 secundum

1016 2576 1095 2607 litus
1121 2577 1230 2616 ipsum
1255 2577 1444 2615 constituit,
1462 2582 1497 2607 ut
1514 2587 1620 2618 prope
1635 2577 1716 2610 fluc-

1017 2632 1070 2657 tus
1092 2626 1313 2658 verberaret.'
1359 2626 1487 2656 Eodem
1505 2627 1605 2658 modo
1622 2637 1648 2658 1.
1671 2627 1715 2659 de

1015 2677 1104 2707 bello
1123 2677 1244 2707 Civili:
1269 2678 1277 2693 ‘
1292 2676 1407 2707 Nave-5
1424 2675 1526 2708 factae
1544 2677 1658 2710 subito
1671 2688 1713 2709 ex

1014 2726 1152 2757 humida
1181 2727 1324 2758 materia
1352 2736 1419 2758 non
1443 2727 1589 2758 eundem
1617 2737 1713 2759 usum

1015 2777 1202 2809 celeritatis
1216 2776 1411 2810 habebant:
1441 2777 1572 2811 Vossius.
1616 2778 1714 2812 Frus-
