1818 3131
274 201 388 243 1244

275 307 409 337 castellis
439 306 493 337 vel
525 307 637 346 potius
667 305 776 346 quibus
804 307 837 338 iu
868 317 895 337 c.
927 307 976 337 uti

276 358 378 388 ctiam
416 357 573 388 Beroald.
611 356 750 388 Vascos.
786 357 904 399 Steph.
942 363 977 390 et

278 407 354 436 aiii:
383 407 550 448 quomodo
567 406 670 439 edidi.
715 407 908 439 Innumeris
931 409 976 439 lo-

278 457 326 486 cis
351 455 423 487 haec
451 457 610 497 repetitio
634 457 724 498 apud
747 463 898 489 nostrum
923 469 975 490 oc-

277 506 396 537 currit.
454 507 608 538 Conecta
639 507 793 549 qua-dam
826 509 901 539 vide
933 510 975 540 ad

277 565 315 586 ιι.
335 558 385 588 18.
408 557 417 573 ‘
437 557 516 588 Loci
534 562 653 590 natura
676 565 749 590 erat
766 560 851 599 h‘aec,
876 570 976 600 quem

276 606 386 636 locum
404 608 511 638 nostri
528 609 646 639 castris
663 609 860 649 delegerant
877 610 895 640 :’
920 610 975 640 ubi

275 657 378 688 etiam
396 658 574 690 exsulabat
590 661 701 700 vulgo.
727 669 806 691 vni.
835 664 886 691 17.
912 663 921 677 ⁴
936 669 976 689 eo

277 707 363 748 loco,
387 718 485 749 quem
510 709 543 740 in
567 710 679 741 locum
706 711 863 740 missuros
891 709 977 740 arbi-

277 759 450 789 traretur.’

320 812 360 840 14
386 810 541 850 Irruptio]
565 809 709 841 Codices
725 810 874 840 nonnulli
891 819 979 850 erup-

277 859 334 890 tio.
380 859 522 890 Graecus
540 859 649 898 ἔξοδος.
697 860 861 890 Neutrum
879 860 977 892 male.

279 910 414 949 Eruptio
449 910 595 941 bostium
626 910 978 949 circumvallatorum3

276 959 410 998 irruptio
439 959 472 989 in
504 960 733 991 Romanorum
765 961 978 992 munitiones.

277 1009 400 1051 Melius
423 1014 534 1041 tamen
552 1011 644 1051 illud,
665 1013 811 1052 irruptio,
837 1017 979 1053 propter

276 1058 323 1098 id,
341 1059 431 1100 quod
458 1061 570 1100 paucis
594 1066 671 1101 post
695 1062 789 1092 lineis
814 1063 979 1103 sequitur,

277 1120 372 1150 nequa
388 1110 488 1141 subito
512 1112 656 1152 irruptio
682 1113 720 1142 ab
743 1113 874 1142 hostium
893 1113 979 1152 pedi-

278 1160 437 1201 tutufiat.
475 1161 583 1191 Clark.
630 1161 724 1191 Idem
746 1162 882 1201 judicat
910 1162 979 1193 Ho-

246 1250 249 1253 -
279 1215 468 1242 tomaunus.
528 1211 620 1241 Male
653 1216 775 1243 tamen.
836 1212 902 1244 llic
937 1212 979 1243 de

277 1262 437 1301 emptione
461 1270 503 1292 ex
529 1261 653 1302 oppido
682 1264 849 1292 Caesarem
877 1262 980 1302 loqui,

278 1312 414 1342 omuino
440 1311 611 1350 existimo,
637 1317 672 1342 ct
698 1311 916 1342 confirmatur
941 1322 981 1341 ea

279 1362 382 1392 lectio
412 1362 493 1392 Mss.
524 1361 620 1392 Carr.
649 1367 683 1391 et
706 1361 788 1391 meis
813 1361 854 1391 ad
879 1371 981 1391 unum

279 1412 446 1451 omnibus,
469 1412 522 1452 (et
550 1410 638 1441 Edd.
667 1410 768 1441 Rom.
794 1411 867 1442 Ine.
894 1412 981 1442 Yen.

278 1460 437 1503 Mediol.)
455 1466 580 1502 praeter
598 1459 721 1492 Audin.
747 1467 781 1492 et
810 1462 922 1493 Oxou.
949 1462 981 1492 in

279 1513 400 1553 quibus
427 1512 583 1552 abruptio.
630 1512 670 1542 In
699 1521 772 1553 seq.
800 1521 881 1543 vero
908 1512 982 1544 loco

278 1564 416 1603 inruptio
453 1563 565 1593 malim
604 1562 773 1600 retinere3
816 1562 894 1603 quia
935 1563 982 1594 ibi

281 1613 488 1653 intelligitur
504 1612 630 1643 invasio
655 1613 688 1642 in
705 1617 817 1643 castra
834 1622 852 1643 e
871 1613 982 1644 medio

280 1675 412 1706 campo,
424 1666 506 1696 licet
523 1670 558 1696 et
574 1665 643 1696 illic
658 1666 778 1706 emptio
795 1665 877 1696 dent
891 1666 982 1698 Carr.

281 1716 375 1747 Leid.
401 1726 452 1757 pr.
480 1722 515 1747 et
540 1721 618 1747 tert.
645 1726 719 1747 eum
746 1716 833 1747 Edd.
860 1716 984 1757 primis.

282 1768 337 1798 De
353 1767 416 1798 hac
438 1766 630 1798 confusione
656 1767 709 1797 adi
735 1767 777 1797 ad
802 1777 835 1798 v.
852 1771 905 1798 44.
930 1768 984 1798 ‘in

280 1827 354 1848 eam
374 1822 505 1857 partem
523 1817 684 1857 inrumpit
699 1817 717 1855 ;’
745 1822 781 1848 et
811 1817 853 1848 ad
882 1818 984 1848 Fron-

280 1867 339 1898 tiu.
358 1876 413 1897 111.
432 1870 484 1897 10.
505 1868 521 1906 ᾧ
542 1870 569 1896 1.
596 1877 625 1897 c.
648 1869 697 1897 17.
714 1868 730 1907 ξ
747 1870 777 1898 4.
823 1866 915 1897 Infra
942 1867 984 1898 de

282 1917 323 1947 B.
342 1915 452 1947 Afric.
479 1925 508 1946 c.
529 1919 580 1947 82.
598 1916 696 1957 Hisp.
721 1925 749 1946 e.
765 1919 839 1947 36.:
866 1921 899 1947 et
924 1927 984 1948 sae-

284 1966 420 2007 pissime
439 1965 530 1997 alibi.

325 2024 406 2046 Lxx.
422 2019 441 2046 2
466 2025 508 2046 ιιι
527 2016 657 2046 millium
682 2027 824 2057 passuum
841 2018 873 2048 in
889 2019 986 2057 lougi-

280 2066 434 2106 tudinem]
466 2065 626 2096 Ultimam
643 2076 759 2097 vocem
775 2076 851 2097 cum
870 2068 984 2108 penul-

283 2117 364 2147 tima
390 2116 551 2147 omittunt
575 2117 672 2148 editt.
692 2118 787 2148 Rom.
806 2118 892 2150 Ven.
921 2119 985 2149 Be-

283 2167 388 2198 roald.
407 2167 464 2198 sed
490 2167 575 2198 ratio
599 2168 759 2198 sermonis
784 2169 896 2199 Latini
919 2179 984 2199 uon

282 2218 373 2254 sinit,
404 2223 439 2248 ut
467 2218 618 2256 exulent.
666 2218 720 2249 Fr.
749 2219 984 2251 Hotomannus

283 2268 411 2298 mavult
434 2277 476 2298 ιιι
505 2269 604 2298 millia
625 2278 780 2308 passuum.
826 2270 913 2301 Sanc
938 2271 986 2301 ita

282 2323 334 2348 est
351 2318 383 2348 in
405 2318 469 2349 Ms.
490 2318 628 2348 Norvic.
654 2328 715 2350 nec
733 2319 834 2350 aliter
850 2321 984 2351 locutus

283 2374 335 2400 est
351 2374 469 2399 noster
492 2368 634 2408 hujusce
659 2369 732 2399 libri
758 2380 787 2400 c.
804 2373 856 2401 69.
882 2377 916 2402 et
933 2374 985 2402 79.

283 2418 330 2450 At
347 2420 388 2450 ob
407 2419 540 2460 plurim.
560 2420 668 2450 Codd.
691 2430 890 2451 consensum
918 2423 985 2451 vul-

283 2475 394 2511 gatam
414 2470 593 2500 lectIonem
612 2470 753 2500 retineo.
788 2471 899 2501 Dacis.
946 2472 986 2503 In

284 2519 483 2561 quibusdam
515 2520 697 2551 Codicibus
722 2530 763 2551 111
792 2522 891 2552 millia
915 2532 986 2562 pas-

283 2582 381 2603 suum.
439 2571 538 2604 Quod
579 2571 719 2611 perinde
758 2577 821 2603 est.
878 2573 986 2613 AEque

285 2623 373 2654 enim
390 2622 510 2652 Latine
528 2621 666 2660 dicitur,
690 2626 795 2662 patere
823 2630 868 2653 ur
890 2623 987 2653 millia

283 2682 441 2714 passuum,
459 2676 506 2711 et,
524 2674 631 2712 patere
658 2672 835 2712 (spatium)
860 2682 901 2703 ιιι
920 2673 987 2703 util-

286 2724 362 2753 lium
381 2732 537 2762 passuum.
579 2722 688 2752 Clark.

328 2774 368 2804 In
384 2772 625 2813 longitudinem]
651 2773 785 2804 Desunt
798 2773 870 2805 haec
887 2772 989 2804 verba

734 211 874 242 NO'rAE
915 211 1175 242 VARIORUM
1223 212 1271 242 ΙΝ

1028 305 1060 337 in
1088 306 1255 337 nonnullis
1281 303 1477 336 CodicibuS.
1524 302 1590 333 Sed
1608 311 1727 344 perpe-

1028 366 1111 387 ram.
1158 355 1304 387 Omnino
1320 355 1409 385 euim
1426 353 1564 384 retineri
1581 352 1726 384 debent:

1026 417 1094 438 non
1111 407 1215 448 quod,
1234 411 1271 437 ut
1288 404 1435 436 credidit
1453 402 1624 439 Davisius,
1641 402 1727 432 ratio

1026 459 1197 489 Sermonis
1222 458 1332 489 Latini
1359 466 1426 487 nou
1454 455 1555 493 sinat,
1584 459 1622 484 ut
1647 463 1727 484 exu-

1028 508 1121 546 lcut;
1147 518 1223 539 uam
1247 517 1342 548 acque
1371 506 1489 537 Latine
1512 504 1649 542 dicitur,
1671 513 1728 543 pa-

1027 563 1092 590 tere
1121 558 1302 599 (spatium)
1335 567 1377 589 ιιι
1407 557 1537 587 millium
1570 564 1729 595 passuum,

1029 609 1211 645 absolute3
1249 618 1301 646 ac,
1332 611 1438 647 patere
1469 603 1648 647 (spatium)
1683 613 1727 635 ιιι

1027 659 1157 690 millium
1179 668 1322 697 passuum
1344 659 1377 688 in
1404 657 1644 696 longitudinem:
1668 655 1727 685 sed

1029 709 1116 749 quod
1151 709 1191 738 ad
1224 708 1428 739 sententiam
1460 708 1565 748 magis
1599 706 1729 747 perspi-

1029 769 1125 790 cuam
1164 760 1355 790 necessaria
1392 759 1471 789 sint.
1526 757 1624 787 Idem.
1685 765 1726 786 ιιι

1028 810 1113 840 milia
1137 809 1262 840 liabent
1286 810 1370 840 Mss.
1399 808 1494 839 Carr.
1525 812 1559 838 et
1576 805 1639 837 mei
1657 811 1729 836 tau-

1030 866 1101 891 tum
1117 870 1183 891 uon
1200 870 1316 891 omnes
1331 871 1339 899 ;
1368 859 1431 890 nisi
1449 858 1537 898 quod
1554 858 1586 888 in
1603 867 1669 888 uno
1695 862 1731 888 et

1029 912 1138 942 altero
1155 911 1197 942 sit
1214 912 1313 947 mill.‚·
1335 910 1384 941 uti
1401 914 1436 941 et
1454 909 1517 940 Ed.
1535 908 1607 939 Ine.
1631 908 1732 938 tribus

1030 961 1167 991 millibus
1183 961 1292 992 edidit
1312 961 1351 991 R.
1366 960 1568 1000 Stephanus.
1614 959 1652 989 In
1669 958 1732 988 lou-

1027 1012 1203 1049 gitudinem
1229 1011 1314 1041 bene
1344 1009 1498 1041 defendit
1526 1008 1680 1040 Clarkius
1712 1017 1730 1037 e

1032 1066 1199 1101 perpetuo
1216 1061 1359 1093 Caesaris
1377 1061 1476 1101 stylo.
1521 1059 1598 1090 Non
1615 1068 1733 1100 agnos—

1031 1117 1113 1142 cunt
1136 1121 1193 1142 eas
1221 1121 1320 1143 voces
1346 1120 1479 1152 quoque
1509 1110 1603 1141 Leid.
1628 1118 1677 1150 pr.
1697 1114 1731 1140 et

1031 1161 1094 1192 lid.
1119 1162 1261 1193 Mediol.

1074 1216 1093 1242 8
1117 1212 1358 1251 Angustum-ibus
1378 1212 1477 1252 portis
1501 1211 1618 1242 relictis
1632 1221 1733 1241 coarc-

1031 1264 1155 1303 tantur]
1192 1265 1359 1305 Expunge
1375 1273 1492 1294 vocem
1509 1263 1639 1301 relictis,
1656 1273 1730 1304 quac

1033 1314 1173 1352 irrepsit
1202 1315 1330 1345 incuria
1356 1315 1498 1352 librarii,
1526 1313 1580 1354 qui
1609 1313 1732 1343 librum

1033 1363 1265 1403 descripturus
1283 1373 1326 1394 ex
1343 1374 1407 1394 uno
1424 1374 1523 1395 versu
1541 1365 1573 1394 in
1589 1364 1733 1394 alterum

1032 1413 1117 1443 hauc
1156 1423 1274 1444 vocem
1303 1414 1490 1453 transtulit,
1521 1414 1585 1445 hoc
1617 1419 1730 1454 pacto.

1033 1463 1041 1478 ‘
1056 1462 1318 1502 Angustioribus
1337 1463 1443 1503 portis
1468 1463 1594 1495 relictis
1619 1473 1733 1495 coarc-

1035 1517 1162 1543 tantur.
1219 1513 1381 1543 Germani
1412 1514 1522 1544 aerius
1553 1523 1659 1554 usque
1691 1513 1733 1543 ad

1033 1563 1236 1594 munitiones
1259 1568 1454 1604 sequuntur,
1477 1563 1516 1595 fit
1538 1573 1656 1604 magna
1673 1574 1735 1594 cae-

1035 1614 1107 1653 des,
1135 1614 1285 1646 nonnulli
1317 1615 1445 1646 relictis
1476 1615 1582 1656 equis,
1612 1613 1733 1645 fossam

1036 1663 1202 1703 transire‚'
1217 1666 1282 1695 ὅτε.
1317 1664 1451 1695 Vossius.
1496 1665 1550 1695 Ita
1565 1669 1600 1695 ct
1617 1669 1742 1695 censet.

1036 1715 1213 1754 Cellarius,
1227 1724 1279 1745 me
1292 1724 1355 1746 non
1370 1714 1583 1746 adsentiente
1598 1725 1605 1745 ι
1624 1723 1736 1756 quam-

1036 1775 1133 1807 quam
1156 1771 1200 1797 etv
1216 1765 1310 1796 uncis
1333 1765 1417 1796 lianc
1440 1774 1558 1796 vocem
1584 1765 1736 1805 Scaliger

1036 1817 1232 1847 incluserat.
1280 1815 1408 1847 Omnes
1432 1816 1516 1846 Mss.
1540 1820 1736 1855 agnoscunt.

1035 1868 1181 1898 Videtur
1213 1877 1253 1897 ea
1287 1876 1367 1897 voce
1398 1865 1588 1905 significat-e
1621 1865 1736 1896 Caesar

1035 1918 1193 1957 voluisse,
1210 1922 1282 1948 tota
1299 1923 1411 1947 castra
1426 1926 1490 1947 nou
1508 1920 1653 1954 tantum,
1677 1915 1735 1945 sed

1036 1973 1072 1999 et
1096 1968 1240 2007 majores
1265 1972 1391 2007 portas,
1412 1966 1502 1997 fossa
1529 1971 1564 1996 et
1591 1965 1737 1996 maceria

1037 2018 1202 2049 obductas
1216 2017 1333 2054 fuisse,
1347 2017 1395 2047 ita
1408 2020 1443 2046 ut
1457 2016 1508 2046 11ae
1524 2015 1736 2055 angustiores

1037 2069 1078 2099 ad
1097 2068 1303 2099 redeundum
1320 2067 1447 2098 t'uerint
1463 2066 1589 2096 relictae
1604 2076 1611 2095 ι
1634 2074 1737 2106 quare

1036 2130 1112 2151 cum
1128 2120 1180 2150 hic
1196 2129 1230 2150 se
1244 2118 1455 2157 coartabant,
1469 2116 1604 2158 qnidam
1616 2115 1737 2147 fossam

1037 2176 1073 2202 et
1101 2170 1282 2202 maceriam
1315 2168 1480 2199 transilire
1509 2166 1622 2198 conati
1648 2170 1736 2197 sunt.

1036 2221 1194 2251 Relictam
1222 2219 1346 2250 dicitur
1371 2218 1499 2250 Caesari
1526 2223 1560 2248 et
1589 2216 1668 2247 alibi
1693 2216 1739 2254 id,

1037 2271 1127 2312 quod
1149 2274 1316 2310 superest.
1363 2269 1450 2299 Vide
1467 2268 1506 2298 ad
1527 2278 1556 2299 v.
1576 2270 1626 2298 19.
1673 2267 1738 2298 lm-

1037 2332 1090 2352 mo
1106 2332 1134 2353 c.
1150 2324 1201 2353 41.
1225 2325 1234 2338 ‘
1251 2319 1381 2351 duabus
1399 2319 1525 2350 relictis
1542 2318 1661 2358 portis,
1682 2317 1740 2347 ob-

1038 2376 1170 2402 struere
1188 2369 1344 2401 ceteras.'

1079 2424 1100 2451 9
1126 2419 1330 2459 Coartantur]
1363 2419 1418 2450 Sic
1443 2419 1551 2449 locum
1574 2417 1660 2447 hunc
1680 2425 1736 2446 ex-

1038 2472 1155 2502 hibent
1172 2471 1288 2511 Cujac.
1305 2470 1394 2501 And.
1411 2470 1526 2500 Oxou.
1550 2467 1674 2507 Scalig.
1702 2471 1738 2497 ct

1040 2521 1136 2552 Leid.
1168 2531 1218 2561 pr.
1250 2531 1326 2551 cum
1358 2519 1444 2549 Edd.
1474 2519 1612 2547 Vascos.
1650 2518 1735 2547 Veii.

1041 2574 1135 2602 1517.
1159 2577 1193 2602 et
1210 2581 1304 2611 seqq.
1331 2575 1366 2601 et
1382 2569 1423 2599 ad
1447 2578 1536 2599 oram
1557 2569 1675 2598 Pctav.
1703 2572 1738 2597 at

1040 2623 1106 2653 Ms-
1131 2622 1276 2659 Braufii,
1303 2620 1398 2652 Leid.
1414 2630 1481 2650 sec.
1499 2620 1624 2650 Lovan.
1640 2619 1736 2650 Carr.

1040 2673 1134 2704 Duk.
1152 2672 1294 2703 Dorvill.
1312 2671 1420 2701 Pulm.
1438 2668 1578 2700 Schedae
1596 2674 1630 2699 et
1649 2667 1735 2698 Edd.

1041 2724 1156 2764 primae
1172 2725 1408 2752 coaeum-antur.-
1430 2719 1518 2760 quod
1537 2719 1651 2759 placet
1668 2718 1736 2749 Ho-

1042 2780 1213 2812 tomauno,
1245 2772 1292 2802 uti
1322 2776 1358 2802 ct
1388 2780 1481 2806 mem,-
1520 2769 1599 2800 Tum
1631 2767 1735 2799 Germ.
