1883 3121
454 218 547 249 ΜΒ.
574 218 604 248 1.
626 216 732 246 cap.
754 206 824 246 62.
859 218 921 247 nu
956 217 1110 247 nunno
1143 216 1313 246 elvini.

150 312 301 345 Grutero
317 321 381 343 non
394 311 599 352 displicebat
614 311 692 341 Rem
704 310 849 340 duxerat.

147 364 212 394 Sed
234 364 343 394 ducere
366 372 430 392 rem
452 371 526 392 cum
552 361 624 391 aliis
649 359 773 390 Caesari
798 365 850 389 est

144 414 294 454 differre,-
318 418 354 443 nt
379 420 443 442 νιι.
467 414 512 441 ΙΙ.
541 415 576 440 et
599 409 720 450 passim
743 410 850 439 ducere

145 463 265 499 bellum,
283 464 412 493 Saltem
421 471 438 491 e
448 460 554 492 Codd.
563 459 713 489 ordinem
723 459 851 490 mutavi

146 518 182 544 et
198 515 268 544 ded.
284 522 349 543 rem
366 511 512 551 reposui.
544 509 669 540 Eadem
688 508 758 540 fere
775 518 851 540 con-

147 564 235 595 fusio
251 573 282 594 c.
299 567 351 593 70.
372 565 421 593 12.
453 561 515 591 Res
529 561 587 591 huc
595 561 766 591 deducitur.

182 618 201 644 5
219 614 344 644 Sammo
358 615 478 653 pectore
493 615 616 642 exstare
631 612 642 651 ]
658 612 852 651 Syntaxews

149 664 236 695 ratio
254 663 387 694 videtur
404 662 588 703 postutare,
602 666 637 691 ut
653 661 785 700 legatur
800 671 853 691 ea:-

147 717 279 752 starent,
301 711 583 753 quemadmodum
605 714 853 751 repraesentant

149 764 249 795 editt.
269 763 366 794 Rom.
385 760 638 792 Ven.Beroald.
662 760 773 791 Daris.
810 760 853 790 L't

147 813 276 853 equites,
292 813 350 843 etsi
372 812 536 852 difficulter
550 826 647 849 —ae—,
660 813 783 850 possent
805 813 852 840 ta-

150 873 216 894 men
230 866 320 902 atque
335 864 483 892 auderent
491 860 610 901 fluinen
622 861 767 890 transire.
795 860 853 890 Pe-

149 914 230 944 dites
243 923 311 944 vero
324 914 533 944 tantummodo
545 912 681 942 humeris
691 922 727 942 ac
737 922 853 942 summo

148 967 268 1003 pectore
284 963 484 1000 exstabant3
512 968 561 1000 ut,
575 972 665 1002 quum
688 963 854 993 altitudine

150 1024 248 1054 aquae,
263 1018 331 1045 tum
353 1014 447 1044 etiam
462 1014 629 1053 rapiditate
637 1013 795 1053 fluminis,
814 1014 855 1044 ad

152 1064 372 1094 transeundum
389 1062 648 1103 impedirentur.
687 1063 778 1094 Mire
792 1063 855 1094 hoe

153 1113 186 1144 in
213 1114 288 1144 loco
318 1113 541 1144 caecutierunt
569 1122 684 1143 omnes
712 1113 855 1144 Caesaris

155 1162 326 1194 Editores.
342 1161 496 1202 Scaliger
508 1166 544 1192 et
554 1162 775 1193 Recentiores
787 1162 857 1193 edi-

153 1211 288 1248 derunt,
313 1214 436 1251 pectore
459 1215 618 1249 exstare3
653 1215 688 1242 et
815 1213 856 1243 ad

151 1262 370 1293 transeundum
385 1271 446 1292 non
468 1261 724 1301 impedirentur.
751 1262 856 1293 Davi-

155 1313 237 1350 sius,
256 1321 298 1343 ex
315 1312 489 1343 veteribus
506 1311 732 1352 Editionibus,
744 1318 859 1353 postu·

154 1363 248 1394 lante
273 1362 430 1402 syntaxi,
456 1361 705 1393 restituendum
730 1366 860 1401 censet,

154 1418 276 1454 pectore
290 1419 476 1453 exstarent,
497 1418 533 1445 et
646 1415 687 1445 ad
702 1417 859 1444 transeun-

155 1465 226 1495 dum
238 1473 306 1496 non
319 1465 576 1505 impedirentur.
594 1465 722 1497 Omnes
735 1470 860 1504 autem,

157 1523 234 1545 cum
247 1519 378 1545 -contra
400 1514 711 1555 Manuscriptorum
734 1514 836 1545 fidem
851 1524 860 1553 3

159 1567 231 1594 tum
248 1563 350 1594 etiam
365 1568 482 1595 contra
497 1565 608 1604 plane,
623 1574 661 1595 ac
677 1568 751 1595 erat
766 1573 860 1594 mens

160 1612 312 1644 Antoris.
362 1613 441 1644 Non
466 1613 555 1644 enim
581 1614 615 1644 id
644 1614 715 1644 vult
736 1614 862 1653 Caesar,

160 1662 294 1702 pedites
310 1672 368 1693 non
376 1663 478 1701 fuisse
490 1664 664 1704 impeditos,
678 1663 739 1695 sed
760 1664 861 1704 plane

153 1712 254 1750 fuisse
282 1713 452 1753 impeditos.
505 1714 609 1745 Patet
638 1723 680 1745 ex
710 1713 862 1754 Syntaxi.

163 1761 238 1792 Huc
263 1762 344 1801 jam,
373 1763 496 1803 inquit,
524 1773 587 1793 rem
620 1764 803 1802 deduxerat,
829 1767 864 1795 ut

161 1811 289 1852 equites,
303 1813 361 1843 etsi
382 1813 545 1854 difficulter
647 1836 656 1851 ‚
672 1817 794 1853 possent
816 1817 864 1844 ta-

162 1871 232 1893 men
267 1866 358 1903 atque
392 1864 540 1894 auderent
566 1863 686 1903 flumen
719 1864 863 1894 transire.

167 1912 295 1944 Pedites
324 1923 406 1954 vero,
441 1914 651 1945 tantummodo
667 1913 802 1944 humeris
828 1924 864 1945 ac

162 1972 278 1994 summo
287 1967 409 2005 pectore
422 1964 602 2000 exstabant;
623 1967 669 2002 ut,
685 1974 778 2004 quam
792 1965 865 1995 alti-

164 2015 271 2046 tudine
282 2025 380 2056 aquae,
396 2018 460 2045 tum
473 2015 567 2046 etiam
578 2014 749 2054 rapiditate
753 2014 865 2055 flumi-

167 2066 225 2104 uis,
253 2066 293 2096 ad
318 2066 535 2096 transeundum
560 2064 794 2104 impedirentur.
832 2064 866 2095 Si

166 2115 319 2154 dixisset,
333 2115 389 2155 (ut
405 2114 522 2145 volunt
540 2114 712 2155 Editores)
727 2123 786 2144 non
809 2114 866 2144 im·

164 2165 370 2205 pedirentur3
394 2164 474 2205 quid
497 2163 672 2205 (obsecro)
694 2168 748 2195 est
769 2163 866 2204 illud,

169 2216 378 2246 tantummodo
413 2214 550 2245 humeris
585 2224 620 2245 ac
656 2224 771 2245 summo
800 2224 867 2255 pec-

168 2269 234 2296 tore
257 2262 447 2296 exstabant?
472 2264 572 2297 Quod
595 2264 683 2295 enim
697 2264 771 2305 quis
790 2265 868 2296 Tan-

169 2316 324 2346 tummodo
334 2314 482 2353 humeris,
505 2324 569 2345 nec
583 2314 703 2355 majori
719 2314 870 2355 corporis

171 2372 281 2408 parte,
308 2376 351 2398 ex
378 2375 465 2408 aqua
490 2370 626 2404 exstet;
653 2376 694 2397 ea
716 2365 870 2407 profecto

170 2425 289 2448 caussa
318 2425 392 2447 esse
419 2416 556 2456 poterit,
586 2416 803 2456 quamobrem
828 2416 870 2447 ad

171 2466 415 2498 transeundum
430 2466 637 2506 impediatur,·
660 2476 870 2508 nequaquam

172 2521 297 2556 autem,
311 2516 531 2558 quamobrem
543 2526 603 2547 non
617 2517 814 2557 impediatur.
837 2518 872 2548 Si

172 2567 337 2598 rationem
346 2566 432 2598 hanc
441 2567 612 2598 attuiisset
622 2567 750 2606 Caesar,
759 2577 872 2608 quam-

174 2615 292 2648 obrem
306 2626 365 2648 non
379 2617 620 2657 impedirentur,·
650 2618 791 2648 dixisset
812 2618 875 2648 uti-

177 2674 244 2708 que
263 2676 325 2701 eos
354 2667 440 2698 Totis
460 2667 618 2706 humeris,
646 2668 776 2709 Totoque
796 2677 874 2708 pec-

175 2719 264 2756 tore,
281 2726 345 2747 nec
359 2717 479 2748 minori
494 2718 646 2759 corporis
663 2723 775 2759 parte,
791 2719 875 2751 exti-

178 2767 261 2802 fisse
286 2776 331 2799 ex
355 2777 472 2810 aqua..
504 2769 626 2810 Porro,
650 2773 798 2801 mentem
820 2769 876 2801 hic

1487 207 1598 249 1:383

901 311 1003 342 fuisse
1042 310 1170 342 Caesari
1208 315 1244 340 ut
1281 309 1423 348 diceret,
1461 308 1601 340 Pedites

894 360 993 398 fuisse
1021 361 1061 390 ad
1081 359 1322 390 transeundum
1347 359 1520 399 impeditos,
1546 369 1603 398 pa-

902 415 951 439 tet
965 420 1006 439 ex
1024 420 1077 447 eo,
1095 411 1184 450 quod
1202 410 1365 449 sequitur,
1381 419 1411 440 c.
1427 412 1480 440 63.
1508 409 1516 425 ‘
1538 410 1602 440 Re-

901 459 1138 499 linquebatnr‚'
1161 460 1282 499 inquit,
1318 462 1325 475 ⁶
1353 459 1479 490 Caesari
1506 459 1602 498 nihii,

901 509 962 538 nisi
975 508 1021 538 uti
1039 509 1190 548 Equitatu
1203 518 1320 547 agmen
1334 509 1602 540 adversariorum

901 559 986 589 male
1003 558 1147 589 haberet
1170 564 1204 588 et
1221 562 1400 599 carperet.'
1430 559 1496 591 Qui
1515 564 1605 599 post-

902 618 999 649 quam
1014 608 1224 647 transissent,
1243 615 1311 639 tuin
1330 609 1464 638 demum
1476 609 1604 639 Pedites

903 660 1073 690 Caesarem
1087 659 1180 689 adire
1191 665 1292 699 atque
1304 658 1495 697 obsecrare,
1506 669 1535 689 c.
1549 661 1603 689 64.

902 713 911 728 ‘
929 720 970 741 ne
985 711 1093 742 labori
1109 720 1168 742 sno
1182 720 1246 741 neu
1261 711 1411 750 periculo
1429 716 1604 751 parceret3

905 767 1040 802 paratos
1063 772 1136 793 esse
1164 771 1258 799 sese3
1284 771 1381 802 posse
1411 767 1447 792 et
1479 762 1605 792 audere

904 822 945 843 ea
973 813 1115 843 transire
1138 811 1275 850 flumen,
1299 821 1365 853 qua
1389 811 1606 842 transductus

903 870 995 896 esset
1019 863 1212 906 equitatus!
1253 863 1363 903 Atque
1384 863 1448 894 hoc
1472 863 1607 894 deinum

904 915 937 946 in
963 924 1112 946 errorem
1139 913 1294 945 inductos
1318 918 1401 954 puto
1424 913 1607 951 Editores;

905 965 961 1006 qui
986 966 1061 996 ideo
1089 966 1122 996 iu
1147 964 1258 1004 priore
1285 964 1359 995 loco
1387 964 1610 1003 scripserant,

905 1025 963 1046 non
977 1015 1208 1055 impedirentur,
1217 1014 1293 1055 quia
1305 1014 1337 1044 in
1346 1014 1408 1044 hoc
1423 1014 1609 1053 posteriore

905 1066 980 1096 loco
996 1065 1126 1095 dictum
1149 1069 1200 1094 est
1225 1073 1282 1095 eos
1303 1073 1388 1103 posse
1414 1063 1548 1094 tandem
1573 1068 1610 1094 et

904 1116 1016 1145 audere
1033 1115 1153 1155 flumen
1177 1114 1328 1144 transire:
1359 1123 1436 1144 cum
1463 1123 1503 1145 eo
1530 1123 1611 1144 con-

907 1164 1010 1194 trario
1024 1163 1100 1194 ideo
1111 1164 1144 1194 in
1155 1163 1269 1203 priore
1282 1164 1355 1194 loco
1370 1168 1486 1194 narrat
1498 1164 1612 1195 Caesar

907 1213 1039 1254 pedites
1047 1213 1149 1251 fuisse
1163 1213 1335 1253 impeditos,
1351 1218 1389 1244 ut
1405 1213 1438 1243 in
1452 1213 1517 1244 hoc
1534 1222 1611 1253 pos-

908 1263 1034 1294 teriore
1058 1264 1132 1294 loco
1156 1273 1272 1294 eorum
1296 1263 1471 1294 audaciam
1492 1268 1528 1294 et
1544 1262 1611 1293 for·

908 1313 1089 1344 titudinem
1121 1313 1289 1352 ostendat,
1327 1313 1395 1353 qui,
1429 1318 1611 1354 postquam

909 1363 1080 1404 equitatus
1105 1363 1294 1401 transisset,
1328 1362 1516 1393 clamarent
1542 1368 1614 1394 tan-

910 1413 999 1453 dem,
1012 1422 1097 1453 posse
1108 1422 1140 1443 se
1154 1422 1270 1452 quoque
1286 1415 1316 1443 et
1332 1412 1445 1443 audere
1461 1422 1497 1443 ea
1511 1416 1612 1443 trans-

910 1463 967 1501 ire,
984 1472 1050 1504 qua
1065 1462 1202 1493 transiri
1226 1471 1291 1493 non
1315 1471 1414 1502 posse
1439 1462 1545 1492 visum
1562 1460 1612 1492 fu-

910 1513 1003 1543 isset.
1038 1512 1107 1543 Pro
1121 1522 1160 1543 eo
1174 1512 1288 1552 igitur,
1302 1512 1390 1552 qnod
1405 1512 1437 1542 in
1449 1511 1547 1543 editis
1562 1517 1614 1543 est

911 1563 950 1593 ad
972 1562 1193 1592 transeundum
1216 1570 1283 1591 non
1306 1561 1539 1601 impedirentur,
1561 1571 1614 1592 re-

913 1613 1023 1645 scribo
1039 1622 1081 1643 ex
1095 1613 1178 1643 Mss.
1190 1612 1276 1652 Reg.
1288 1617 1323 1642 et
1335 1611 1446 1642 Vossii
1459 1612 1498 1642 ud
1513 1615 1614 1642 trans-

911 1665 1040 1694 eundum
1063 1662 1295 1702 impedirentur.
1331 1661 1467 1692 Deinde
1483 1671 1544 1701 pro
1561 1671 1614 1701 eo,

914 1713 1003 1756 quod
1016 1714 1050 1744 in
1058 1713 1172 1744 Editis
1181 1718 1245 1752 est,
1257 1715 1416 1743 exstarent
1429 1712 1482 1743 vel
1491 1716 1615 1743 exstare

914 1769 956 1804 et,
969 1766 1022 1804 ‹ij-c.
1039 1773 1166 1805 repono
1188 1773 1231 1794 ex
1255 1763 1323 1794 Ms.
1340 1764 1425 1803 Reg.
1441 1762 1617 1802 exstabant,

914 1819 960 1855 ut,
973 1816 1025 1854 &a
1050 1814 1187 1845 Etenim
1199 1814 1226 1844 si
1239 1813 1401 1844 attentius
1411 1812 1616 1853 perpendes,

915 1864 1059 1905 liquebit
1078 1873 1197 1894 vocem
1213 1863 1467 1904 praecedentem
1481 1866 1618 1894 tantum·

914 1916 1002 1945 modo
1016 1914 1229 1945 intercedere
1244 1913 1446 1953 necessarie,
1467 1923 1533 1954 quo
1555 1913 1617 1944 mi-

916 1975 977 1996 nus
993 1965 1102 1996 locum
1118 1964 1243 1995 habere
1267 1963 1322 1994 hic
1339 1962 1447 2003 possit
1461 1962 1545 1994 inud
1567 1972 1619 1993 ex-

916 2019 1030 2047 tarent.
1075 2015 1106 2045 N
1111 2024 1154 2045 on
1167 2014 1256 2045 enim
1273 2014 1304 2043 in
1306 2014 1441 2054 flumine
1454 2013 1619 2044 avertendo

916 2075 981 2096 rem
1000 2065 1057 2095 huc
1071 2065 1244 2095 deduxerat
1261 2063 1374 2094 Caesar
1389 2073 1401 2099 ‚·
1425 2066 1464 2093 ut
1485 2063 1620 2103 pedites

918 2118 1125 2149 tantummodo
1161 2115 1309 2147 humeris
1341 2118 1511 2146 exstarent.
1549 2114 1620 2146 Ab·

919 2169 1057 2200 surdum
1090 2169 1166 2207 hoc,
1206 2166 1403 2208 (dicendum
1437 2167 1527 2197 enim
1562 2176 1621 2207 po-

919 2219 985 2250 tius
1014 2218 1133 2250 fuisset
1154 2218 1231 2248 totis
1265 2217 1397 2248 humeris
1418 2215 1621 2257 exstarent.)

918 2269 987 2300 Sed
1012 2273 1187 2310 postquam
1208 2278 1279 2299 rem
1303 2278 1343 2298 eo
1367 2267 1568 2306 deduxerat,
1583 2272 1622 2298 ut

919 2319 1037 2359 equites
1049 2322 1170 2359 possent
1187 2318 1343 2357 transire,
1358 2317 1491 2357 pedites
1507 2322 1621 2348 tamen

921 2369 1028 2400 adbuc
1035 2370 1245 2401 tantummodo
1255 2368 1401 2408 humeris,
1409 2377 1471 2399 nec
1484 2367 1622 2408 majoris

920 2419 1068 2459 corporis
1107 2425 1217 2460 parte,
1242 2418 1418 2459 exstabant,
1454 2423 1504 2458 ut,
1536 2418 1622 2449 adeo

921 2470 1102 2501 altitudine
1114 2474 1150 2501 et
1165 2469 1350 2510 rapiditate
1366 2467 1512 2499 fluminis
1527 2468 1623 2498 etiam

921 2519 1020 2550 adhuc
1034 2520 1076 2550 ad
1099 2518 1343 2550 transeundum
1365 2517 1623 2558 impedirentur.

923 2570 1008 2600 Pons
1029 2570 1228 2610 intelligitur
1244 2569 1285 2600 ab
1301 2567 1441 2599 Afranio
1462 2566 1625 2597 constitu·

924 2624 978 2650 tus
991 2623 1027 2650 et
1037 2620 1148 2650 tadum
1157 2629 1176 2650 a
1188 2620 1320 2650 Caesare
1329 2616 1500 2648 effectum.
1515 2616 1625 2648 Clark.

926 2668 1016 2699 Deie
1030 2673 1144 2700 notam
1159 2680 1168 2707 ;
1191 2673 1226 2699 et
1241 2669 1325 2698 hanc
1348 2665 1434 2696 adde
1449 2677 1457 2703 ;
1487 2668 1518 2695 et
1531 2675 1626 2705 quum

924 2718 1091 2749 altitudine
1115 2728 1203 2759 aquoe
1229 2720 1296 2747 tum
1326 2715 1420 2746 etiam
1456 2714 1625 2755 rapiditate

917 2769 1063 2810 flandriis
1074 2771 1114 2801 ad
1130 2769 1345 2802 trmtseundum
1362 2776 1428 2799 uon
1442 2766 1625 2808 impediren-
