1818 3131
219 184 333 226 1080

695 191 836 222 NOTAE
869 190 1133 224 VAffloRUM
1168 193 1217 223 IN

218 289 282 330 ret]
305 289 360 319 Sic
374 287 739 327 Mss.Reg.1·:uens.et
752 286 922 326 Vossii,et
970 286 1037 318 Sed
1068 288 1167 318 aliter
1197 286 1244 318 ibi
1277 286 1361 318 Mss.
1388 287 1428 318 B.
1458 287 1530 318 Clv.
1559 296 1618 319 ru.
1646 291 1680 320 8.

220 338 314 371 Edit.
333 338 431 369 Rom.
477 336 655 370 Quomodo
684 342 719 368 et
742 336 822 369 alibi
851 337 922 369 Cae-

220 400 275 421 sar
319 389 477 428 loquitur.
521 386 578 418 ΑΙ.
607 387 654 418 rei
688 386 921 425 frumentur-iet.

221 441 412 480 Utrumque
431 442 536 469 recte.
571 437 680 469 Clark.
726 437 803 469 Hoc
820 448 838 470 e
854 440 922 470 suis

220 488 365 531 praefert
381 498 514 530 quoque
541 488 678 520 Hotom.
706 494 848 530 propter
874 499 921 520 vr.

223 543 272 570 10.
305 540 412 570 ‘Rem
451 537 707 570 frumentariam
745 539 923 580 providet.¹

219 590 413 631 Saepissime
450 594 567 621 noster
605 589 664 621 ‘re
703 589 925 621 frumentaria

221 641 356 681 provisa
369 640 388 671 :’
412 644 446 671 et
472 649 521 671 vr.
543 643 596 671 44.
635 639 827 672 ‘frumento
849 650 924 681 pro-

221 690 316 722 viso!
361 690 623 732 Adstipulantur
655 691 738 722 Mss.
780 691 926 730 Brantii,

223 741 392 782 Bongars.
414 750 482 772 sec.
509 742 607 781 Egm.
623 747 657 772 et
674 751 733 773 sex
749 747 924 782 septemve

222 793 278 823 alii
295 801 372 824 cum
389 792 478 823 Edd.
493 792 635 823 Mediol.
653 792 738 823 Ven.
760 797 795 823 et
812 792 927 823 Incer-

222 848 268 874 ta.
316 843 356 874 In
372 843 535 883 Bongars.
555 853 604 883 pr.
620 843 715 873 voss.
733 852 784 882 pr.
802 847 837 873 et
856 852 926 873 sec.

224 893 273 923 Re
294 892 519 931 frumentaria,
557 892 681 924 omissa
721 893 856 933 lineola,
898 904 928 924 m

225 943 425 975 denotante.

266 989 286 1017 ὃ
311 986 410 1022 Quem
437 988 469 1017 in
496 987 668 1018 continente
688 988 866 1028 reliquerat,
890 987 929 1018 ad

225 1037 306 1069 Salis
331 1048 470 1070 occasum
496 1048 588 1069 naves
613 1039 716 1080 solvil]
741 1039 832 1070 Nihil
862 1049 930 1070 rnu-

226 1092 300 1119 tant
327 1088 471 1120 Codices
502 1089 628 1127 nostri;
653 1094 688 1120 at
717 1089 817 1121 Joan.
838 1089 930 1120 Frid.

227 1138 417 1169 Gronovius
442 1148 477 1169 se
502 1139 536 1169 in
565 1139 770 1171 membranis
788 1139 931 1170 Andinis

225 1187 396 1218 invenisse
415 1192 572 1225 testatur,
591 1189 692 1223 Quam
709 1190 741 1220 in
756 1190 932 1221 continente

225 1238 427 1278 relinquebat,
457 1237 540 1269 Solis
572 1249 679 1270 occasu
707 1250 799 1271 naves
827 1241 931 1279 solvil,

226 1288 319 1328 cujus
337 1288 473 1329 quidem
491 1289 610 1330 optimi
639 1290 723 1322 Msti
747 1290 932 1321 lectionem

227 1344 419 1378 propugnat
435 1339 486 1369 vir
503 1349 650 1371 summus
667 1340 814 1371 Observ.
833 1350 881 1371 ιν.
901 1344 931 1372 4.

228 1388 338 1419 Davis.
355 1389 422 1419 Sed
435 1393 471 1419 et
484 1390 618 1429 vulgata
635 1400 731 1431 aeque
747 1395 801 1421 est
817 1390 933 1430 proba.

231 1438 320 1469 Nam
337 1443 386 1477 et,
404 1439 485 1470 Solis
501 1450 620 1479 occasu,
638 1445 686 1480 et,
701 1442 742 1471 acl
754 1439 835 1471 Salis
851 1450 934 1471 occa-

226 1498 305 1528 sum,
328 1494 494 1529 usurpant
514 1490 634 1530 optimi
650 1490 831 1522 Auctores.
877 1491 934 1530 Et,

224 1539 296 1578 pari
322 1548 447 1570 numero
474 1539 538 1582 (ei)
563 1550 663 1581 quem,
689 1540 778 1571 idem
806 1544 859 1571 est
884 1550 935 1579 ac,

224 1589 297 1629 pari
313 1599 436 1620 nurnero
453 1600 554 1630 quam.
601 1591 646 1621 Et
676 1591 746 1622 sive
770 1591 935 1631 reliquerat

229 1641 412 1681 scribatur,
461 1642 531 1672 sive
583 1641 785 1682 relinquebat,
838 1652 935 1683 acque

229 1696 364 1723 constat
406 1696 597 1732 temporum
634 1693 740 1723 ratio:
781 1702 856 1723 nam
888 1698 936 1733 et,

229 1751 305 1773 cum
323 1752 426 1773 naves
439 1742 694 1773 conscendisset
708 1743 834 1782 Caesar,
847 1743 938 1785 equi-

231 1796 283 1823 tes
312 1793 345 1823 in
368 1793 567 1824 continente
584 1793 773 1833 reliquerat;
796 1798 845 1833 et,
859 1803 935 1825 cum

229 1853 334 1875 naves
372 1844 533 1881 solveret,
563 1843 700 1874 eosdem
733 1843 935 1883 relinquebat.

233 1893 342 1924 Clark.
368 1893 504 1924 Retinui
532 1902 593 1934 ego
624 1903 715 1934 quem
743 1903 818 1924 cum
850 1895 933 1925 Mss.

230 1943 356 1975 ceteris
373 1944 526 1974 omnibus
540 1955 548 1981 ς
574 1943 632 1974 sed
648 1943 851 1984 relinquebat,
865 1945 938 1975 solis

229 2003 338 2024 occasu
362 1999 539 2025 ostentant
559 2003 691 2035 quoque
716 1994 833 2034 Cujac.
857 1995 937 2025 Sca-

230 2045 289 2085 lig.
320 2044 433 2076 Oxon.
466 2044 560 2075 Leid.
592 2053 643 2085 pr.
673 2049 708 2075 et
735 2045 808 2075 solis
829 2055 936 2076 occasu

224 2095 296 2135 jam
314 2095 422 2126 edidit
439 2095 478 2125 R.
496 2095 698 2135 Stephanus.

277 2148 295 2176 7
322 2146 503 2186 Prot-ectus]
526 2145 581 2176 Sic
608 2146 690 2176 Mss.
710 2146 794 2186 Reg.
811 2145 934 2177 Elicns.

232 2199 268 2226 ct
284 2195 407 2234 Vossii,
420 2200 455 2226 et
471 2195 561 2226 Edit.
575 2196 671 2227 Rom.
685 2195 827 2226 Graecus
841 2195 935 2235 item,

232 2244 362 2284 ἀνήχθη.
407 2246 559 2286 Scaliger
575 2250 611 2277 et
628 2246 846 2285 recentiores,
867 2256 936 2286 pro-

225 2295 340 2334 fectus.
365 2296 473 2327 Clark.
520 2297 604 2327 Cum
632 2295 771 2328 Clarkio
798 2300 834 2327 et
853 2296 935 2327 Mss.

233 2345 396 2386 Bongars.
425 2345 545 2377 Petav.
572 2346 661 2377 Scal.
686 2345 800 2377 Oxou.
824 2345 937 2376 Vossi-

232 2395 306 2426 anis
323 2395 467 2435 duobus,
483 2397 581 2437 Egm.
609 2401 646 2427 et
671 2395 780 2427 tribus
798 2395 882 2435 aliis,
898 2406 937 2427 ac

235 2444 322 2476 Edd.
335 2446 487 2477 Vetustis
497 2446 834 2487 rescripsiprovectus.
852 2447 938 2480 Quae

234 2495 362 2526 locutio
376 2495 409 2526 in
418 2505 453 2527 re
464 2497 574 2527 navali
585 2501 636 2528 est
652 2496 938 2538 frequentissima.

236 2544 324 2577 Vide
341 2545 391 2577 Cl.
406 2546 525 2577 Burm.
541 2546 584 2577 ad
601 2546 765 2579 Quinctil.
785 2547 869 2578 Inst.
888 2557 937 2578 xv.

234 2599 266 2628 2.
291 2595 301 2613 ‘
317 2596 483 2628 Solvimus
499 2607 606 2637 oram,
630 2597 786 2637 provecti
804 2597 938 2630 sumus!

237 2645 358 2679 Arntz.
381 2646 425 2677 ad
452 2646 571 2678 Aurel.
599 2647 691 2679 Vict.
719 2647 760 2679 de
785 2649 857 2679 Vir.
882 2649 938 2680 Ill.

237 2706 267 2726 c.
294 2698 347 2728 22.
382 2696 548 2728 ‘Antium
579 2697 735 2737 provecti
765 2699 863 2730 sunt.y
896 2700 938 2730 Β.

239 2746 312 2780 (ῚΥ,
330 2755 369 2781 Π.
388 2751 416 2780 ἦ.
439 2748 448 2766 ⁴
468 2747 556 2780 fri-to
580 2748 692 2778 >5123oe
724 2748 940 2791 1·.⁴‚=velllt·ul'.’

971 338 979 354 ‘
1000 338 1026 369 A
1043 343 1135 370 terra
1166 343 1338 379 provectae
1366 339 1492 368 naves!
1513 338 1555 368 V.
1571 339 1676 370 etiam

976 389 1013 419 B.
1041 388 1146 419 Afric.
1171 398 1201 420 c.
1230 391 1258 419 3.
1285 397 1312 419 c.
1338 391 1390 419 97.
1420 389 1428 404 ‘
1447 386 1479 418 Α
1499 388 1680 419 Caralibus

973 438 1156 469 secundum
1174 445 1299 469 terram
1321 438 1527 478 provectus!
1572 438 1629 469 Sic
1645 447 1680 469 e-

974 489 1040 519 uim
1071 489 1153 519 Mss.
1184 494 1220 519 et
1249 488 1337 519 Eud.
1368 489 1463 518 Vett.
1495 497 1583 518 nunc
1608 497 1680 528 pro-

966 539 1083 575 sectus.

1020 591 1056 618 13
1094 587 1236 618 Militum
1265 587 1380 627 virtus]
1416 588 1480 619 Hic
1512 587 1683 628 significat

977 636 1188 678 patientiam,
1199 646 1296 677 quam
1310 638 1546 677 praestiterunt
1558 639 1590 668 in
1604 637 1682 668 sub·

976 686 1088 717 eundo
1107 686 1293 726 remigandi
1311 687 1435 717 labore.
1474 688 1558 718 Cum
1576 688 1683 718 virtus

978 737 1113 778 proprie
1131 736 1174 767 sit
1198 739 1206 753 ‘
1221 737 1321 767 animi
1334 735 1513 776 fortitudo,
1532 746 1598 778 qua
1614 747 1683 768 ma-

977 788 1010 818 la
1026 787 1231 826 toleramus,'
1259 793 1295 818 ut
1319 786 1420 817 docet
1437 786 1558 818 Cicero
1583 787 1684 818 Tusc.

979 838 1108 870 Quaest.
1126 847 1166 869 1¹.
1186 841 1238 869 18.
1257 843 1371 868 uostcr
1397 836 1548 867 adhibuit
1565 836 1607 867 ad
1624 835 1683 868 de-

979 888 1165 920 notandum
1193 897 1396 928 corporeum
1423 886 1574 917 laborem
1590 885 1686 918 forti-

981 940 1168 970 tertarum.
1194 939 1308 970 Dat-is.

1025 993 1064 1020 19
1082 990 1160 1025 Quoe
1173 999 1240 1020 cum
1252 987 1424 1028 annotinis]
1441 987 1558 1018 Primo
1571 986 1685 1018 ridere

981 1050 1037 1071 eos
1053 1040 1147 1079 libet,
1163 1040 1219 1080 qui
1235 1040 1398 1070 annotinas
1424 1047 1516 1068 nares
1543 1046 1687 1068 annona-

982 1091 1047 1121 rias
1074 1090 1361 1130 interpretantur,
1386 1088 1474 1131 (mod
1499 1088 1687 1120 Glareanus

982 1145 1017 1171 et
1048 1141 1268 1171 Rliellicauus
1303 1145 1339 1170 et
1370 1139 1426 1170 alii
1456 1138 1688 1170 crediderunt.

982 1189 1176 1222 Anuotinus
1193 1195 1258 1229 est,
1275 1190 1331 1231 qui
1349 1191 1444 1221 unius
1462 1195 1593 1221 tautum
1609 1188 1689 1220 anni

984 1247 1055 1273 est:
1091 1246 1126 1272 et
1150 1247 1243 1273 recte
1272 1242 1414 1273 Graecus
1443 1241 1500 1271 σὺν
1535 1242 1603 1272 ταῖς
1631 1241 1689 1270 τοῦ

982 1292 1114 1332 πρόσθεν
1138 1291 1237 1323 ἔτους.
1285 1293 1324 1323 Iu
1342 1292 1473 1324 Glossis
1489 1293 1565 1333 lego
1581 1292 1687 1323 Anno-

983 1344 1055 1383 tini,
1071 1342 1202 1382 ἐτησίαι,
1216 1342 1373 1374 ἐνιαύσιοι.
1414 1343 1538 1375 Nescio
1555 1353 1596 1373 an
1613 1352 1689 1383 pro-

985 1394 1073 1425 bem.
1121 1395 1242 1435 Neque
1259 1394 1347 1425 enim
1373 1403 1518 1424 annuum
1534 1397 1570 1424 et
1587 1402 1691 1424 anno-

985 1444 1093 1475 tinum
1122 1444 1210 1475 idem
1239 1454 1310 1475 esse
1337 1445 1494 1476 arbitror.
1540 1444 1691 1485 Scaliger

985 1495 1074 1526 notis
1104 1495 1145 1525 ad
1175 1495 1314 1526 Festum
1333 1504 1449 1526 vocem
1476 1494 1562 1525 hanc
1579 1494 1621 1525 ab
1637 1504 1691 1525 an-

985 1555 1051 1584 uos,
1074 1545 1197 1576 annalis
1218 1545 1422 1584 deducebat,
1448 1545 1496 1575 ita
1511 1544 1690 1576 annotinus

987 1596 1031 1627 sit
1056 1596 1222 1636 πολυετὴς,
1247 1596 1319 1627 sive
1347 1606 1506 1635 annosus,
1523 1596 1610 1638 quod
1633 1594 1693 1627 fal-

986 1655 1071 1677 sum.
1100 1646 1271 1677 Annotinis
1287 1650 1339 1677 est
1352 1646 1394 1677 ab
1409 1657 1520 1685 annus,
1537 1651 1575 1677 ut
1592 1655 1611 1676 a
1625 1655 1693 1677 sero

984 1696 1150 1734 serotinus,
1186 1706 1205 1727 a
1242 1706 1347 1736 vesper
1383 1697 1582 1736 vespertinum.
1633 1696 1692 1728 Sic

986 1756 1065 1776 usus
1082 1746 1268 1777 Columella
1285 1755 1335 1776 xv.
1353 1749 1405 1777 21.
1431 1748 1439 1762 ‘
1459 1746 1596 1786 Ungues
1617 1755 1692 1777 cus·

987 1795 1104 1826 todum
1135 1795 1314 1826 annotinos
1339 1795 1515 1826 resecato)
1563 1795 1692 1826 Eodem

986 1845 1088 1876 modo
1124 1844 1166 1876 ab
1198 1845 1312 1876 hornus
1341 1845 1470 1876 factum
1502 1845 1695 1885 hornotinus,

986 1905 1052 1936 quo
1070 1905 1146 1926 usus
1163 1895 1254 1927 idem
1279 1896 1477 1936 Columella,
1493 1900 1529 1926 et
1545 1898 1631 1927 Cato
1649 1895 1692 1927 de

987 1948 1027 1978 R.
1045 1947 1087 1979 R.
1110 1948 1244 1979 Vossius.
1269 1948 1398 1979 Docuit
1422 1948 1510 1979 idem
1528 1947 1692 1979 Petavius

987 1997 1029 2028 ad
1046 1997 1226 2029 Tliemistii
1244 1998 1344 2029 Orat.
1362 2007 1442 2029 xm.
1469 2008 1502 2038 p.
1519 2000 1596 2029 665.

1038 2048 1197 2078 Commodi
1235 2050 1357 2089 caussa]
1411 2049 1575 2089 BongarS.
1613 2053 1695 2088 tres,

985 2099 1082 2130 Voss.
1099 2099 1238 2139 primus,
1254 2099 1423 2139 Egmund.
1441 2099 1604 2138 Gottorp.
1628 2097 1693 2129 Pa-

986 2149 1045 2179 lat.
1068 2152 1104 2179 et
1120 2153 1266 2190 quatuor
1283 2149 1338 2179 alii
1367 2158 1442 2179 cum
1471 2149 1534 2179 Ed.
1556 2148 1696 2179 Incerta

985 2199 1113 2239 optime
1130 2198 1291 2230 omittunt
1306 2198 1344 2228 τὸ
1358 2209 1484 2229 caussa:
1509 2207 1611 2239 quare
1628 2198 1695 2238 eje-

987 2249 1030 2280 ci.
1070 2249 1136 2280 Adi
1166 2259 1217 2280 iv.
1250 2253 1279 2280 l.
1319 2251 1328 2266 ‘
1355 2249 1514 2282 Bellandi
1552 2247 1696 2280 caussa!

989 2298 1165 2330 Praeterea
1183 2298 1327 2334 fecerant
1355 2308 1420 2329 non
1436 2299 1522 2330 male
1539 2296 1696 2339 profecto

990 2350 1198 2381 recentiores
1229 2350 1341 2381 Palat.
1372 2348 1518 2381 Dorvill.
1548 2353 1584 2379 et
1608 2348 1696 2378 Bon-

991 2409 1080 2439 gars.
1100 2399 1222 2431 tertius
1238 2410 1315 2431 cum
1332 2399 1418 2430 Edd.
1436 2399 1533 2430 Rom.
1548 2396 1691 2429 Mediol.

990 2449 1076 2481 Ven.
1095 2454 1130 2480 et
1143 2449 1229 2481 aliis.
1246 2450 1287 2481 V.
1304 2449 1346 2480 ad
1362 2458 1386 2480 1.
1401 2452 1453 2482 39.

1033 2502 1075 2530 20
1102 2500 1173 2531 Una
1198 2503 1286 2531 eraut
1310 2500 1397 2538 visae,
1425 2499 1532 2529 timore
1558 2507 1577 2528 a
1605 2497 1696 2528 lilorc

990 2549 1209 2590 discesserant]
1241 2549 1281 2580 In
1313 2549 1381 2579 Ms.
1409 2553 1525 2579 nostro
1548 2551 1614 2586 est,
1637 2556 1697 2577 uno

991 2602 1079 2630 erant
1095 2599 1168 2629 cisae
1184 2602 1330 2639 tempore,
1360 2597 1448 2639 quod
1473 2595 1545 2628 fere
1574 2595 1697 2637 praefe-

992 2659 1063 2680 ram
1101 2650 1248 2689 vulgatae
1286 2647 1438 2679 lectioni.
1494 2647 1581 2678 Nam
1619 2656 1700 2679 cum

992 2700 1107 2732 Caesar
1137 2699 1251 2740 paullo
1285 2703 1365 2730 ante
1389 2697 1481 2729 dicat
1507 2697 1703 2739 perterrita,

992 2760 1053 2782 cur
1089 2749 1145 2783 hic
1183 2753 1319 2792 repetat
1359 2747 1496 2783 timore?
1561 2747 1698 2783 Vossius.
