1872 3115
299 171 383 214 976

296 287 321 309 1.
338 281 390 310 78.
416 278 426 296 ‘
444 279 560 311 Genus
577 284 651 310 erat
673 280 736 311 hoc
753 279 900 320 pugnae,’
927 282 993 311 ἃς.

294 330 520 371 Quamquam,
548 336 585 360 ut
623 339 738 361 verum
768 329 890 368 fatear,
917 340 993 362 eum

295 379 446 410 Grutero
465 380 577 419 potius
589 380 755 420 suspicer,
769 380 993 412 turbati-icem

292 430 446 460 voculam
465 430 540 468 taaec,
551 440 608 460 seu
621 431 666 469 hi,
677 440 751 461 esse
768 431 992 471 subdititiam,

291 489 330 509 ae
348 479 538 511 delendam.
588 481 651 511 Hic
673 480 753 512 idem
768 481 925 521 jungitur
943 486 990 512 ta-

289 539 364 561 men
383 529 474 561 alibi.
505 531 544 561 B.
572 531 644 562 Civ.
667 540 691 562 1.
710 534 760 562 13.
785 532 794 548 ‘
813 531 878 563 Qui
904 532 991 562 hune

288 578 443 609 eumdem
471 579 624 611 ordinem
650 580 821 611 duxerat!
851 581 892 611 B.
917 582 990 612 Civ.

288 638 313 659 1.
331 631 382 660 74.
399 633 435 660 et
450 638 504 661 ιιι.
523 633 594 661 102.
620 631 628 647 ‘
646 630 742 661 Idem
759 631 821 661 hoc
838 629 900 669 fit,'
925 634 990 662 ..R-e.

287 688 343 710 ιιι.
361 682 414 711 66.
446 681 456 697 ‘
475 680 602 711 Eadem
633 681 706 712 haee
736 681 988 721 occupaverat.'

286 729 327 760 Β.
352 729 452 761 Alex.
482 741 510 761 c.
536 734 589 762 28.
614 732 623 748 ‘
641 731 770 762 Eadem
796 732 870 763 liaec
903 732 990 762 acei-

284 780 394 811 disse!
429 782 557 812 Lucan.
577 791 609 812 v.
630 784 703 813 257.
740 783 748 799 ‘
766 782 854 814 Haec
872 782 991 813 eadem

284 835 336 861 est
362 830 484 861 hodie.y
528 831 615 862 Vide
639 837 764 869 tamen,
789 842 864 873 quoe
890 832 932 862 de
950 842 990 863 eo

284 890 380 911 versu
399 881 467 911 illie
485 882 610 912 notavi.

325 934 343 960 7
381 931 485 960 Portis
513 932 690 971 succedunt,
718 941 894 973 murumque
923 931 991 962 sub-

284 980 394 1020 ruunt]
437 979 535 1011 Adeo
552 985 649 1012 vetus
674 991 779 1022 prava
802 983 906 1013 lectio
920 992 990 1023 por-

283 1033 332 1059 tas
356 1031 540 1062 succendunt
565 1038 631 1071 est,
659 1038 697 1063 ut
722 1033 822 1064 etiam
851 1033 988 1074 Anony-

280 1090 369 1111 mum
395 1081 485 1112 Celsi
509 1083 757 1123 exscriptorem
786 1084 985 1125 deceperit:

281 1132 330 1162 ait
346 1132 435 1162 enim
454 1141 495 1163 ιι.
513 1142 546 1172 p.
560 1136 613 1164 44.
630 1134 638 1150 ⁶
659 1134 819 1175 Denique
830 1135 901 1174 jam
918 1144 987 1164 mu-

280 1189 353 1211 rum
371 1181 500 1220 subrui,
519 1183 591 1222 jam
607 1188 723 1223 portas
741 1184 902 1222 incendi‚’
921 1187 987 1216 ἀς.

283 1231 329 1262 At
361 1231 520 1263 ridiculus
563 1233 702 1264 nimium
735 1234 986 1272 Hotomannus,

281 1291 355 1312 cuin
380 1281 465 1313 adeo
490 1283 590 1314 anxie
617 1294 651 1315 se
678 1283 814 1323 fatigat,
839 1284 918 1326 quid
944 1285 986 1315 sit

279 1341 399 1362 murum
428 1332 584 1364 subruere.
644 1334 720 1365 Nee
747 1339 846 1374 putat
875 1334 986 1365 locum

279 1381 312 1411 id
345 1382 377 1411 in
410 1382 522 1413 subita
559 1384 811 1423 oppugnatione
850 1384 985 1416 habere.

280 1430 351 1471 Ego
369 1435 488 1462 contra
504 1437 630 1471 statuo,
655 1438 690 1464 et
706 1433 777 1473 ipse
799 1444 859 1464 sua
884 1435 986 1465 verba

280 1481 394 1512 Caesar
410 1481 574 1521 explicat,
591 1491 667 1513 cum
692 1483 739 1513 ait
763 1484 864 1523 portis
885 1493 984 1514 succe-

279 1531 377 1560 dunt:
400 1540 476 1561 nam
492 1531 626 1563 facilius
643 1533 800 1563 avellitur
814 1534 913 1573 lapis,
929 1535 984 1565 ubi

278 1580 480 1612 terminatur
504 1591 628 1620 murus,
654 1592 752 1623 quam
779 1583 853 1614 aliis
881 1585 986 1624 parti-

279 1629 342 1661 bus
359 1631 414 1661 ubi
438 1640 618 1671 compages
648 1637 722 1663 tota
745 1631 984 1664 firmitudinem

279 1679 394 1719 habet,
407 1685 442 1711 et
458 1682 514 1711 ubi
532 1681 618 1721 lapis
635 1682 723 1712 alter
739 1682 883 1713 alterum
897 1683 986 1714 clau-

279 1729 342 1761 dit.
367 1731 489 1771 ltaque
508 1731 590 1761 illud
607 1731 735 1762 subeunt
750 1743 880 1771 murum,
895 1733 984 1774 quod

278 1781 413 1820 reponit
432 1781 680 1819 Hotomannus,
696 1782 798 1812 etiam
810 1782 983 1822 indignum

278 1835 372 1871 puto,
403 1831 492 1871 quod
519 1832 571 1863 vel
599 1832 632 1862 in
659 1838 807 1863 mentem
836 1833 983 1864 Caesaris

277 1882 422 1913 veniret.
475 1883 609 1914 Vossius.
656 1882 828 1914 Succedunt
864 1884 895 1913 in
924 1894 982 1914 suo

279 1931 406 1963 Codice
424 1932 506 1972 legit
522 1943 655 1974 quoque
674 1933 860 1973 Interpres.
899 1935 984 1964 Ver-

277 1981 320 2013 tit
337 1983 427 2013 enim
450 1984 513 2012 τῶν
535 1985 640 2013 πυλῶν
654 1984 710 2020 τῆς
725 1983 843 2014 πόλεως
860 1983 983 2019 ἐπιβάν-

275 2044 338 2063 τες.
386 2033 425 2063 In
444 2033 506 2064 Ed.
526 2032 662 2065 Incerta
679 2038 731 2064 est
755 2038 857 2074 portes
883 2044 983 2066 succe-

275 2085 364 2123 dunt,
381 2083 514 2114 vitiose.
561 2084 664 2116 Basil.
682 2085 822 2116 Vaseos.
849 2089 884 2115 et
906 2090 982 2125 post

276 2134 401 2165 Aldum
419 2134 567 2165 editores
591 2145 706 2166 omnes
733 2136 905 2175 vulgarem
931 2145 982 2167 re-

277 2189 446 2224 ceperunt
476 2185 666 2216 lectionem.
723 2185 771 2216 At
795 2195 894 2216 nemo
924 2185 980 2216 ad-

275 2234 420 2265 hucdum
443 2235 676 2275 Interpretum
702 2235 735 2266 id
762 2235 795 2266 in
818 2236 911 2267 Msto
928 2246 981 2267 eo-

275 2285 350 2316 diee
380 2285 520 2316 invenit.
595 2286 677 2316 Msti
704 2287 979 2317 constantissime

277 2340 347 2366 tum
365 2335 504 2366 aliorum
522 2341 557 2366 et
573 2337 681 2366 Scotti
699 2336 978 2367 Observ.111.19.

275 2389 348 2416 tum
367 2386 445 2423 mei,
459 2396 597 2416 numero
611 2387 743 2425 viginti,
755 2397 792 2417 ae
807 2387 978 2427 principes

275 2434 362 2466 Edd.
381 2435 565 2475 pra-serunt
583 2440 687 2475 portus
701 2438 897 2467 succendunt.
924 2436 978 2466 Id-

276 2494 341 2526 que
368 2491 487 2515 contra
514 2487 686 2523 Ursinnm,
703 2488 758 2527 qui
786 2488 900 2517 multis
923 2498 978 2518 ex-

274 2535 406 2576 emplis,
425 2536 543 2576 quibus
562 2537 691 2568 infinita
719 2538 795 2568 addi
826 2545 975 2578 possent,

271 2587 373 2627 portis
386 2589 544 2617 succedere
566 2587 733 2627 probavit,
750 2589 975 2619 revocandum

273 2637 437 2668 censebat
454 2638 634 2669 Gruterus.
690 2639 772 2669 Mihi
798 2645 908 2670 tanuen
926 2651 975 2671 se-

273 2697 332 2718 cus
348 2689 497 2729 videtur,
514 2690 573 2721 sed
599 2690 733 2721 omnino
761 2692 975 2722 retinendum

266 2737 384 2778 judico
398 2742 527 2780 portas:
561 2740 649 2783 quod
662 2751 728 2774 non
744 2742 975 2784 intelligentes

763 185 904 215 NoTAE
938 184 1202 215 VARIORUM
1238 185 1288 215 ΙΝ

1045 279 1174 310 librarii
1191 280 1354 310 siu-cedunt
1371 282 1545 311 mutarunt
1572 279 1605 310 in
1627 289 1749 312 succen-

1044 330 1141 365 dunt,·
1175 339 1214 360 eo
1230 331 1347 369 magis,
1374 329 1463 370 quod
1481 329 1513 360 in
1529 330 1626 361 Vett.
1654 331 1746 362 libris

1043 389 1063 410 n
1077 380 1186 411 soleat
1204 381 1236 410 in
1254 380 1346 411 hisce
1363 380 1441 411 addi
1456 391 1464 415 ;
1498 384 1535 410 ut
1551 380 1747 420 thensaurus,

1036 429 1223 470 formonsus,
1251 431 1304 469 ὅτ.
1337 430 1393 461 adi
1426 430 1517 462 Pier.
1551 430 1593 460 ad
1623 431 1748 470 virgil.

1044 479 1120 509 Ecl.
1150 489 1190 510 11.
1224 483 1252 510 1.
1285 485 1318 511 et
1351 481 1432 511 alios
1464 481 1589 520 plures.
1634 489 1676 512 ιι.
1694 484 1747 513 20.

1043 528 1200 560 *S'ontiates
1227 530 1310 561 Mss.
1338 540 1398 571 pro
1423 530 1570 562 Sotiates.
1628 540 1677 563 ιν.
1694 533 1746 562 19.

1034 577 1205 615 frumentis
1219 581 1368 611 succensis
1394 581 1478 611 Mss.
1504 581 1658 623 plerique
1685 591 1748 622 pro

1041 629 1177 660 succisis.
1225 630 1449 661 Rescinderunt
1475 641 1535 671 pro
1558 632 1747 663 resciderunt

1043 688 1156 718 saepe:
1189 683 1223 710 ct
1242 689 1305 710 vn.
1334 684 1386 711 58.
1417 681 1624 720 Cingcneorix
1655 691 1746 722 saepe

1043 738 1104 768 pro
1123 729 1321 768 Cingetorix,
1339 732 1545 770 Orgentoris,
1568 742 1629 770 pro
1647 733 1747 772 Orge-

1041 779 1137 819 torix,
1168 781 1425 819 l'ercitzgentorix
1453 791 1512 821 pro
1547 782 1749 822 Vercingeto-

1041 829 1104 859 rix.
1150 831 1375 861 Adrmnentum
1400 841 1461 871 pro
1481 832 1684 864 Adrumetum
1704 833 1746 865 B.

1042 879 1115 910 Civ.
1134 888 1172 910 ιι.
1189 883 1241 910 23.
1276 881 1317 911 B.
1337 880 1410 911 Afr.
1429 891 1458 911 c.
1478 884 1507 912 3.
1526 885 1590 913 xe.
1618 882 1747 914 Cherso-

1041 939 1151 960 nensus
1168 941 1227 971 pro
1246 931 1450 962 Chersonesus
1466 933 1506 963 B.
1521 932 1618 963 Alex.
1645 942 1676 965 c.
1693 936 1745 965 10.

1041 980 1248 1018 tricensimus.
1277 983 1331 1019 Ere.
1364 991 1424 1021 pro
1454 982 1645 1014 tricesimus.-
1689 982 1746 1014 adi

1041 1031 1156 1061 L‘rsin.
1173 1030 1214 1061 ad
1233 1031 1271 1061 B.
1290 1031 1399 1062 Afric.
1426 1042 1456 1062 e.
1474 1035 1528 1063 97.
1551 1032 1748 1071 Agendicum

1041 1086 1076 1111 et
1093 1081 1289 1119 Agedincum
1317 1092 1377 1122 pro
1400 1083 1584 1122 Agedicum,
1606 1091 1655 1114 v1.
1672 1083 1707 1114 in
1722 1082 1745 1114 f.

1040 1137 1075 1162 et
1092 1131 1184 1162 aubi.
1243 1131 1338 1163 Adde
1354 1138 1473 1164 notata
1491 1134 1532 1164 ati
1554 1134 1592 1164 B.
1609 1133 1684 1165 civ.
1702 1143 1742 1164 11.

1040 1184 1071 1212 9.
1118 1181 1286 1213 Suet-edere
1307 1188 1419 1214 autem
1440 1190 1507 1214 tam
1527 1184 1745 1224 Accusativo,

1040 1242 1139 1273 quam
1166 1233 1294 1264 Datim
1315 1234 1412 1274 jungi
1439 1234 1555 1265 docuit
1576 1234 1647 1274 jam
1664 1234 1743 1265 olim

1038 1282 1173 1313 Servius
1190 1283 1232 1314 ad
1259 1284 1380 1324 virgil.
1398 1284 1472 1315 Eel.
1488 1294 1521 1315 v.
1538 1287 1570 1315 6.
1587 1285 1744 1324 exemplo

1037 1332 1200 1373 Sallustii,
1223 1334 1231 1350 ‘
1249 1343 1324 1364 cum
1354 1344 1483 1364 nnn-um
1510 1335 1655 1366 hostium
1673 1345 1744 1366 suc-

1039 1384 1223 1414 ces<i<sezss
1286 1384 1428 1416 Consule
1459 1385 1597 1425 insuper
1638 1385 1672 1417 J.
1705 1384 1742 1416 F.

1039 1434 1191 1464 Gronov.
1219 1434 1260 1464 ad
1291 1434 1377 1465 Livii
1403 1442 1508 1465 xxxi.
1535 1437 1589 1465 45.
1625 1435 1635 1450 ⁴
1660 1435 1742 1466 Tam

1038 1488 1196 1522 prompte
1233 1483 1490 1514 succedentium
1528 1493 1641 1514 muros
1656 1483 1676 1522 ;'
1707 1488 1743 1515 et

1038 1543 1120 1572 quos
1138 1532 1254 1564 laudat
1271 1533 1341 1564 Cel.
1359 1534 1476 1564 Burm.
1501 1533 1543 1564 ad
1569 1534 1743 1574 Calpurnii

1038 1582 1193 1614 Det-lam.
1214 1591 1318 1614 xxix.
1344 1585 1352 1600 ⁶
1373 1584 1505 1616 Pecora
1525 1585 1646 1625 jugum
1669 1595 1743 1618 sue-

1037 1632 1187 1671 cedunt‚’
1213 1638 1247 1663 et
1266 1633 1307 1663 ad
1323 1633 1437 1665 Gratii
1455 1634 1584 1676 Cyneg.
1601 1645 1648 1667 vs.
1668 1639 1740 1667 165.

1037 1683 1045 1698 ‘
1063 1682 1424 1724 SuccedereTigrim.’
1463 1684 1575 1716 Tacit.
1592 1685 1683 1717 Ann.
1699 1695 1740 1718 ιι.

1036 1735 1088 1763 20.
1114 1734 1122 1749 ‘
1142 1733 1199 1772 L't,
1215 1734 1239 1764 si
1254 1743 1384 1764 murum
1400 1734 1625 1766 succederent
1639 1735 1659 1766 :'
1683 1736 1740 1768 ubi

1035 1783 1120 1812 male
1148 1788 1284 1813 tentant
1313 1793 1477 1824 reponere
1495 1796 1593 1817 muro.
1639 1787 1739 1818 Silius

1036 1841 1071 1863 x.
1099 1836 1172 1864 596.
1205 1840 1213 1850 ·
1233 1834 1281 1865 [t
1304 1834 1407 1866 hostis
1431 1835 1666 1877 Nequicquam
1691 1846 1740 1867 ar-

1034 1889 1143 1913 matos
1161 1884 1247 1914 ausit
1263 1885 1448 1916 succedere
1465 1885 1601 1916 muros.'
1645 1886 1738 1927 Apu-

1035 1933 1089 1963 lei.
1105 1933 1191 1964 Met.
1205 1943 1236 1964 v.
1252 1944 1284 1974 p.
1297 1935 1443 1965 162.Ed.
1455 1936 1553 1975 Egm.
1571 1936 1579 1952 ‘
1596 1936 1737 1968 Tectum

1035 1989 1069 2014 et
1097 1985 1200 2016 larem
1226 1991 1379 2017 nostrum
1398 1987 1594 2019 succedite!
1638 1987 1740 2020 Avie—

1033 2044 1094 2065 nus
1112 2036 1143 2065 in
1167 2035 1263 2067 Atat.
1291 2046 1325 2077 p.
1343 2039 1395 2068 89.
1425 2037 1488 2067 Ed.
1506 2037 1606 2070 Grot.
1630 2040 1639 2056 ‘
1657 2039 1739 2070 Tee-

1034 2092 1134 2128 taque
1161 2088 1257 2128 justa
1284 2088 1394 2119 virum
1425 2089 1547 2128 passim
1577 2090 1737 2122 succede-

1034 2143 1085 2168 ret
1100 2138 1120 2168 ι’
1155 2144 1190 2169 et
1206 2139 1239 2169 in
1264 2139 1368 2170 Orbis
1393 2139 1502 2171 deser.
1529 2143 1603 2172 916.
1627 2142 1636 2157 ‘
1653 2141 1737 2174 Suc-

1031 2187 1158 2218 cedunt
1175 2187 1296 2219 tlumen
1314 2188 1458 2220 Araxis)
1515 2190 1622 2221 Immo
1649 2192 1733 2224 Mss-

1032 2240 1073 2270 B.
1101 2239 1174 2270 Civ.
1201 2249 1240 2271 ιι.
1257 2243 1309 2271 2-1.
1335 2244 1343 2257 ‘
1363 2241 1507 2281 Itinere,
1527 2242 1614 2282 quod
1641 2252 1735 2275 mare

1032 2289 1208 2320 succedit!
1264 2290 1355 2321 Hine
1386 2291 1604 2331 corrigendus
1631 2292 1733 2324 etiam

1032 2340 1136 2370 Mart.
1155 2340 1294 2380 Capella
1316 2340 1389 2372 init.
1407 2341 1466 2372 lib.
1485 2350 1523 2371 ιι.
1547 2332 1734 2375 “Succedit

1031 2389 1184 2429 plaustra
1197 2390 1346 2421 Bootes.’
1403 2390 1526 2430 Inepte
1550 2392 1649 2432 vulgo
1664 2392 1734 2424 edi-

1031 2445 1087 2470 tur
1115 2440 1281 2471 succendit.
1336 2440 1464 2480 Saepius
1488 2440 1568 2471 alibi
1595 2443 1732 2483 succedo,

1030 2490 1161 2528 succido,
1176 2491 1332 2527 succendo,
1357 2492 1476 2529 accedo,
1501 2493 1629 2523 accendo
1655 2498 1733 2525 sunt

1030 2545 1232 2579 permutata.
1287 2540 1374 2570 Vide
1399 2550 1452 2570 me
1475 2541 1516 2571 ad
1541 2541 1672 2584 Obseq.
1699 2553 1730 2575 c.

1032 2596 1101 2624 116.
1129 2597 1164 2623 et
1196 2594 1321 2624 Lucan.
1351 2602 1414 2624 vn.
1440 2597 1514 2625 607.
1569 2595 1729 2627 Ceterum

1027 2646 1036 2660 ‘
1054 2645 1224 2675 testudine
1240 2644 1445 2685 succeder‹—,’
1471 2651 1506 2677 ut
1530 2647 1595 2687 hie,
1612 2648 1731 2689 jungit

1027 2696 1164 2727 Tacitus
1190 2695 1283 2727 Hist.
1310 2705 1367 2727 ιιι.
1389 2699 1442 2727 27.
1467 2699 1475 2714 ‘
1494 2697 1600 2729 Elatis
1624 2708 1729 2740 super

1027 2749 1144 2791 capita
1158 2748 1275 2790 scutis,
1291 2746 1395 2781 densa
1418 2750 1592 2784 testudine
1615 2761 1730 2784 sucee-
