1818 3131
204 170 318 214 1026

204 277 343 318 optima²
357 280 447 307 notae
463 274 581 307 Codex
597 274 764 312 Andinus‚
781 278 818 304 nt
844 279 910 305 tes-

204 332 298 358 tatur
311 327 346 359 J.
366 327 402 357 F.
422 325 628 362 Gronovius,
646 333 708 355 nec
724 324 826 355 aliter
843 325 909 356 Ms.

205 378 345 409 Norvic.
363 378 478 407 Recte.
505 376 561 406 Sic
577 384 680 416 snpra
692 385 721 406 c.
736 378 767 406 9.
785 376 792 390 ‘
806 375 908 406 Navi-

205 428 376 469 gationem
394 426 590 467 impeditam
616 431 755 468 propter
778 427 907 458 inscien-

203 479 283 510 tiam
297 479 445 508 locorum
458 477 734 518 paucitatemque
749 483 908 517 portuum

205 528 381 560 sciebant.'
399 527 485 557 Vide
497 537 596 567 porro
606 537 636 558 c.
647 530 697 557 13.
709 533 743 557 et
758 528 844 558 BG.
858 536 908 557 vr.

205 581 258 610 43.
283 578 338 608 Ita
355 578 454 609 etiam
472 578 563 618 loqui
580 578 693 608 solent
706 578 823 618 optimi
839 577 910 618 qui-

206 638 271 669 que
285 633 454 667 auctores,
469 633 505 659 ut
521 633 615 660 notat
632 629 682 659 vir
694 628 910 659 doctissimus

207 679 249 710 ad
272 679 357 710 Livii
379 688 472 710 xxu.
488 683 540 710 25.
569 680 681 711 Daris.
714 680 791 710 Non
809 679 911 709 modo

206 729 351 760 Eliensis
368 734 403 760 et
421 729 587 765 Audimus,
606 730 664 760 sed
689 734 724 759 et
748 729 911 767 Dougan-s.

205 779 376 817 Vossiani‚
405 780 602 817 Leidensem
632 780 751 809 Petav.
783 779 911 809 Lovan.

207 829 376 876 Egmund.
392 830 504 861 Oxou.
525 829 657 859 Duker.
687 829 849 868 Gottorp.
877 832 914 858 et

208 878 345 918 Regius,
376 884 462 909 teste
492 879 644 917 Clarkio,
669 887 746 908 cum
770 878 833 909 Ed.
860 877 915 908 In-

207 931 304 959 certa
320 928 483 959 exhibent
498 929 676 959 inscientia.
701 928 800 959 Adde
818 929 915 959 Mun-

207 977 281 1008 ker.
299 977 341 1008 ad
361 978 517 1017 Fulgent.
543 989 577 1019 p.
601 982 674 1010 101.
701 985 736 1010 et
765 979 914 1010 Doctiss.

207 1028 251 1059 A.
280 1028 490 1060 Gronovium
513 1029 555 1059 ad
579 1029 707 1061 Justin.
727 1038 778 1059 ιν.
797 1033 828 1059 5.
845 1030 852 1043 ‘
871 1029 916 1059 in-

207 1078 353 1110 scientia
366 1079 489 1110 ducum
503 1079 520 1110 :’
537 1084 571 1110 et
585 1080 736 1120 inprimis
750 1081 822 1111 (fel.
835 1080 917 1110 Bur-

207 1138 320 1160 mann.
339 1128 380 1159 ad
405 1130 571 1161 Quinctil.
596 1130 710 1161 Instit.
735 1131 835 1161 Orat.
863 1138 915 1161 ix.

206 1180 240 1209 4.
277 1178 287 1195 ‘
312 1178 526 1210 librariorum
565 1180 728 1211 insectari
773 1181 916 1211 inscien-

208 1229 315 1261 tiam!
339 1230 433 1261 Infra
447 1239 511 1262 vn.
528 1232 603 1263 .13.‘
621 1237 762 1273 propter
776 1233 919 1264 inscien-

207 1280 290 1311 tiam
308 1280 554 1322 levitatemque
571 1283 684 1322 vulgi!

250 1333 271 1362 9
299 1331 343 1361 L'e
366 1341 403 1362 ne
426 1342 518 1362 unum
537 1333 658 1372 quidem
674 1335 846 1363 nostrorum
861 1332 917 1362 im-

204 1384 312 1421 petum
331 1381 471 1421 serrem]
506 1383 603 1412 Petr.
634 1382 837 1413 Ciacconius
866 1392 917 1412 re-

208 1430 305 1471 ponit
320 1434 354 1461 nt
370 1440 408 1461 ne
425 1432 570 1470 primum
591 1432 725 1471 quidem,
742 1434 807 1463 &tn
849 1431 917 1462 Sed

208 1479 399 1511 mutatione
415 1480 495 1510 nihil
509 1485 666 1520 estopus.
680 1480 795 1511 Livius
810 1489 917 1511 xx111.

208 1531 262 1561 42.
288 1530 297 1546 ‘
315 1531 362 1560 Te
380 1530 421 1560 ad
443 1540 536 1561 unum
557 1531 658 1561 modo
680 1531 785 1562 ictum
802 1531 918 1571 vigen-

208 1583 290 1619 tem,
320 1580 413 1610 velut
446 1581 565 1610 aculeo
604 1581 725 1612 amisso
761 1582 918 1622 torpere!

211 1631 410 1662 Lactantius
428 1640 462 1661 v.
480 1635 511 1662 4.
540 1634 548 1649 ‘
567 1632 643 1663 Uno
665 1633 758 1663 simul
787 1633 918 1672 impetu

210 1680 453 1722 profligarem.'
503 1682 561 1713 Sic
596 1691 638 1712 ex
675 1683 777 1713 Mstis
806 1683 919 1723 legen-

209 1731 289 1763 dum
305 1742 313 1769 3
339 1741 413 1762 nam
431 1731 515 1762 editi
531 1741 712 1772 perperam
732 1741 918 1772 repraesen-

211 1787 287 1813 tant
302 1793 362 1813 uno
377 1783 482 1814 semel
503 1783 632 1823 impetn.
668 1783 719 1814 Cl.
743 1783 918 1813 Mamerti-

211 1843 273 1864 nus
292 1833 378 1864 Pan.
392 1842 415 1864 1.
430 1837 460 1864 5.
477 1835 508 1864 2.
525 1834 534 1850 ‘
547 1837 667 1872 aperto
685 1833 798 1864 Marte
815 1837 918 1874 atque

211 1894 271 1915 uno
300 1883 429 1924 impetu
458 1883 660 1923 perculisti.'
698 1883 786 1913 vide
816 1883 861 1913 sis
883 1887 919 1913 et

212 1933 397 1965 Nazarium
415 1933 499 1964 Pan.
516 1941 566 1963 ix.
586 1935 637 1963 18.
655 1936 686 1964 6.
706 1942 744 1963 ac
760 1932 919 1963 Tacitum

212 1983 303 2015 Ann.
319 1992 343 2014 1.
362 1986 417 2014 51.
439 1983 551 2015 Daris.
599 1982 641 2013 In
664 1982 756 2013 Add.
787 1987 821 2013 et
848 1991 919 2013 cur.

213 2042 284 2065 sec.

259 2091 320 2114 xx.
345 2085 363 2114 3
390 2083 443 2114 Ex
458 2083 552 2113 tertia
575 2086 664 2123 parte
684 2081 816 2121 Gallioe]
840 2081 920 2122 Lip-

215 2132 283 2164 sius
310 2132 387 2164 libri
408 2133 457 2163 sui
482 2142 550 2164 orae
575 2132 716 2172 adlevit,
738 2131 851 2162 deleto
867 2141 919 2171 ex,

213 2182 309 2213 tertia
328 2192 413 2222 pars.
460 2182 562 2213 Certe
589 2181 699 2212 scabri
723 2180 805 2222 quid
830 2181 920 2211 inest

214 2231 250 2262 in
266 2232 326 2262 hac
340 2231 523 2262 locutione.
561 2232 687 2262 Verum
705 2230 834 2270 optime
851 2239 920 2260 me·

215 2280 315 2312 detur
332 2281 495 2321 Bongars.
515 2282 643 2321 primus
668 2290 706 2311 ac
730 2280 827 2311 Voss.
853 2284 920 2311 ter-

215 2331 284 2362 tius
303 2330 417 2361 Gallia.
464 2332 514 2362 Ea
538 2341 616 2372 pars
640 2334 693 2361 est
718 2330 920 2361 mstimanda

217 2381 331 2413 Gallia
355 2390 416 2421 pro
436 2387 535 2422 parte
560 2381 672 2412 tertia.
719 2381 840 2412 Cicero
858 2391 919 2421 pro

216 2430 315 2462 domo
333 2439 362 2461 c.
380 2434 431 2462 14.
455 2431 463 2447 ‘
482 2431 633 2470 Populus
652 2431 691 2461 R.
707 2430 847 2462 babebit
863 2440 920 2462 ne-

217 2491 283 2524 que
299 2492 341 2514 ex
359 2488 456 2523 parte
480 2482 620 2513 dimidia
637 2483 784 2523 reliquos
801 2483 921 2514 Sacer-

217 2531 344 2564 dotesz’
378 2532 420 2563 de
452 2532 570 2564 Divin.
597 2541 637 2563 11.
668 2535 699 2563 9.
732 2533 740 2549 ‘
759 2534 920 2564 Senatum

214 2582 343 2623 majore
359 2592 402 2613 ex
418 2588 515 2623 parte
532 2583 602 2623 ipse
620 2583 838 2623 cooptasset?
865 2584 920 2615 Sic

217 2633 342 2673 passim
366 2643 407 2664 ex
424 2636 515 2674 parte
532 2633 551 2664 i.
566 2642 595 2664 e.
619 2643 678 2673 pro
703 2638 819 2673 parte:
845 2644 922 2665 con-

219 2687 273 2712 tra
287 2692 327 2713 ex
342 2685 417 2714 toto.
442 2692 489 2714 ιν.
504 2686 557 2715 22.
583 2684 592 2700 ⁴
610 2684 661 2714 Ex
683 2693 805 2723 magna
825 2690 922 2724 parte

219 2731 432 2767 Morinorum
446 2734 552 2776 legati
568 2733 611 2766 ad
625 2743 701 2766 eum
718 2735 923 2768 venerunt.''

939 960 947 968 .
964 925 1198 966 inscriptione.

677 179 820 210 NO'rAE
852 179 1074 210 VARIORU
1084 179 1117 210 M
1151 179 1202 210 IN

1002 277 1020 303 5
1057 274 1095 305 L.
1131 273 1275 305 Valerius
1303 273 1505 305 Praeconinus
1531 274 1662 314 legatus,

959 325 1098 354 exercitu
1121 326 1219 364 palso,
1248 323 1429 362 interfectus
1461 327 1550 363 esset,
1572 326 1664 364 atque

960 376 1038 405 male
1056 375 1092 406 L.
1112 375 1266 405 Manilius
1286 376 1408 405 Prot-os.
1438 373 1666 414 impedimentis

960 425 1298 465 amissisprosugissit]
1316 426 1458 455 Graecus
1476 424 1577 455 babet
1591 422 1666 454 Λού-

961 486 1023 505 κιος
1045 475 1192 515 Βαλήριος
1217 475 1393 514 Πρηκόνιος,
1413 473 1590 513 στρατηγὸς
1603 474 1665 504 τῶν

959 525 1122 562 Ῥωμαίων,
1146 532 1180 555 et
1211 525 1337 556 Λούκιος
1362 524 1502 559 Μάλλιος
1529 523 1622 555 αὐτὸς
1647 524 1664 554 ὁ

961 575 1146 614 προύπατος.
1184 577 1292 606 Locus
1306 576 1392 606 liaud
1411 576 1510 606 dubie
1528 575 1665 606 mendo-

961 634 1027 663 sus,
1045 634 1143 664 quem
1170 624 1407 656 Hotomannus
1433 635 1566 666 quoque
1591 630 1667 656 ten-

963 675 1061 713 tavit,
1079 684 1138 714 pro
1159 674 1199 705 L.
1222 675 1372 713 Valerium,
1394 676 1510 715 legens
1537 676 1587 706 M.
1603 675 1667 707 Au-

961 725 1069 763 relius,
1085 735 1146 765 pro
1162 725 1201 756 L.
1220 725 1372 756 Manilius
1394 725 1518 755 Procas.
1538 725 1576 755 C.
1594 725 1669 756 Ma-·

963 775 1057 805 uilius
1077 776 1190 806 consul.
1230 776 1361 806 Nomen
1388 775 1470 805 illud
1498 775 1609 806 Mallii
1632 776 1666 806 in

964 826 1036 856 aliis
1063 835 1198 866 quoque
1228 826 1360 857 Graeeis
1389 826 1512 856 Siculis
1543 825 1669 857 tabulis

965 876 1093 916 reperit
1111 876 1265 916 Pighius,
1294 881 1329 906 et
1346 882 1517 916 praeterea
1541 876 1575 906 in
1600 880 1668 909 vet.

1243 926 1363 967 ltaque
1391 936 1457 957 non
1480 926 1598 958 dubito
1614 927 1670 959 liic

966 976 1167 1014 rescribere,
1186 976 1244 1006 Cu.
1264 977 1403 1008 Mallius.
1441 977 1582 1008 Ursinus
1605 977 1669 1009 hoc

964 1035 1050 1056 anno
1087 1027 1325 1066 proconsulem
1355 1026 1460 1058 fuisse
1487 1028 1545 1068 ait,
1578 1028 1669 1069 quod

963 1076 1077 1106 nescio
1108 1076 1196 1107 unde
1221 1077 1356 1116 probari
1382 1078 1499 1117 possit.
1546 1078 1591 1109 Et
1609 1087 1670 1118 pro

964 1126 1006 1156 L.
1027 1125 1180 1165 Valerius,
1195 1126 1378 1157 scriberem
1395 1137 1529 1168 quoqne
1546 1128 1595 1159 M.
1606 1129 1672 1159 Aa·

963 1177 1069 1215 relius,
1091 1176 1150 1207 sed
1176 1177 1291 1208 neseio
1309 1187 1469 1218 quorsum
1486 1178 1568 1209 illud
1583 1179 1672 1209 Proe-

963 1226 1088 1256 conimis
1114 1230 1259 1266 spectet.
1308 1228 1397 1258 Nam
1423 1227 1583 1258 Aurelius
1604 1228 1670 1268 liic,

965 1275 1014 1305 uti
1043 1285 1086 1305 ex
1111 1275 1234 1307 Orosio
1262 1276 1380 1317 liquet,
1396 1277 1530 1308 Scaurus
1552 1287 1673 1318 eogno-

965 1324 1137 1356 minatus?
1163 1326 1216 1357 An
1245 1327 1447 1358 I'roeconinus
1473 1332 1672 1368 corruptum

964 1374 1116 1406 dicemus
1127 1384 1170 1406 ex
1181 1375 1375 1408 Proconsul?
1398 1377 1464 1407 Sed
1478 1377 1672 1418 videndum,

967 1428 1046 1468 quid
1077 1431 1145 1458 tum
1169 1428 1266 1467 legati
1292 1437 1367 1458 vox.
1408 1427 1448 1458 In
1471 1438 1500 1460 v.
1527 1438 1558 1459 c.
1582 1428 1672 1461 Scal.

966 1482 1039 1508 erat
1055 1477 1093 1508 L.
1115 1477 1241 1516 Varias,
1258 1477 1298 1508 P.
1316 1478 1464 1509 Coninus.
1500 1478 1578 1509 vid.
1597 1480 1675 1510 vel-

966 1528 1068 1559 leium
1100 1539 1132 1568 p.
1165 1532 1217 1559 27.
1250 1528 1282 1560 b.
1320 1529 1450 1561 Vossius.
1499 1529 1584 1561 Cum
1610 1540 1674 1562 nee

966 1579 1004 1610 L.
1037 1579 1155 1609 Valerii
1188 1579 1364 1610 Praeconini
1391 1588 1453 1610 nec
1480 1580 1519 1611 L.
1544 1581 1675 1611 Manilii

968 1629 1092 1659 Procos.
1118 1628 1152 1658 in
1184 1628 1299 1659 Gallia
1327 1628 1494 1659 victorum
1516 1630 1676 1661 recorda-

968 1683 1064 1708 retur
1087 1678 1143 1709 Fr.
1162 1678 1412 1717 Hotommnus,
1439 1688 1502 1719 pro
1525 1679 1563 1710 L.
1586 1679 1674 1711 Vale-

968 1730 1015 1761 rio
1033 1730 1186 1770 reposuit
1207 1731 1255 1760 M.
1272 1731 1446 1769 Aurelium,
1469 1741 1532 1763 uec
1549 1731 1674 1763 Proeco·

968 1780 1035 1810 nini
1062 1780 1164 1810 ullam
1195 1779 1314 1811 habuit
1345 1781 1530 1819 rationem3
1559 1782 1596 1813 C.
1618 1791 1674 1812 au-

970 1836 1039 1861 tem
1056 1830 1224 1861 Manilium
1242 1831 1333 1860 Cous.
1362 1831 1394 1861 in
1418 1831 1528 1862 locum
1545 1831 1583 1862 L.
1603 1832 1675 1863 Ma-

968 1880 1038 1911 nilii
1065 1881 1192 1911 Procas.
1221 1879 1366 1919 suffecit,
1394 1882 1488 1921 cujus
1517 1881 1677 1912 emenda-

969 1930 1077 1961 tiones
1087 1930 1263 1970 amplexus
1280 1938 1333 1962 est
1350 1931 1396 1961 D.
1411 1930 1557 1962 Vossius.
1594 1931 1674 1970 Sed,

969 1990 1012 2011 ne
1036 1980 1148 2011 dicam
1171 1981 1289 2011 nimias
1316 1991 1388 2012 esse
1406 1981 1622 2021 mutationes,
1637 1986 1674 2013 et

969 2032 1019 2062 M.
1046 2032 1209 2063 Aurelium
1235 2041 1302 2063 non
1324 2031 1429 2063 fuisse
1453 2033 1590 2071 legatum
1613 2033 1675 2064 sed

972 2082 1145 2119 Consulem,
1168 2090 1287 2120 annus,
1315 2091 1380 2121 quo
1407 2082 1447 2112 P.
1473 2081 1612 2112 Crassus
1640 2081 1674 2112 in

970 2131 1190 2172 Aquitaniam
1228 2131 1397 2171 pervenit,
1435 2134 1511 2162 erat
1552 2131 1595 2162 U.
1635 2132 1674 2164 C.

971 2189 1150 2213 ncxcvnr.
1180 2181 1229 2212 M.
1258 2190 1340 2213 vero
1369 2181 1526 2213 Aurelius
1550 2181 1677 2213 aCim·

970 2232 1039 2263 bris
1066 2237 1103 2262 et
1133 2232 1292 2262 Teutonis
1326 2232 1433 2263 victus
1465 2236 1519 2263 est
1558 2231 1602 2263 U.
1634 2232 1674 2264 C.

971 2290 1115 2313 nexui.
1141 2281 1181 2313 C.
1209 2282 1370 2313 Manilius
1397 2282 1440 2314 U.
1462 2283 1501 2314 C.
1528 2291 1675 2314 ncxmx.

970 2337 1009 2363 ut
1036 2332 1139 2363 docet
1165 2333 1212 2364 D.
1237 2332 1401 2363 Petavius
1424 2333 1529 2364 Doct.
1553 2332 1674 2372 Temp.

970 2383 992 2413 l.
1011 2391 1093 2414 xm.
1109 2392 1143 2423 p.
1160 2385 1235 2414 644.
1271 2382 1554 2424 Quandoquidem
1569 2382 1678 2423 igitur

969 2433 1060 2464 inter
1077 2433 1118 2464 P.
1135 2433 1247 2464 Crassi
1269 2433 1449 2464 adventum
1472 2433 1506 2463 in
1529 2431 1674 2473 Aquita-

970 2483 1059 2514 niam
1085 2487 1120 2514 et
1149 2484 1188 2514 C.
1206 2482 1382 2513 Manilium
1410 2481 1547 2521 victum,
1573 2490 1677 2513 anno-

971 2543 1043 2564 rum
1060 2533 1103 2563 sit
1125 2541 1226 2564 xmx.
1249 2531 1482 2572 intercapedo,
1504 2531 1561 2562 vix
1585 2531 1674 2572 quis-

973 2593 1072 2624 quam
1097 2588 1160 2622 est,
1176 2583 1230 2613 eui
1256 2585 1385 2613 tantum
1402 2581 1552 2622 spacium
1568 2582 1676 2622 paucis

971 2634 1062 2664 annis
1077 2632 1260 2673 significari
1278 2631 1463 2671 videbitur,
1482 2632 1676 2673 praesertim

972 2693 1047 2716 cum
1066 2682 1287 2724 quadriennio
1308 2687 1386 2713 ante
1409 2682 1513 2723 ipsius
1529 2682 1676 2715 Caesaris

973 2733 1130 2774 natalem,
1145 2732 1217 2764 haec
1233 2732 1346 2764 clades
1365 2732 1550 2765 accideret·
1597 2731 1676 2764 Alio
