1883 3121
236 224 348 267 1396

236 339 312 372 quae
343 333 540 371 sequuntur.
598 326 648 359 At
690 327 758 360 Ms.
796 328 936 360 Norvic.

233 381 337 412 habet
358 381 493 411 animum
519 379 694 418 advertunt,
718 386 752 410 el
768 378 841 411 haec
859 389 937 410 vera

236 442 371 474 prorsus
383 436 433 462 est
446 430 559 462 lectio.
591 429 678 461 Vide
693 435 764 462 not.
778 431 819 461 ad
832 431 872 462 B.
890 430 935 462 G.

235 492 260 514 ι.
285 485 338 513 24.
367 485 402 512 et
428 482 470 512 B.
489 481 530 512 G.
561 490 594 512 v.
614 483 665 513 18.
701 482 811 513 Davis.
867 481 934 513 Sed

235 532 316 564 nihil
330 541 424 572 opus.
472 531 561 563 Nam
579 537 615 563 et
639 532 721 564 illud
744 532 936 563 animadver-

235 587 301 614 tere
327 586 379 613 est
414 591 562 623 proesenS.
614 582 764 623 Tempus
793 582 840 613 rei
865 583 936 622 jam

230 632 391 674 persecut.
438 632 731 665 Quemadmodum
748 633 780 662 in
796 631 936 673 periodo

235 683 387 724 proxime
416 687 591 724 sequente.
639 683 709 718 Qua
738 693 771 713 re
797 682 935 712 animad-

232 742 333 772 versa,
357 733 473 764 Caesar
488 733 690 773 subsequitur.
716 733 824 763 Clark.
858 732 936 762 Ani-

232 793 314 816 mum
331 785 530 815 adverterunt
554 784 691 824 reposui
716 794 733 814 e
761 782 856 813 Leid.
886 791 936 822 pr.

233 839 268 866 e't
284 835 383 866 Voss.
417 834 456 865 In
473 834 611 874 reliquis
630 839 665 864 et
682 833 769 864 Edd.
783 842 840 873 pp.
855 832 935 862 item

232 885 350 926 Steph.
368 885 666 916 animadverterunt.
712 885 836 915 Statim
856 883 935 914 dedi

233 937 282 966 Re
297 936 433 966 animum
449 936 578 967 adversa
593 945 610 965 e
626 936 748 967 Petav.
765 941 800 966 et
817 934 936 965 eodem

233 985 419 1023 Leidensi3
444 985 495 1016 uti
521 990 557 1016 et
579 995 607 1016 c.
624 987 677 1016 83.
701 994 719 1015 e
735 984 936 1016 Petaviano.

233 1037 380 1068 Consule
396 1039 559 1075 congesta
574 1035 616 1066 ad
636 1035 676 1066 B.
692 1035 736 1066 G.
750 1042 779 1066 Ἰ.
795 1036 849 1065 24.

275 1090 295 1118 8
319 1086 392 1118 Sese
415 1086 518 1117 subito
543 1085 740 1126 proripiunt]
783 1084 825 1116 In
851 1083 935 1117 Cod.

232 1137 362 1169 Lovan.
389 1139 550 1167 exaratur
585 1138 807 1175 prorumpunt.-
847 1134 937 1175 quod

232 1187 363 1228 placuit
380 1187 436 1217 Ill.
456 1186 598 1217 Heinsio
620 1185 661 1215 ad
686 1185 746 1216 Sil.
766 1185 844 1216 Ital.
868 1192 936 1215 xri.

232 1240 308 1269 437.
335 1242 437 1277 atque
461 1236 508 1266 ita
529 1235 539 1251 ⁴
556 1244 735 1274 erumpere
759 1244 794 1265 se
811 1233 937 1274 ·portis’

233 1288 276 1318 B.
290 1287 364 1318 Civ.
380 1295 419 1316 11.
439 1288 488 1316 u.
516 1284 613 1315 etsie
630 1283 741 1314 forsan
758 1283 938 1314 emendan-

232 1336 294 1367 dus
323 1337 441 1375 Nepos
466 1334 499 1364 in
529 1333 649 1365 Attico
672 1343 702 1364 c.
727 1336 781 1364 21.
802 1332 938 1364 ‘fistula

235 1397 296 1427 pus
315 1396 350 1417 se
366 1385 540 1425 eruperit‚’
562 1393 625 1424 pro
638 1383 742 1424 putris
764 1383 818 1413 vel
836 1383 936 1423 puris.

232 1438 359 1468 ¹Verum
388 1436 528 1476 vulgata
555 1433 705 1474 plurimis
732 1438 766 1464 et
797 1433 938 1465 vetusti-

232 1487 346 1518 oribus
386 1486 470 1517 Mss.
498 1484 699 1516 confirmata
731 1493 798 1515 non
828 1484 937 1514 minus

231 1537 370 1577 elegans
393 1540 457 1575 est,
482 1539 517 1566 et
545 1535 693 1565 celerem
719 1533 849 1564 abitum
877 1543 937 1565 seu

231 1587 345 1628 fugam
361 1587 510 1617 denotat.
534 1585 624 1616 Vide
638 1584 784 1616 Cerdam
801 1584 844 1615 ad
860 1585 936 1614 Vir-

232 1638 289 1677 gil.
307 1637 382 1668 Ecl.
396 1639 427 1666 3.
447 1639 498 1667 19.
519 1636 528 1652 ⁴
548 1635 622 1667 Quo
634 1644 722 1666 nnnc
737 1644 773 1666 se
790 1634 937 1675 proripit

229 1687 312 1718 ille.’
360 1686 474 1717 Wasse
488 1688 523 1717 et
539 1686 634 1717 Cort.
681 1685 721 1716 In
739 1684 815 1716 Iud.
834 1689 870 1716 et
892 1685 934 1716 ad

231 1748 261 1770 c.
274 1741 327 1770 32.
345 1738 422 1769 Cat.
436 1738 477 1768 B.
503 1738 512 1753 ‘
531 1736 621 1767 Dein
635 1745 671 1767 se
690 1736 783 1766 curia
799 1735 935 1766 domum

231 1787 428 1830 proripuit‚'
452 1788 511 1819 ubi
537 1787 653 1818 itidem
671 1787 704 1817 in
720 1787 785 1817 Ms.
803 1796 868 1817 uno
883 1790 936 1817 est

227 1840 386 1880 prorupit.
431 1839 477 1869 Et
494 1837 685 1878 praesertirn
698 1836 876 1868 Drakenb.
892 1836 935 1867 ad

232 1889 308 1921 Liv.
326 1898 366 1919 ιι.
384 1891 437 1919 23.
460 1890 469 1905 ‘
487 1897 522 1918 se
540 1887 689 1927 undique
711 1886 744 1916 in
761 1886 934 1926 publicum

230 1939 427 1980 proripiunt
442 1941 460 1968 :’
483 1937 539 1968 ubi
565 1938 668 1968 etiam
696 1937 763 1967 ΜΞ.
793 1947 933 1977 prorum-

228 1991 329 2029 punt:
354 1995 390 2018 ut
405 1992 441 2018 et
459 1996 513 2017 ιιι.
532 1990 582 2018 18.
597 1986 934 2026 Ap111.}=1et.1.v.in

230 2040 254 2071 Ξ.
279 2040 288 2056 ‘
306 2038 395 2070 foras
422 2047 494 2068 sese
518 2036 664 2077 proripit
694 2035 851 2066 infesta?
877 2036 935 2067 ubi

230 2091 302 2122 sola
330 2090 394 2120 Ed.
424 2090 574 2120 Florent.
603 2088 758 2128 prorupit.
816 2087 883 2119 Sed
911 2089 933 2118 1.

230 2150 280 2171 vr.
303 2142 312 2157 ‘
332 2140 458 2180 Meque
486 2138 700 2179 quadrupedi
728 2147 827 2169 cursu
859 2148 934 2178 pro-

231 2192 316 2232 ripio
333 2191 351 2221 :¹
375 2197 410 2221 et
425 2190 504 2220 alibi
521 2190 646 2230 saepius
669 2190 678 2205 ‘
692 2199 793 2220 cursu
807 2198 843 2220 se
859 2200 934 2230 pro-

230 2241 364 2282 ripere!
411 2240 502 2273 Quin
531 2241 604 2279 ipse
634 2240 748 2271 Caesar
775 2240 815 2271 B.
831 2241 871 2272 C.
893 2250 933 2271 ιι.

232 2296 282 2325 12.
307 2294 316 2310 ‘
334 2293 377 2324 Se
395 2297 495 2333 porta
521 2291 612 2323 foras
630 2292 853 2333 proripiunt:’
877 2293 933 2324 ubi

229 2344 367 2375 consule
396 2344 595 2374 Brantiuin:
642 2341 768 2373 ibidem
808 2348 932 2381 tamen,

230 2395 319 2437 quod
336 2395 402 2425 vim
420 2395 571 2434 denotat,
593 2403 624 2425 sc
645 2394 678 2424 in
696 2393 800 2424 urbem
816 2397 932 2425 iurum-

227 2449 347 2486 pererit.

272 2499 312 2527 10
339 2496 470 2526 Educ-tis
485 2494 668 2535 legionibus]
685 2494 740 2524 Ita
754 2504 795 2524 ex
809 2494 930 2525 Faerni

230 2546 441 2587 conjectura,
480 2554 578 2586 quain
619 2550 653 2576 et
694 2545 930 2576 Hotomannus

231 2596 401 2636 probavit,
417 2596 597 2627 ediderunt
611 2595 762 2635 Scaliger
780 2601 814 2626 et
833 2605 928 2637 seqq.

229 2646 363 2687 Gryph.
402 2647 519 2677 relictis
556 2646 604 2676 his
632 2647 693 2685 leg.
740 2656 815 2677 cum
844 2647 929 2677 Ven.

234 2699 325 2727 1517.
343 2701 377 2727 et
395 2697 478 2727 aliis.
523 2696 660 2726 Manut.
677 2695 783 2727 edidit
801 2697 931 2727 Relictis

228 2747 268 2775 ris
297 2746 528 2776 munitionibus.
585 2747 712 2776 Verum
744 2747 828 2778 Mss.
854 2757 930 2777 con-

229 2799 360 2825 stanter
377 2799 419 2826 eL
434 2795 522 2827 Edd.
542 2796 670 2838 priores
686 2795 849 2828 exhibent
869 2797 928 2829 Re-

704 232 844 264 No'rAE
876 231 1095 265 VAR10R1³
1109 234 1139 263 M
1174 233 1225 264 IN

986 329 1071 359 lictis
1092 327 1262 368 legionibus
1287 326 1308 358 i.
1333 335 1362 357 e.
1393 326 1529 368 reliquis
1554 326 1629 366 sibi,
1648 331 1691 357 ut

986 378 1109 418 passim
1127 379 1243 410 Caesar
1260 376 1349 418 loqui
1370 380 1472 408 amat.
1518 376 1606 408 Vide
1621 386 1690 408 om-

987 429 1065 459 nino
1090 432 1208 459 notata
1230 427 1272 459 ad
1296 437 1329 459 v.
1348 431 1398 459 19.
1422 428 1431 445 ‘
1449 426 1605 458 Dimissis
1623 435 1692 458 ain-

987 478 1151 518 plioribus
1178 478 1297 519 copiis,
1321 477 1457 508 milibus
1484 477 1623 508 circiter
1646 484 1688 508 ‘n‘

987 527 1236 559 essedariorum
1255 536 1417 560 nnuc-ris
1435 527 1558 559 itinera
1575 531 1690 558 nostra

987 578 1147 609 servabat
1161 577 1181 608 :'
1216 581 1253 608 et
1277 578 1319 608 ad
1348 580 1447 610 c.41.
1476 578 1572 618 hujus
1598 576 1690 612 libri,

986 629 1095 669 ‘quos
1126 627 1190 659 sibi
1221 628 1380 668 praesidio
1416 627 1688 661 astruuntur?

987 679 1108 720 quilius
1125 678 1208 710 locis
1228 678 1359 709 retentis
1374 682 1410 709 et
1424 679 1597 709 retinuerat
1614 678 1691 709 sub-

986 729 1179 760 stitueram.
1220 729 1352 759 Eductis
1368 729 1478 759 locum
1494 727 1620 759 habere
1634 738 1690 759 ne-

987 781 1071 822 quit.
1121 781 1198 812 Non
1224 780 1312 811 enim
1340 785 1456 810 castra
1482 779 1570 810 vallo
1595 784 1693 810 erant

987 831 1128 870 munita,
1172 830 1325 871 adeoque
1355 839 1422 860 non
1453 834 1553 860 eraut
1579 832 1693 869 porta‘,

987 881 1107 922 quibus
1122 882 1289 912 eduxisset.
1333 881 1476 911 Temere
1499 880 1601 911 etiam
1630 880 1692 910 Ni-

988 933 1095 963 casius
1110 931 1305 962 Ellebodius
1322 941 1364 961 ex
1382 930 1449 962 Ms.
1475 929 1621 961 habente
1636 938 1692 961 ora

988 991 1025 1021 x,
1049 986 1087 1013 ut
1104 983 1225 1022 passim
1250 982 1283 1012 in
1307 980 1415 1013 Codd.
1437 980 1582 1020 exarari,
1603 981 1691 1011 solet

987 1031 1119 1073 effingit
1134 1032 1235 1063 omnia
1250 1032 1383 1063 auxilia.

1031 1092 1159 1116 mxxxi.
1183 1088 1201 1114 5
1227 1083 1344 1114 Proelio
1372 1092 1432 1114 non
1455 1082 1592 1122 lacessit]
1621 1081 1693 1114 Ad-

987 1134 1059 1165 didi
1095 1143 1213 1164 vocem
1246 1132 1378 1172 amplius
1416 1131 1482 1163 fide
1523 1132 1690 1163 Mstorum

987 1185 1135 1225 quinque
1153 1188 1188 1214 et
1206 1182 1292 1214 Edd.
1317 1183 1413 1214 Rom.
1442 1182 1584 1214 Mediol.
1600 1182 1691 1213 Ven.

986 1236 1089 1266 Vase.
1112 1235 1182 1266 Str.
1207 1234 1325 1274 steph.
1348 1233 1482 1273 Gryph.
1499 1237 1589 1273 post.
1613 1233 1695 1264 alia-

988 1295 1142 1326 rumque,
1158 1293 1242 1326 'quae
1270 1294 1338 1315 vox
1359 1293 1428 1331 pon
1455 1289 1508 1315 est
1532 1293 1690 1323 superva-

988 1344 1067 1366 cua:
1093 1334 1202 1375 proelio
1228 1335 1360 1365 exsulat
1376 1333 1505 1364 aVoss.
1521 1333 1582 1363 sed
1597 1334 1690 1364 laces-

986 1394 1052 1416 sere
1066 1385 1175 1425 proelio
1187 1383 1347 1425 frequens
1361 1388 1476 1414 nostro
1486 1388 1541 1414 est
1551 1384 1691 1416 locutio.

1030 1439 1050 1467 8
1074 1436 1130 1467 Iun·
1156 1434 1384 1474 animaduerso]
1417 1433 1576 1466 Leidens.
1593 1434 1692 1474 prim.

987 1486 1113 1527 Scalig.
1153 1486 1208 1516 lui
1236 1485 1316 1516 enim
1339 1486 1486 1520 adversm·
1521 1494 1588 1525 quo
1606 1483 1694 1516 facit

987 1537 1104 1568 Ursini
1133 1537 1251 1568 Codex
1283 1535 1340 1567 Illi
1365 1535 1448 1566 euim
1468 1535 1692 1566 animadverso.

988 1588 1112 1618 Posset
1135 1586 1260 1627 conjici
1283 1585 1387 1617 fuisse
1411 1585 1465 1615 Illi
1480 1585 1618 1616 animum
1637 1586 1691 1617 ad-

987 1647 1084 1677 verso,
1113 1642 1151 1668 ut
1182 1646 1256 1678 cap.
1286 1645 1388 1676 praec.
1417 1635 1477 1666 sed
1505 1645 1573 1667 non
1597 1644 1692 1676 opus.

992 1688 1085 1719 Enim
1108 1688 1200 1720 valet
1222 1690 1353 1725 atvero,
1376 1689 1491 1717 autem.
1536 1685 1626 1717 Vide
1648 1686 1691 1717 ad

987 1747 1020 1769 v.
1036 1740 1068 1770 7.
1091 1739 1099 1755 ‘
1115 1738 1178 1769 Ille
1195 1738 1285 1769 enim
1302 1742 1480 1768 revocatus
1495 1736 1655 1769 resistere
1669 1737 1691 1768 :'

988 1793 1023 1820 et
1037 1799 1140 1830 supra
1155 1799 1185 1820 c.
1200 1792 1253 1820 21.
1268 1789 1282 1828 §
1298 1791 1328 1819 5.
1353 1787 1396 1819 de
1412 1786 1517 1818 verbo
1532 1788 1692 1819 advertere

987 1840 1042 1870 adi
1059 1849 1140 1870 vm.
1158 1843 1210 1871 16.

1029 1892 1049 1918 9
1075 1891 1244 1929 Castraque
1267 1889 1378 1920 castris
1400 1887 1594 1928 convertunt]
1631 1889 1690 1920 Sic

988 1938 1088 1970 codd.
1105 1939 1258 1979 plerique
1275 1948 1390 1969 ornnes
1405 1942 1440 1969 et
1457 1939 1539 1969 Mss.
1555 1938 1631 1970 Pet.
1648 1949 1688 1970 ac

988 1990 1096 2030 Bong.
1123 1989 1180 2020 sed
1211 1989 1264 2020 hic
1292 1999 1312 2019 a
1336 1998 1436 2019 manu
1473 1989 1638 2019 secunda:
1670 1998 1691 2020 a

990 2039 1097 2079 prima
1122 2045 1220 2069 manu
1238 2044 1313 2070 erat
1339 2040 1521 2080 (quantuni
1540 2040 1690 2077 videtur)

987 2092 1202 2128 convenerunt,
1225 2093 1261 2120 et
1277 2088 1367 2119 idem
1387 2097 1524 2129 quoque
1541 2089 1574 2120 in
1592 2090 1690 2121 Pala-

987 2139 1057 2170 tino
1081 2140 1217 2179 legitur.
1282 2139 1482 2171 Ciaeconius
1509 2139 1689 2179 legendum

988 2190 1131 2229 putabat
1145 2189 1319 2227 conserunt.
1365 2190 1452 2222 Quoe
1477 2189 1607 2230 phrasis
1623 2191 1688 2222 usi-

987 2245 1060 2270 tata
1076 2240 1216 2278 Caesari,
1239 2243 1274 2270 at
1298 2239 1361 2270 hoe
1387 2240 1462 2271 loco
1485 2240 1686 2273 damnanda.

987 2290 1076 2320 Nam
1093 2288 1242 2320 conferri
1259 2288 1420 2320 dicuntur
1437 2295 1562 2330 castra,
1584 2301 1689 2332 quan-

987 2340 1029 2369 do
1053 2339 1204 2379 proxime
1229 2338 1356 2369 hostem
1375 2343 1558 2378 ponuntur.
1603 2340 1686 2373 Quis

985 2390 1048 2420 hoc
1076 2389 1117 2420 ab
1145 2388 1288 2420 Afranio
1321 2389 1528 2430 Petreioque
1557 2389 1686 2421 factum

985 2440 1054 2471 ait?
1078 2440 1145 2470 imo
1171 2439 1256 2470 ratio
1282 2439 1355 2479 ipsa
1375 2444 1552 2480 repugnat,
1575 2444 1622 2479 et,
1645 2439 1687 2470 si-

985 2491 1066 2532 quid
1085 2491 1217 2531 judico,
1242 2496 1356 2522 castra
1384 2490 1542 2521 Afranius
1568 2499 1687 2521 aversa

985 2546 1095 2581 parte,
1118 2551 1194 2582 qua:
1210 2541 1401 2580 longissime
1423 2550 1442 2570 a
1457 2541 1592 2572 Caesare
1609 2540 1687 2572 abe-

985 2597 1049 2631 rat,
1073 2592 1224 2632 protulit.
1277 2593 1393 2623 Quare
1431 2590 1560 2621 retineo
1599 2590 1682 2621 illud

983 2646 1177 2681 convertunt,
1223 2642 1312 2682 quod
1349 2641 1403 2672 hic
1444 2641 1684 2681 exponendum

982 2697 1182 2724 commutant.
1221 2693 1307 2724 Nam
1324 2697 1361 2723 ut
1375 2695 1493 2723 vertera
1507 2693 1615 2732 solum,
1631 2697 1684 2724 est

982 2749 1114 2775 mutare
1141 2744 1262 2779 solum,
1285 2743 1336 2773 vel
1362 2742 1533 2773 excedere
1559 2752 1611 2782 eo,
1645 2748 1682 2773 nt

973 2795 1108 2832 sor-tuna
1122 2803 1278 2832 com-ersa,
1301 2798 1336 2824 et
1352 2797 1573 2831 commutata,
1590 2791 1678 2824 idem
