1818 3131
244 234 359 278 1068

247 352 324 374 eum
358 350 424 373 non
458 340 668 381 intelligeret
696 339 946 378 Hotomannus,

249 402 367 425 vocem
391 392 503 432 primis
531 391 647 432 ejecit.
701 392 809 424 Quem
839 391 946 422 secuti

248 448 326 474 snnt
350 442 504 482 Scaliger
527 445 564 472 et
587 441 793 472 recentiores
818 450 945 472 omnes.

249 492 420 532 Davisius,
466 491 638 533 aliquanto
678 491 816 532 propior
853 500 946 529 vero,

247 543 393 583 conjecit
415 542 610 583 legendum,
643 552 682 574 ex
712 542 863 582 proximis
883 542 948 582 pri-

245 602 317 625 moe.
361 592 430 623 Sed
443 593 524 623 nihil
541 602 634 633 opus.
672 593 845 624 Sententia
859 592 946 623 enim

244 643 434 684 perspicua
447 648 500 674 est
513 655 523 683 ;
555 653 594 674 ex
608 643 746 681 naribus,
762 652 828 682 quae
843 642 947 682 proxi—

247 703 306 724 ma’
320 696 418 724 essent
430 693 561 734 primis:
593 693 660 731 vel,
675 703 714 723 esc
737 693 807 722 aliis
823 691 948 721 naribus

246 744 280 775 in
292 744 393 784 primo
407 745 514 775 ordine
526 744 696 784 proximis.-
728 742 884 782 pro.rimis
902 741 949 770 ni-

247 794 368 826 mirum
382 794 414 826 ei
430 795 519 834 navi,
540 804 558 825 e
576 804 641 834 qua
656 793 831 823 desilierat
844 791 947 831 Aqui-

244 843 347 883 lifer;
379 845 414 876 in
435 845 537 885 primo
554 849 667 874 autem
683 842 799 881 ordine,
816 841 949 872 scilicet

247 905 286 926 eo
314 895 349 925 in
387 895 518 934 ordine,
543 895 599 935 qui
624 898 698 924 erat
723 902 850 932 earum,
874 902 949 933 quae

246 948 326 976 ante
343 949 486 976 caeteras
514 949 626 976 essent
652 943 758 974 littori
783 943 949 983 appulsae.

249 995 357 1026 Clark.
415 996 528 1026 Etiam
558 995 641 1027 Mss.
673 994 739 1025 mei
769 1002 883 1024 omnes
907 993 948 1024 ad

245 1055 372 1085 unum;
408 1046 468 1078 sed
493 1046 526 1077 in
551 1045 605 1085 iis,
632 1045 681 1076 uti
709 1055 772 1075 nec
798 1045 833 1075 in
860 1043 949 1074 Edd.

246 1096 342 1127 vett.
371 1105 437 1128 non
461 1101 637 1137 comparet
661 1096 698 1126 τὸ
725 1095 792 1126 alii.
849 1094 949 1128 Quod

247 1145 291 1177 ab
323 1146 413 1177 Aldo
451 1147 594 1187 primum
633 1147 798 1177 intrusum
833 1145 950 1182 credo,

246 1205 347 1237 quem
365 1201 477 1228 tamen
495 1207 559 1228 non
576 1201 714 1228 secutus
735 1202 788 1227 est
813 1196 852 1226 R.
876 1196 950 1226 Ste-

247 1247 389 1287 phanus.
425 1248 494 1279 Pro
511 1257 551 1279 ea
566 1257 648 1279 voce
665 1247 720 1277 alii
736 1247 951 1277 inseruerunt

245 1298 357 1338 nostri,
373 1302 409 1328 ut
426 1303 477 1329 est
501 1298 533 1328 iu
553 1298 635 1328 Mss.
653 1296 786 1327 Duker.
805 1294 950 1325 Dorvill.

247 1353 285 1379 et
301 1348 396 1380 Leid.
413 1358 480 1379 see.
539 1348 583 1379 At
601 1348 633 1379 in
651 1347 737 1378 Edd.
764 1347 859 1377 Rom.
878 1345 952 1380 Me-

247 1398 330 1429 diol.
358 1403 394 1429 et
417 1399 505 1429 Ven.
529 1398 673 1428 habetur
700 1396 797 1426 nostri
823 1404 889 1425 cum
913 1404 952 1425 ex

243 1448 356 1488 primis
368 1448 520 1488 proximis
534 1456 635 1487 consp.
697 1446 738 1476 In
756 1443 953 1476 Florentina

249 1502 330 1528 'vero
354 1497 452 1527 nostri
480 1496 634 1536 proximis
668 1505 708 1526 ex
740 1494 862 1534 primis,
887 1496 951 1524 Sec.

246 1545 337 1578 unde
375 1546 593 1578 scribendum
639 1545 786 1586 conjecit
823 1545 952 1575 Brutus

247 1597 347 1627 nostri
367 1597 505 1637 proximi
530 1605 568 1626 ex
592 1596 714 1636 primis.
773 1595 858 1625 Mihi
887 1604 952 1624 non

248 1647 387 1678 dubium
404 1651 467 1685 est,
481 1650 515 1676 et
531 1646 587 1675 alii
601 1650 637 1676 et
652 1644 752 1675 nostri
769 1654 842 1675 csse
857 1644 954 1675 Glos-

246 1702 399 1729 satorum
414 1706 422 1734 ;
461 1705 525 1727 nec
543 1697 659 1736 placet
676 1700 787 1726 tamen
801 1695 955 1734 proximis

246 1747 376 1788 primis:
418 1746 569 1787 quamvis
598 1746 709 1777 Mstos
733 1754 878 1785 sequens
906 1745 953 1775 ita

249 1796 474 1828 exhibuerim.
533 1795 584 1826 An
601 1795 737 1834 scripsit
754 1794 888 1824 Auctor
899 1794 954 1825 Iros

250 1849 325 1878 item
340 1858 378 1878 ex
390 1846 548 1887 proximis
566 1845 694 1876 navibus
706 1845 801 1884 primi
818 1845 870 1884 qui
885 1854 953 1874 con-

246 1895 448 1938 spexissent?
491 1896 546 1926 vei
582 1896 684 1926 etiam
719 1895 816 1935 primi
851 1904 952 1934 quum,

248 1957 349 1978 sensu
366 1946 485 1977 eodem
501 1957 507 1976 :
527 1945 585 1976 sed
601 1945 693 1985 prius
707 1945 829 1975 malim.
859 1944 954 1975 Grae-

249 2007 309 2028 cus
334 1996 544 2027 solummodo
568 1995 669 2026 habet
693 1995 720 2025 οἳ
737 1995 769 2025 ἐκ
783 1996 844 2024 τῶν
859 1993 954 2032 ἐγγὺς

250 2048 324 2078 νεῶν
353 2045 610 2081 κατανοήσαντες.
673 2045 740 2077 Qui
777 2045 954 2084 ejecerunt

248 2096 287 2127 τὸ
306 2097 428 2137 primis,
444 2101 559 2126 natum
576 2099 671 2125 certo
691 2094 912 2125 crediderunt
935 2103 952 2124 e

249 2149 345 2178 varia
361 2147 520 2177 lectione.
559 2145 614 2177 An
630 2145 776 2176 maximis
787 2142 801 2175 :2
819 2144 861 2175 de
877 2153 955 2184 qua-

251 2207 326 2228 rum
342 2207 460 2228 vocum
479 2197 664 2227 variatione
682 2196 735 2235 egi
753 2194 794 2225 ad
808 2204 839 2235 p.
859 2197 953 2225 1038.

250 2249 302 2280 Gi.
318 2249 432 2278 Bunn.
449 2248 489 2278 ad
502 2249 597 2279 Suet.
617 2246 737 2277 Claud.
755 2256 784 2276 c.
802 2248 852 2275 33.
887 2244 954 2275 Sed

250 2298 357 2338 magis
373 2297 510 2333 inclino,
535 2302 570 2326 ut
588 2306 684 2326 unam
702 2296 818 2326 haruin
836 2304 954 2325 vocum

251 2350 408 2381 Glossam
426 2358 592 2379 censeam.
637 2348 693 2378 Sic
720 2356 768 2377 vr.
788 2349 840 2378 25.
869 2347 953 2377 Mss.

249 2400 499 2433 nudisse.‹1disse.
536 2399 641 2429 Plura
659 2398 734 2428 vide
751 2397 792 2427 ad
810 2407 843 2437 p.
860 2399 954 2427 1063.

250 2450 436 2488 octingentis
451 2448 629 2487 octoginta:
653 2457 685 2488 p.
704 2450 796 2478 1075.
808 2448 953 2486 transjec-

250 2504 328 2539 tum,
344 2500 569 2530 transmissum.

292 2559 396 2582 xxvr.
426 2553 434 2580 l
476 2550 655 2589 Pugnatum
681 2551 725 2578 est
753 2549 791 2578 ‹11›
815 2549 954 2589 utrisque

248 2601 376 2640 acriter]
420 2599 496 2630 Hoc
524 2599 555 2629 in
580 2599 697 2639 proelio
713 2598 893 2630 fortissime
919 2609 954 2630 se

250 2650 365 2692 gessit,
392 2654 427 2681 et
455 2650 592 2690 egregia
615 2648 764 2680 facinora
791 2650 955 2690 pra-stitit

249 2702 299 2732 M.
330 2701 462 2739 Scaeva,
496 2701 538 2731 ob
575 2710 650 2741 quae
690 2701 954 2732 Centurionatus

247 2753 372 2783 honore
390 2751 484 2782 illum
506 2752 601 2782 auxit
617 2751 832 2792 1mperator3
858 2752 953 2793 cujus

249 2806 359 2831 tamen
386 2801 574 2842 benignitas
601 2801 738 2833 modum
767 2803 953 2834 excessisse

708 242 852 275 No'rAE
885 243 1109 274 VARIORU
1119 243 1150 272 M
1185 242 1235 273 IN

995 338 1075 371 mihi
1091 337 1225 379 quidem
1241 347 1307 369 nou
1323 337 1511 377 videretur,
1528 335 1554 368 si
1581 346 1622 369 ea
1642 337 1696 369 lit*-

996 389 1079 419 teris
1106 389 1348 429 consignasset.
1404 387 1592 418 Historiam
1614 387 1694 419 vide

997 440 1086 480 apud
1112 440 1187 470 Val.
1216 440 1400 470 Maximum
1424 447 1481 470 nr.
1505 441 1537 470 2.
1565 443 1601 470 et
1622 438 1694 471 Jul.

997 489 1130 520 Celsum
1147 490 1204 520 vit.
1219 491 1306 520 ἕως.
1324 500 1356 530 p.
1369 493 1420 521 75.
1465 489 1576 521 Dat-is.

1040 544 1059 570 8
1084 540 1122 570 In
1147 541 1282 580 aversos]
1327 541 1448 581 Vulgo,
1471 541 1505 570 in
1531 541 1696 572 universos.

997 589 1114 620 Codex
1156 590 1271 620 Ursini
1311 591 1426 630 habet,
1466 592 1499 622 in
1543 592 1698 622 adversos.

998 639 1098 670 Unde
1125 637 1207 669 felix
1235 640 1404 671 Ciacconii
1429 642 1641 682 conjectura,
1664 640 1698 671 in

997 698 1126 720 aversos
1163 690 1271 721 Clark.
1317 690 1351 720 Si
1374 691 1473 721 aversi
1495 696 1609 722 essent
1632 691 1698 722 Ro-

998 739 1099 777 mani,
1127 748 1192 770 non
1220 744 1352 771 tantum
1380 741 1502 781 pedem
1527 742 1698 780 retulisse,

999 789 1058 819 sed
1076 790 1220 830 turpiter
1233 795 1330 831 terga
1343 791 1476 822 dedisse
1489 790 1700 823 debuerunt:

1001 838 1088 879 quod
1104 839 1158 870 hic
1175 840 1240 870 loci
1255 839 1295 870 de
1310 840 1376 872 suis
1389 839 1554 872 militibus
1571 839 1700 871 fassum

999 888 1103 920 fuisse
1118 890 1287 921 Caesarem
1300 900 1367 922 uon
1383 897 1436 922 est
1451 891 1615 922 credibile
1630 902 1637 922 ι
1659 889 1702 922 εἷς

999 938 1178 977 σύμπαντας
1193 940 1295 971 etiam
1312 941 1466 971 Graecus.

1043 993 1063 1020 9
1084 991 1380 1032 Animadvertisset]
1412 992 1535 1023 Petav.
1550 991 1702 1023 advenis-

999 1043 1044 1071 set
1077 1041 1253 1081 eleganter
1276 1041 1425 1082 quidem,
1458 1042 1518 1072 sed
1549 1041 1702 1073 sollemni

1000 1090 1201 1123 variatione.
1253 1092 1340 1123 Vide
1364 1091 1408 1123 ad
1435 1091 1589 1123 Frontin.
1617 1100 1641 1123 1.
1668 1095 1701 1123 5.

999 1143 1085 1182 §16¹
1115 1151 1154 1173 ιι.
1171 1145 1186 1183 ξ
1201 1145 1234 1174 7.
1281 1142 1372 1174 Infra
1390 1152 1456 1174 vu.
1472 1146 1525 1175 45.
1552 1151 1634 1174 νιιι.
1651 1145 1702 1174 16.

1001 1198 1035 1223 et
1053 1192 1144 1224 alibi.
1189 1192 1236 1224 At
1250 1193 1358 1225 Codd.
1372 1193 1526 1224 Andiuus
1541 1198 1577 1225 et
1590 1193 1704 1224 Oxou.

1001 1252 1112 1273 rursus
1125 1243 1262 1274 animum
1274 1244 1457 1275 advertisset
1469 1256 1478 1274 :
1494 1249 1532 1275 ut
1546 1242 1705 1285 rescripsi

1001 1293 1104 1324 etiam
1120 1303 1194 1334 cap.
1213 1294 1436 1334 praecedenti.

1045 1346 1084 1374 12
1107 1343 1210 1374 Simul
1235 1345 1267 1375 in
1282 1345 1370 1376 arido
1386 1344 1605 1385 constiterunt]
1649 1345 1707 1376 Ita

1003 1393 1088 1424 Mss.
1107 1399 1142 1425 et
1156 1399 1290 1425 veteres
1305 1396 1475 1436 impressi:
1495 1395 1706 1426 recentiores

1003 1448 1115 1474 autem
1131 1444 1223 1475 simul
1237 1447 1330 1484 atque
1344 1446 1377 1475 in
1389 1445 1477 1476 arido
1489 1445 1705 1476 constiterunt.

1002 1493 1068 1524 Sed
1086 1503 1105 1524 a
1122 1493 1228 1524 Codd.
1249 1504 1427 1535 perperam
1444 1495 1572 1525 abiere.
1616 1492 1708 1524 Auc-

1004 1549 1058 1574 tor
1075 1544 1116 1575 (le
1136 1545 1225 1575 Bell.
1252 1545 1351 1585 Hisp.
1380 1555 1410 1576 c.
1435 1548 1485 1576 36.
1509 1547 1517 1561 ‘
1534 1544 1587 1575 Ad
1607 1553 1707 1585 quem

1002 1595 1094 1625 simul
1120 1595 1262 1626 nuncius
1284 1596 1405 1626 allatus
1434 1599 1500 1634 est,
1525 1593 1708 1625 confestim

1002 1645 1096 1685 sequi
1120 1645 1247 1685 coepit.’
1311 1645 1450 1676 Curtius
1490 1654 1544 1676 ιιι.
1584 1648 1636 1676 11.
1674 1648 1706 1676 4.

1003 1696 1012 1711 ‘
1030 1695 1248 1726 Tela—simul
1259 1699 1359 1726 erant
1375 1695 1507 1735 emissa,
1520 1695 1553 1725 in
1570 1693 1707 1725 eosdem

1003 1746 1241 1776 concurrentia
1268 1744 1556 1786 implicabantur!
1620 1744 1708 1778 Vide

1003 1799 1037 1825 et
1061 1795 1213 1834 ejusdem
1239 1804 1286 1825 vr.
1304 1797 1334 1826 3.
1362 1798 1393 1826 9.
1441 1795 1554 1826 Dat-is.
1607 1794 1708 1826 Simul

1003 1845 1033 1874 in
1051 1845 1138 1875 arido
1154 1845 1366 1875 constiterunt.
1426 1844 1482 1875 Ita
1509 1845 1637 1885 optime
1665 1854 1710 1876 ex

1004 1895 1089 1925 Mss.
1117 1900 1152 1924 et
1180 1894 1289 1926 Editt.
1318 1895 1415 1926 Vett.
1433 1895 1586 1926 restituit
1604 1895 1708 1926 Davi-

1003 1945 1084 1975 sius.
1139 1945 1292 1985 Scaliger
1328 1950 1364 1976 et
1400 1945 1633 1984 Recentiores,
1665 1955 1709 1976 ex

1004 1994 1234 2026 Librarioruni
1252 1995 1484 2035 imperitorum
1501 1995 1709 2027 emendatio·

1004 2054 1057 2083 ne,
1079 2045 1170 2075 simul
1199 2050 1302 2086 atque
1329 2046 1360 2075 in
1386 2047 1473 2076 arido
1494 2047 1709 2080 constiterunt.

1006 2096 1115 2126 Clurlr.
1168 2095 1270 2135 Atque
1285 2101 1460 2136 comparet
1478 2097 1550 2136 jam
1567 2097 1600 2127 in
1619 2096 1708 2128 Edd.

1003 2145 1090 2176 Ven.
1123 2148 1216 2176 1517.
1243 2144 1336 2184 Aldi,
1364 2146 1528 2186 Plautini,
1554 2146 1709 2187 aliisque,

1004 2204 1193 2235 perperam.
1239 2195 1281 2225 B.
1305 2195 1378 2227 Civ.
1405 2204 1429 2226 1.
1446 2199 1498 2226 30.
1523 2197 1532 2212 ‘
1551 2196 1649 2227 simul
1666 2195 1710 2227 acl

1005 2256 1041 2277 se
1072 2245 1162 2277 mitti
1193 2246 1397 2278 audierunt.'
1455 2247 1550 2278 Male
1580 2247 1709 2278 Brutus

1005 2298 1014 2314 ‘
1034 2296 1133 2327 simul
1158 2296 1282 2338 atque.’
1340 2297 1466 2328 Eadem
1494 2298 1643 2329 varietas
1667 2297 1710 2329 B.

1005 2347 1076 2378 Civ.
1093 2356 1148 2377 ιιι.
1163 2349 1215 2378 26.
1263 2348 1303 2378 Β.
1331 2346 1438 2378 Afric.
1463 2357 1494 2378 c.
1511 2350 1563 2378 35.
1586 2348 1595 2364 ‘
1611 2346 1709 2378 simul

1005 2397 1047 2428 ad
1083 2407 1159 2428 eum
1187 2402 1264 2428 sunt
1301 2397 1464 2428 adducti!
1526 2396 1591 2427 Adi
1617 2396 1708 2427 viros

1005 2447 1161 2479 laudatos
1177 2449 1220 2479 ab
1238 2448 1344 2479 Erud.
1361 2447 1548 2480 Arntzenio
1573 2446 1615 2477 ad
1639 2446 1709 2477 Au-

1006 2500 1067 2530 rel.
1086 2499 1180 2530 Vict.
1203 2499 1296 2539 Epit.
1325 2509 1355 2530 c.
1373 2501 1424 2530 10.
1447 2500 1456 2515 ‘
1474 2497 1579 2528 Simul
1604 2498 1710 2538 impe·

1005 2550 1090 2580 rium
1118 2549 1277 2589 accepit,’
1312 2554 1348 2579 et
1374 2558 1449 2589 quae
1480 2552 1642 2578 notantur
1666 2546 1709 2577 ad

1006 2600 1158 2632 Frontin.
1187 2609 1226 2631 11.
1255 2603 1286 2630 3.
1311 2601 1328 2639 ξ
1355 2602 1405 2630 14.
1428 2600 1436 2614 ⁴
1454 2598 1557 2629 Simul
1587 2597 1628 2628 ad
1655 2606 1711 2638 pe-

1006 2652 1093 2683 dites
1109 2655 1244 2682 ventum
1263 2649 1376 2681 esset)
1424 2649 1512 2679 Hinc
1530 2647 1711 2679 emendan-

1006 2702 1068 2733 dus
1099 2710 1232 2742 quoque
1265 2700 1366 2740 Apul.
1393 2699 1533 2730 Metam.
1566 2699 1589 2728 l.
1607 2707 1648 2730 ιι.
1672 2707 1707 2739 p.

1005 2755 1059 2783 23.
1075 2752 1136 2783 Ed.
1151 2751 1241 2782 Pric.
1260 2752 1268 2768 ‘
1285 2751 1372 2782 Nam
1390 2750 1487 2780 simul
1504 2758 1708 2790 quemquam

1005 2801 1245 2843 conspexerit!
1289 2801 1345 2832 Sic
1362 2800 1451 2831 euim
1471 2800 1552 2831 Mes.
1569 2803 1605 2831 ct
1619 2797 1705 2831 Edd.
