1818 3131
358 243 450 272 [AB.
485 243 516 271 Ι.
549 242 655 271 ΟΑΡ.
686 231 729 271 6
762 242 824 271 DF.
861 243 1013 272 isi-:bno
1046 243 1217 272 Clvlm.

76 333 191 374 Atque
207 332 291 363 adeo
309 342 369 374 pro
389 333 452 364 liae
478 331 647 364 sententia
667 330 772 361 addu-

75 393 155 415 cere
172 394 305 425 quoque
328 384 430 414 liceat
445 393 495 419 ea,
518 391 593 424 quae
621 381 771 423 subjicit.

77 436 87 451 ⁴
101 433 158 464 die
174 434 319 473 septimo
337 433 379 463 de
407 433 515 463 salute
537 441 594 462 sua
620 432 771 471 cogitare

74 483 261 522 coguntur!
293 483 377 513 Nam
394 491 445 512 vu
462 481 512 512 ld.
526 481 667 513 Januar.
681 481 771 512 idem

72 539 125 563 est
155 534 317 573 septimus
344 532 466 562 mensis
490 531 571 563 dies.
617 531 771 562 Priorem

74 588 187 614 tamen
205 583 397 622 opinionem
410 591 474 612 non
487 581 617 612 damno.
638 581 770 613 Vossius.

72 635 184 665 Quuun
201 632 233 662 in
261 633 395 663 Carrar.
413 632 507 662 Voss.
523 637 558 662 et
588 631 682 662 Leid.
701 640 769 662 sec.

69 682 112 712 sit
140 690 224 720 vul,
249 691 325 712 eum
351 691 526 712 numerum
556 682 669 721 recepi
695 691 770 712 cum

71 732 229 763 Cellario.
277 733 351 762 111²oe
362 732 532 762 Januarias
547 732 646 771 plene
666 731 772 771 scrip-

69 782 96 812 si
124 791 142 812 e
165 782 284 813 Petav.
314 787 349 812 et
375 781 468 812 Leid.
497 791 564 812 sec.
609 780 770 812 Ceterum

70 833 159 864 haud
190 833 401 873 ineleganter
428 833 460 863 in
485 832 685 863 Lovaniensi
713 841 769 862 ex-

70 888 184 914 aratur
197 884 293 923 iisque
316 883 345 914 V
370 882 482 923 primis
507 881 625 913 diebus.
681 881 770 912 Vide

70 933 111 963 ad
135 934 176 964 Β.
194 934 236 965 G.
263 943 296 964 v.
313 937 364 964 25.
381 937 416 964 et
445 933 546 963 Viros
577 932 697 963 doctos
726 931 769 962 ad

71 982 208 1013 Phaedr.
248 983 330 1014 Fab.
351 992 376 1014 1.
406 986 434 1014 l.
473 983 482 999 ‘
501 981 594 1013 Ante
620 982 679 1012 lios
710 991 770 1013 sex

71 1031 222 1063 menses?

113 1085 154 1114 16
178 1083 319 1122 Excepto
334 1082 500 1122 comitiali]
536 1081 598 1111 Vir
625 1081 768 1113 eximius

68 1131 102 1163 J.
127 1132 183 1162 Fr.
213 1131 407 1162 Gronovius
436 1131 478 1161 ad
512 1131 652 1161 Senecae
686 1131 768 1161 Nat.

69 1183 201 1215 Quaest.
213 1182 236 1212 l.
252 1190 308 1213 ιιι.
325 1181 430 1212 Praef.
448 1181 581 1221 reponit
599 1181 689 1211 biduo
711 1190 767 1211 ex-

67 1236 184 1272 empto
211 1231 384 1268 comitiali;
422 1240 485 1262 nec
510 1230 660 1268 dubium,
688 1230 768 1271 quin

68 1282 117 1312 ita
136 1282 229 1322 loqui
253 1281 421 1321 potuisset
447 1281 562 1311 Caesar.
608 1281 692 1312 Cum
720 1285 769 1311 ta-

67 1341 145 1362 men
173 1337 314 1372 recepta
343 1331 445 1361 lectio
480 1331 610 1361 cunctis
640 1331 770 1361 nitatur

68 1382 184 1422 Mstis,
219 1391 285 1413 non
312 1381 470 1422 equidem
499 1381 612 1419 video,
639 1390 700 1411 cur
725 1380 770 1411 sit

69 1432 289 1473 repudianda.
313 1431 424 1462 Dam's.
440 1439 510 1461 cur.
532 1439 603 1461 sec.
635 1430 770 1460 Exemto

68 1481 272 1522 exemplaris
317 1480 366 1512 sui
399 1479 542 1520 margini
586 1479 769 1520 adscripsit

68 1539 205 1573 quoque
220 1530 364 1571 Lipsius.
419 1529 566 1569 Proprie
581 1529 716 1570 quidem
732 1533 769 1560 et

68 1583 257 1622 eleganter.
302 1580 369 1611 Sed
384 1580 557 1620 vulgarem
585 1580 767 1610 lectionem

67 1637 208 1664 servant
224 1632 307 1663 Mss.
324 1639 440 1662 omnes
455 1641 462 1661 ε
482 1630 632 1671 quamvis
653 1628 766 1661 facilis

67 1684 183 1723 lapsus
201 1692 245 1714 ex
261 1684 378 1721 exipto.

109 1735 149 1764 21
174 1733 240 1764 Res
254 1733 293 1763 ad
307 1731 405 1762 otium
420 1731 529 1762 deduci
540 1729 658 1771 posset]
702 1730 768 1760 Pa-

67 1792 141 1814 cem
168 1786 204 1814 et
231 1782 526 1823 tranquillitatem.
572 1780 627 1811 Sic
651 1780 690 1810 B.
721 1779 766 1811 G.

68 1841 132 1863 vu.
148 1835 203 1863 66.
219 1832 229 1848 ‘
245 1830 301 1862 Ad
324 1831 445 1872 reliqui
469 1829 630 1870 temporis
647 1837 765 1869 pacem

68 1886 172 1922 atque
186 1881 282 1912 otium
296 1880 441 1922 profici!
471 1881 523 1911 Ac
539 1881 580 1911 B.
599 1881 638 1912 C.
656 1888 697 1910 11.
712 1882 765 1910 36.

66 1933 75 1949 ⁴
93 1933 177 1964 Erat
204 1933 237 1963 in
267 1932 392 1973 oppido
413 1931 594 1963 multitudo
619 1931 766 1962 insolens

67 1983 163 2023 belli,
201 1983 428 2014 diuturnitate
462 1982 542 2014 otii)
607 1982 696 2012 Vide
731 1985 767 2012 et

66 2034 271 2075 scriptorem
281 2033 323 2065 de
333 2034 420 2064 Bell.
432 2033 533 2074 Hisp.
545 2042 574 2064 c.
585 2035 638 2063 42.
654 2033 766 2063 Daris.

111 2093 162 2115 vr.
184 2087 203 2115 7
227 2101 313 2107 ——
329 2085 380 2115 De
404 2084 534 2123 reliquis
561 2082 604 2122 r.]
643 2082 766 2112 Multae

67 2135 155 2166 Edd.
173 2135 208 2166 in
233 2134 353 2176 quibus
376 2134 494 2175 Steph.
519 2133 612 2172 Aldi,
634 2132 766 2172 Gryph.

67 2185 184 2216 Plant.
212 2185 320 2215 statim
332 2185 368 2215 de
383 2194 412 2215 r.
435 2184 469 2214 in
485 2184 586 2214 Vasc.
601 2186 766 2223 sequantur

67 2237 186 2267 sallem.
203 2237 250 2266 de.
267 2235 355 2276 quod
379 2234 556 2274 displicuit
581 2233 766 2264 Hotoman-

67 2295 122 2326 no,
137 2285 194 2326 qui
216 2294 234 2315 e
251 2285 315 2316 Ms.
332 2285 508 2324 expunxit.
555 2283 681 2313 Verum
709 2292 765 2322 op-

66 2335 140 2366 timi
171 2336 291 2366 Petav.
323 2335 440 2375 Cujac.
466 2333 554 2365 Scal.
581 2332 677 2363 Leid.
711 2342 762 2373 pr.

67 2387 228 2418 exhibent
244 2387 351 2417 saltem
374 2387 410 2416 de
424 2386 479 2416 rel.
495 2383 602 2414 rebus.-
617 2384 651 2414 in
666 2383 763 2414 Voss,

66 2436 209 2468 ridicule
237 2436 539 2467 senatusconsultum.
597 2434 701 2467 Quasi
716 2432 764 2464 di-

69 2492 136 2527 cat,
154 2487 313 2527 Quidquid
327 2486 381 2525 sit,
397 2487 505 2517 saltem
534 2486 581 2516 de.
627 2485 691 2515 Vel
709 2494 764 2523 au,

67 2542 105 2568 ut
132 2537 354 2568 Grammatici
371 2536 508 2577 quidam
532 2535 661 2573 volunt,
684 2534 764 2565 scri-

65 2587 210 2618 bendum
231 2587 337 2618 saltim
365 2587 386 2617 i.
415 2585 599 2624 saltuatim,
624 2582 765 2624 raptim?

67 2637 155 2668 Vide
187 2638 300 2669 Vorst.
327 2637 369 2669 de
397 2637 510 2668 Latin.
533 2645 626 2675 susp.
653 2645 683 2666 c.
713 2637 764 2665 18.

68 2687 286 2719 Auctoritate
299 2688 500 2728 optimorum
514 2687 681 2717 Mstorum
698 2694 766 2715 mo-

69 2744 123 2771 tus
139 2739 254 2770 addidi
276 2740 396 2770 saltem.
442 2740 495 2770 Ex
518 2737 637 2769 iisdem
664 2735 765 2767 Codi-

69 2789 176 2830 cibus,
203 2789 342 2822 Schedis
363 2790 474 2822 Pulm.
505 2794 541 2820 et
563 2789 658 2820 Voss.
677 2788 766 2828 ejeci

1411 234 1520 275 1341

825 336 870 370 ue,
885 343 922 363 ac
935 336 1074 374 dilectus,
1087 340 1123 366 ut
1140 336 1276 376 passim,
1292 337 1437 376 reposui.

868 389 886 412 u
914 384 1110 425 nabeantur]
1154 386 1371 416 Recentiores
1409 385 1523 418 edide-

826 437 915 470 runt,
941 433 1099 465 liniuntur.
1150 435 1216 464 Sed
1245 445 1286 465 ex
1320 435 1411 466 Edit.
1442 436 1522 468 Vct.

826 482 920 512 Rom.
947 484 1089 520 restitui,
1118 484 1297 515 habeantur.
1351 486 1407 515 Sic
1433 487 1522 517 enim

825 532 904 562 alibi
933 542 1024 572 saepe
1063 534 1210 574 loquitur
1236 536 1358 566 Car-sar.
1414 537 1524 577 Supra

825 592 853 612 c.
884 585 912 612 1.
943 583 952 598 ‘
971 582 1123 613 delectus
1156 589 1228 614 tota
1267 585 1363 615 Italia
1393 585 1524 616 habiti!

825 631 932 671 Infra,
947 632 1010 663 hoc
1027 642 1102 673 cap.
1120 635 1128 650 ‘
1141 634 1225 663 Tota
1249 635 1347 664 Italia
1371 636 1524 667 delectus

824 682 1013 713 habentur)
1036 685 1108 713 αἱ).
1127 684 1135 699 ‘
1150 683 1240 713 Tota
1258 684 1523 716 ltaliadvlectus

824 732 964 763 haberi.'
974 743 1003 763 c.
1020 736 1070 764 10.
1090 735 1099 750 ‘
1114 733 1191 763 Non
1217 733 1464 764 intermissuros
1481 753 1522 758 —

823 783 997 815 delectus)
1032 794 1062 814 c.
1090 786 1140 815 11.
1166 785 1175 800 ‘
1195 783 1345 814 delectus
1375 784 1522 815 babere!

822 841 852 864 c.
868 835 918 863 14.
932 835 941 850 ⁴
953 834 1121 864 Deiectus
1229 834 1523 865 intermittuntur)

822 893 852 914 c.
871 888 900 915 1.
917 884 926 901 ‘
943 883 1098 915 delectus
1114 884 1283 915 habebat!
1307 885 1415 915 Clark.
1455 885 1523 915 Ηα-

822 933 952 963 beantur
977 934 1134 964 revocavi
1156 933 1269 964 eMss.
1287 934 1414 965 Lovan.
1434 935 1522 966 Dor-

821 983 893 1013 vill.
909 989 941 1014 et
960 983 1047 1014 Edd.
1065 983 1190 1024 primis.
1235 984 1401 1027 Habentur
1417 995 1521 1026 marg.

822 1032 935 1063 Plant.
949 1033 1079 1063 habetur
1099 1033 1195 1063 Leid.
1210 1027 1265 1073 pr:
1279 1044 1298 1064 a
1314 1044 1357 1065 m.
1376 1044 1425 1074 pr.
1442 1035 1523 1065 Sex-

820 1083 948 1113 centies
960 1083 1072 1114 Caesar
1095 1083 1224 1113 dilectus
1240 1084 1271 1113 in
1290 1084 1410 1124 plurali
1429 1094 1522 1116 usur·

822 1138 893 1173 pat.

862 1186 882 1213 9
906 1182 993 1223 Sylla
1003 1187 1150 1224 propraet.
1165 1185 1198 1214 in
1212 1185 1459 1226 Mauritaniam]
1475 1184 1518 1216 In

819 1243 851 1264 v.
881 1242 910 1264 c.
948 1233 1046 1263 Mstis
1078 1233 1195 1273 Cujac.
1226 1234 1392 1274 Bongars.
1443 1235 1518 1265 Pal.

820 1287 893 1314 erat
906 1293 1046 1323 propere,
1069 1289 1243 1324 corrupte,
1259 1289 1295 1315 ut
1320 1284 1392 1315 aliis
1418 1285 1521 1315 etiam

819 1333 903 1363 locis
922 1343 1051 1373 propere
1067 1334 1230 1373 scriptum
1255 1339 1342 1373 erat,
1370 1335 1427 1365 ubi
1449 1344 1521 1365 esse

821 1388 1019 1422 oportuerat
1043 1387 1192 1423 proproet.
1251 1383 1353 1424 Apud
1384 1385 1521 1416 Cicero-

821 1443 896 1463 nem
925 1433 1025 1473 epist.
1052 1433 1093 1464 ad
1118 1433 1215 1464 Attic
1247 1442 1300 1465 lx.
1330 1438 1359 1465 1.
1395 1435 1521 1475 legitur

821 1483 830 1499 ‘
846 1483 991 1513 Faustus
1008 1483 1202 1524 proquaest.'
1235 1484 1303 1514 Sed
1322 1484 1353 1514 in
1371 1485 1522 1515 Bessari-

820 1533 893 1563 onis
921 1533 1051 1572 codice,
1075 1538 1113 1564 ut
1143 1533 1318 1564 Manutius
1342 1535 1402 1572 air,
1445 1540 1520 1565 erat

817 1593 923 1623 prope,
963 1583 1080 1614 eodem
1111 1583 1211 1614 modo
1247 1588 1445 1624 corruptum
1477 1593 1519 1615 ex

815 1636 964 1674 propr-cet.
1004 1643 1108 1674 quare
1149 1638 1185 1664 et
1215 1633 1265 1664 ita
1293 1633 1402 1664 scribe
1430 1634 1520 1674 apud

821 1684 1031 1715 Ciceronem.
1076 1683 1143 1714 Sed
1171 1693 1246 1714 cum
1270 1683 1356 1714 infra
1373 1684 1519 1723 dicatur,

819 1735 856 1764 tle
874 1734 992 1765 Fausto
1008 1733 1137 1773 impedit
1165 1733 1330 1774 Philippus
1362 1733 1445 1764 Trib.
1475 1734 1519 1774 pl.

819 1784 1002 1814 videndum
1041 1783 1206 1824 quomodo
1248 1784 1460 1814 nihilominus
1501 1794 1519 1815 a

820 1834 985 1865 Cicerone
1004 1837 1152 1873 proproet.
1170 1834 1315 1864 dicatur.
1361 1833 1521 1866 Arbitror

819 1884 1052 1914 intercessisse
1083 1883 1266 1922 tribunum,
1289 1885 1377 1924 quod
1407 1884 1520 1915 Caesar

819 1934 881 1973 ait,
897 1933 956 1964 sed
971 1933 1050 1963 niliil
1065 1933 1197 1964 interea
1213 1932 1378 1965 effecisse.
1425 1934 1519 1965 Alio-

820 1978 961 2025 quinon
984 1988 1121 2024 poterat
1145 1992 1220 2014 eum
1241 1984 1372 2015 Tullius
1399 1984 1519 2015 eodem

819 2034 954 2064 nomine
971 2033 1156 2074 appellare.
1214 2033 1282 2064 Sed
1298 2034 1381 2064 illud
1398 2034 1431 2064 in
1446 2035 1519 2065 Cae-

819 2092 894 2114 sare
911 2083 1122 2122 adversatur,
1148 2083 1236 2123 quod
1254 2082 1370 2114 subdit
1390 2083 1427 2114 de
1449 2083 1518 2113 reli-

819 2133 886 2173 quis
920 2133 1009 2168 rebus
1035 2133 1100 2164 SC.
1125 2133 1370 2173 perscribuntur.
1427 2134 1517 2165 Nam

820 2193 879 2214 cur
896 2192 961 2214 non
978 2183 1021 2214 de
1044 2183 1168 2214 Fausto
1196 2192 1328 2224 quoque
1352 2183 1517 2224 scriptum

816 2234 880 2265 SC.
907 2233 1040 2265 scilicet
1065 2234 1142 2275 quia
1169 2234 1305 2265 irritum
1329 2232 1394 2265 fuit
1414 2234 1517 2265 inter-

819 2283 970 2315 cessione
988 2283 1154 2315 Tribuni:
1179 2289 1238 2315 aut
1267 2284 1324 2314 diu
1355 2285 1516 2315 Faustum

816 2335 1000 2366 obtinuisse
1022 2335 1274 2374 Mauritaniam,
1287 2334 1345 2365 sed
1362 2334 1426 2365 SC.
1451 2343 1517 2365 nou

815 2385 1042 2426 perscriptum
1064 2395 1148 2425 esse,
1171 2385 1248 2426 quia
1270 2385 1442 2415 Tribunus
1469 2385 1518 2416 in-

816 2440 1039 2467 tercesserat:
1063 2440 1157 2467 certe
1173 2445 1239 2466 non
1262 2435 1396 2466 invenio
1414 2445 1517 2477 quen-

817 2487 963 2527 quamin
986 2487 1097 2526 Pigio,
1122 2486 1179 2527 qui
1196 2495 1258 2526 pro
1282 2490 1431 2526 praetore
1458 2485 1515 2516 ad-

820 2536 1021 2567 ministrarit
1045 2535 1306 2566 Mauritaniam:
1343 2534 1432 2565 uude
1471 2534 1514 2565 de

818 2586 914 2626 Sylla
927 2595 1042 2616 verum
1065 2595 1138 2616 esse
1161 2585 1326 2626 suspicor.
1371 2584 1437 2615 Sed
1451 2590 1517 2615 ter-

818 2636 900 2666 tium
911 2636 982 2676 jam
995 2636 1175 2667 succurrit.
1220 2635 1385 2667 Nimirum
1403 2634 1515 2674 potuit

818 2686 909 2725 Sylla
933 2695 994 2726 pro
1017 2692 1186 2727 quaestore
1210 2686 1327 2716 missus
1349 2683 1448 2714 fuisse
1480 2684 1513 2714 iu

818 2735 1071 2775 Mauritaniam,
1108 2745 1183 2776 quae
1221 2734 1368 2773 dignitas
1404 2735 1514 2764 minor

949 2787 1038 2818 Nam
1065 2797 1140 2818 eum
1157 2785 1290 2827 publico
1318 2785 1350 2816 in
1374 2794 1511 2816 munere

817 2791 881 2818 est.
