1818 3131
317 187 412 219 Llll.
447 189 552 218 x·111.
582 186 690 216 CAP.
720 176 790 217 41.
823 188 885 217 DE
921 188 1074 217 BELLO
1107 187 1334 218 GALLICO.

96 281 215 315 Piant.
270 281 369 314 Unde
408 290 524 322 parum
563 278 675 316 abest,
715 279 795 318 quin

97 337 256 370 statuam,
271 332 327 362 illa
343 341 413 362 esse
431 330 579 370 repetita
604 337 665 368 pro
694 327 795 357 inter-

98 383 288 423 pretatione
325 390 343 411 e
389 378 628 419 superioribus,
670 377 796 416 inepte.

98 433 195 473 Ejeci
211 433 331 462 saltem
346 438 476 469 aggeres
492 428 546 458 vel
559 429 670 462 m-ates,
693 431 728 456 et
758 425 796 455 ab

96 482 194 513 tineis
217 480 365 517 exhibui,
393 488 469 510 cum
494 478 624 508 soleant
648 485 738 516 saepe
763 476 797 506 li-

97 532 199 562 brarii
213 532 254 561 ad
269 534 397 560 mutare
410 528 443 558 in
456 527 505 558 ab.
551 526 641 557 Hinc
657 524 798 557 confusa

94 581 133 612 ab
146 580 247 611 labore
270 584 304 609 et
328 579 366 609 ad
390 577 533 609 laborem.
578 577 666 607 vide
692 576 735 606 ad
762 585 796 608 v.

95 633 127 662 9.
150 631 158 647 ‘
171 629 214 661 ad
229 628 442 660 sententiam’
460 632 496 658 et
518 628 527 644 ‘
542 627 584 657 ab
602 626 795 657 sententia.'

94 679 138 712 V.
155 679 197 712 ad
214 689 278 710 vn.
295 682 348 710 78.
366 679 406 708 Β.
428 678 467 709 C.
492 687 516 708 1.
544 681 596 708 18.
621 686 661 708 ιι.
687 679 715 707 l.
743 679 795 707 39.

94 734 132 761 et
146 729 303 761 similiter
319 728 438 759 crebro
454 738 514 768 pro
529 728 567 758 ab
590 728 624 758 in
641 727 727 758 Mss.
745 730 798 757 est

93 781 146 812 ad.
190 780 332 811 Orosius
346 780 395 810 ait
420 779 501 810 ‘snb
525 778 669 809 obtentu
697 786 797 816 agge-

94 830 140 862 τῖε
159 832 224 862 tuti
240 830 414 861 cuniculos
431 827 692 870 perfodiebant!

139 883 178 911 ll
203 881 253 911 Ad
269 883 358 920 caput
367 878 483 918 sontis]
506 879 681 919 Originem
693 882 797 918 atque

94 929 240 969 initium,
264 935 300 960 ut
321 939 411 970 saepe
428 930 522 960 alias.
568 928 655 960 Vide
670 928 796 960 Laevin.

94 979 314 1010 Tou-rentium
338 979 379 1010 ad
398 979 534 1010 Horatii
559 977 626 1009 Od.
655 987 681 1009 1.
698 982 728 1009 1.
743 980 797 1009 22.

95 1029 144 1060 At
167 1028 281 1060 Caesar
307 1029 348 1059 Β.
382 1028 425 1061 G.
451 1037 500 1059 iv.
529 1031 580 1059 10.
606 1028 648 1059 de
678 1029 797 1059 Rheno

94 1079 155 1118 ait,
175 1078 185 1095 ‘
200 1078 384 1118 multisque
398 1078 551 1118 capitibus
565 1078 599 1108 in
620 1078 797 1109 Oceanum

95 1127 208 1161 influit
220 1127 242 1167 ς’
267 1128 325 1159 ubi
342 1128 451 1169 liquet
467 1127 620 1168 capitibus
639 1127 726 1158 ostia
740 1127 798 1158 de-

95 1178 230 1210 notari:
255 1182 425 1218 negarunt
441 1182 555 1208 autem
578 1177 797 1217 interpretes,

94 1230 159 1262 hoc
175 1229 377 1261 vocabulum
397 1237 438 1259 ea
453 1228 590 1259 notione
607 1227 689 1258 alibi
705 1237 798 1258 usur·

95 1284 227 1322 patum,
253 1289 316 1310 nec
344 1279 520 1320 quisquam
549 1277 686 1309 dubitet
708 1278 800 1308 illam

95 1329 193 1361 vocis
230 1333 436 1369 potestatem
475 1337 549 1359 esse
585 1327 799 1358 rarissimam.

98 1380 149 1411 Cl.
178 1385 292 1410 tamen
324 1377 550 1409 Mamertinus
578 1377 663 1407 Pan.
687 1385 729 1407 ιι.
748 1379 798 1408 16.

96 1432 130 1461 4.
146 1429 266 1461 eodem
278 1437 377 1459 sensu
390 1426 557 1458 adhibuit.
581 1428 589 1443 ‘
604 1425 700 1457 Citra
716 1426 800 1456 Mae-

97 1480 205 1519 otim,’
238 1479 361 1520 inquit,
386 1477 470 1509 ‘sub
495 1481 651 1508 extrema
664 1480 800 1516 septen-

97 1531 218 1563 trionis
235 1531 347 1570 plaga,
361 1539 428 1570 qua
442 1528 609 1559 fervidum
625 1529 715 1567 caput
732 1527 801 1558 Da·

96 1580 220 1612 nubius
243 1578 393 1610 evolvit!
438 1577 505 1610 Qui
523 1586 589 1608 non
606 1581 685 1607 sunt
707 1585 801 1616 pror-

99 1641 154 1663 sus
169 1629 418 1670 ἆγεωγράφτπυι,
441 1629 547 1669 probe
574 1632 698 1658 norunt
717 1626 801 1657 Mae-

98 1683 181 1714 otim
212 1691 279 1713 non
305 1680 407 1719 fonti,
437 1679 497 1710 sed
529 1678 622 1709 ostiis
651 1677 802 1708 Danubii

100 1741 173 1764 esse
188 1731 424 1772 propinquam.
455 1727 567 1760 Dat-is.

144 1785 184 1813 12
217 1780 411 1821 Suspicione]
448 1779 548 1810 Voss.
581 1787 632 1818 pr.
665 1781 702 1808 et
733 1786 802 1808 sec.

99 1831 299 1872 susceptione.
357 1830 483 1860 Forsan
517 1837 577 1868 pro
599 1828 801 1867 suspectione.

100 1881 188 1913 Vide
204 1881 247 1912 ad
262 1889 315 1910 vr.
333 1882 364 1910 7.

143 1934 183 1963 13
207 1933 246 1964 In
276 1929 475 1962 altitudinem
498 1929 613 1969 pedum
639 1927 719 1968 Lx]
745 1926 802 1958 Sic

100 1991 144 2014 ex
155 1981 270 2014 Orosii
286 1981 310 2012 l.
327 1989 376 2011 vr.
394 1978 588 2010 emendavit
603 1977 682 2008 Pet.
708 1975 802 2007 Ciacf

100 2033 230 2073 conius,
244 2041 343 2073 quem
360 2032 393 2062 in
418 2040 479 2062 sua
494 2029 644 2061 editione
667 2031 803 2059 secutus

101 2086 155 2115 est
171 2082 243 2115 Jos.
258 2081 424 2121 Scaliger,
439 2090 516 2111 cum
533 2089 551 2110 e
577 2079 663 2109 Mss.
688 2082 724 2108 et
747 2086 803 2108 an-

101 2132 206 2174 tiquis
230 2131 319 2162 cusis
351 2130 409 2161 alii
437 2129 588 2160 habeant
607 2129 721 2169 pedum
750 2136 803 2158 1x.

102 2182 160 2213 alii
187 2182 300 2222 pedum
321 2188 373 2210 vr.
410 2179 523 2210 Datis.
567 2186 625 2208 Lx.
648 2177 704 2208 Sic
731 2176 803 2218 qui-

103 2231 181 2263 dem
195 2231 231 2262 in
243 2230 431 2261 Petaviano
447 2227 572 2259 Codice
588 2231 724 2259 exstare
737 2236 804 2257 mo-

101 2285 163 2312 net
185 2280 363 2312 Gruterus.
409 2279 535 2308 Verum
563 2277 619 2308 vix
633 2277 715 2307 mihi
731 2286 804 2308 cre-

103 2330 222 2370 dibile,
239 2339 397 2369 aggei-em
413 2327 533 2359 fecisse
548 2326 672 2367 pedum
694 2335 753 2357 Lx.
769 2330 805 2357 et

101 2379 138 2412 in
153 2390 194 2413 eo
207 2380 346 2420 insuper
364 2378 481 2410 turrim
501 2377 705 2408 collocatam
717 2386 803 2407 esse.

103 2430 230 2463 Audin.
258 2435 294 2461 et
324 2430 437 2461 Oxon.
469 2438 545 2459 cum
574 2427 662 2459 Edd.
701 2428 802 2458 Vasc.

103 2481 190 2513 Ven.
219 2481 295 2512 Bas.
325 2479 418 2518 Aldi,
446 2478 578 2518 Gryph.
610 2478 744 2508 Manut.
768 2482 805 2509 et

105 2531 256 2562 Plautini
272 2530 355 2561 dant
382 2538 433 2560 ix.
479 2529 519 2560 In
548 2529 687 2569 reliquis
718 2528 803 2559 Mss.

105 2586 143 2612 et
155 2581 242 2612 Edd.
260 2589 309 2611 vt.
358 2580 503 2611 Rectum
520 2579 655 2609 omnino
680 2584 733 2610 cst
749 2588 803 2610 lx.

107 2630 206 2662 Quod
236 2636 330 2670 patet
355 2640 398 2661 ex
423 2633 496 2670 ipso
523 2630 644 2661 orosio
674 2639 722 2659 vr.
754 2633 803 2660 11.

105 2679 325 2711 ‘Exstruitur
355 2690 460 2721 agger
486 2686 521 2712 et
552 2681 652 2711 turris
681 2680 805 2720 pedum

106 2730 293 2770 sexaginta,
330 2731 426 2771 cujus
465 2735 587 2762 vertex
623 2730 804 2771 adaequare

194 2783 306 2824 Delph.
320 2786 350 2814 et
371 2784 546 2814 Van-Clas.

777 2784 883 2813 (ἔω-αι·

1434 178 1546 222 1313

847 278 949 310 sontis
967 280 1076 310 lucum
1093 278 1221 319 possit.’
1265 279 1344 310 Non
1359 277 1444 310 dicit
1459 279 1547 311 Oro·

847 329 927 367 sins,
948 340 1094 366 aggerem
1124 328 1228 360 fuisse
1257 328 1380 369 pedum
1404 337 1461 361 Lx.
1484 330 1546 361 sed

846 388 992 416 aggerem
1027 383 1053 409 ct
1089 381 1212 409 tur-rim.
1258 379 1291 408 Si
1322 388 1403 418 ergo
1431 380 1546 419 aggeri

847 427 908 458 des
939 437 976 457 ix
1007 428 1109 468 pedes
1125 434 1159 458 et
1177 429 1260 458 turri
1286 438 1306 460 ι,
1334 429 1452 469 pedes,
1474 430 1546 461 sive

847 478 988 517 singulis
1014 478 1173 508 tabulatis
1213 487 1247 516 v,
1276 477 1466 510 efficientur
1502 487 1548 512 Lx

848 526 973 568 pedes;
1010 528 1099 568 quod
1138 528 1240 559 etiam
1279 529 1362 560 bene
1400 529 1549 561 advertit

848 578 1096 608 Hotomannus.

891 630 929 658 15
952 627 1156 667 AEquaretur]
1180 627 1286 657 Aldus
1303 628 1490 667 Manutius,
1504 629 1550 660 al·

849 678 928 709 latis
945 678 1123 718 exemplis,
1143 677 1332 716 contendit,
1358 679 1550 719 legendum,

846 732 993 769 a’quaret.
1040 728 1154 770 Atque
1183 729 1232 759 ita
1258 729 1291 758 in
1321 729 1386 759 Ms.
1426 730 1551 760 Eliensi

847 780 1011 819 scriptum
1049 789 1121 810 esse
1155 779 1333 810 adnotavit
1379 779 1551 811 Davisius.

850 831 958 862 Clark.
1015 830 1139 860 Placet
1174 829 1320 860 Manutii
1351 830 1551 870 conjectura

847 883 1006 920 a’quaret:
1040 880 1090 911 uti
1128 885 1182 911 est
1215 889 1350 920 quoque
1389 880 1421 910 in
1453 879 1550 911 Leid.

849 935 929 962 tert.
947 931 1046 961 Voss.
1073 940 1125 970 pr.
1143 935 1223 961 tert.
1242 931 1370 961 Lovan.
1388 929 1551 970 Gottorp.

849 981 994 1012 Dorvill.
1011 980 1075 1011 Ed.
1101 980 1174 1010 Inc.
1197 980 1348 1020 aliisque.
1391 980 1470 1010 Sive
1497 989 1555 1019 po-

848 1031 915 1061 tius
930 1032 1127 1070 adaequaret:
1150 1029 1240 1070 quod
1258 1035 1436 1059 servarunt
1453 1028 1551 1060 nobis

848 1079 939 1111 And.
955 1079 1052 1110 Leid.
1077 1089 1128 1119 pr.
1145 1084 1181 1109 et
1196 1079 1320 1119 Scalig.
1364 1079 1554 1118 Aaaequaro-

848 1133 900 1160 tur
916 1134 969 1160 est
984 1130 1017 1159 in
1034 1129 1153 1160 Petav.
1169 1134 1205 1160 et
1222 1129 1335 1160 Oxon.
1355 1128 1553 1168 Praepositi·

848 1189 946 1210 onem
975 1179 1165 1210 addendam
1195 1180 1249 1210 vel
1280 1179 1394 1210 orosii
1417 1180 1510 1210 locus
1533 1188 1553 1210 e

847 1235 964 1261 nostro
977 1229 1151 1261 desumtus
1167 1229 1291 1261 docere
1316 1233 1440 1269 potest.
1486 1229 1554 1260 Aa·

848 1290 970 1320 aequare
995 1285 1109 1311 autem
1135 1289 1212 1310 cum
1240 1279 1365 1310 Dativo
1403 1280 1455 1309 vel
1480 1279 1554 1309 sim-

849 1330 986 1369 pliciter
1002 1330 1149 1370 positum
1166 1329 1369 1360 neutraliter
1383 1329 1471 1359 solet
1496 1328 1554 1359 ad-

849 1378 970 1409 hiberi.
1017 1379 1130 1409 Livius
1146 1387 1172 1409 1.
1186 1382 1239 1410 56.
1261 1379 1270 1394 ‘
1290 1378 1423 1410 Quibus
1444 1379 1553 1418 operi·

851 1427 913 1458 bus
929 1428 984 1458 vix
1002 1436 1089 1458 nova
1099 1428 1173 1459 haec
1189 1425 1442 1467 magnificentia
1464 1427 1553 1459 adae-

851 1486 954 1517 qnare
982 1476 1118 1517 potuit.'
1164 1478 1274 1516 Supra
1290 1485 1338 1507 vr.
1357 1479 1406 1508 12.
1430 1476 1553 1508 ‘Adae-

852 1536 954 1569 quare
984 1527 1073 1567 apud
1112 1527 1281 1558 Caesarem
1316 1527 1424 1567 gratia
1438 1527 1459 1556 ι’
1495 1526 1554 1558 ubi

852 1577 953 1608 etiam
969 1577 1026 1607 alii
1041 1577 1197 1616 adoequari
1214 1577 1398 1608 malebant.
1423 1578 1464 1608 B.
1481 1578 1554 1609 civ.

852 1636 894 1657 11.
912 1629 963 1657 16.
986 1626 1144 1657 ‘Virtute
1169 1636 1205 1657 se
1230 1627 1355 1657 nostris
1373 1627 1554 1668 adaequare

852 1687 918 1708 non
952 1686 1050 1717 posse
1065 1677 1085 1707 ε’
1120 1677 1177 1707 ubi
1201 1677 1268 1707 Ms.
1305 1686 1389 1708 unus
1427 1681 1565 1709 nostros..

851 1728 941 1759 Vide
955 1728 1055 1758 etiam
1075 1728 1117 1758 ad
1140 1729 1181 1759 B.
1206 1728 1305 1759 Alex.
1325 1738 1356 1759 c.
1384 1731 1435 1759 16.
1458 1729 1554 1759 ‘Vir-

852 1778 920 1809 tuti
944 1783 1136 1808 nostrorum
1158 1778 1340 1819 adaequare
1354 1778 1373 1808 :’
1398 1784 1435 1809 ut
1452 1778 1555 1809 estin

851 1827 1034 1857 nonnullis.

896 1879 937 1906 16
960 1875 1240 1916 Superaretsontis
1258 1877 1446 1916 fastigium]
1469 1877 1554 1908 Mss.

852 1925 941 1966 Reg.
960 1926 1085 1956 Eliens.
1102 1931 1137 1956 et
1153 1927 1277 1965 Vossii,
1294 1933 1331 1958 et
1348 1927 1455 1958 Editt.
1469 1931 1556 1958 vett.

852 1985 996 2016 superare
1005 1976 1108 2013 fontis
1115 1975 1286 2015 fastigium
1295 1979 1408 2016 posset.
1448 1976 1557 2007 Clark.

854 2025 954 2058 Quod
970 2026 1070 2066 vulgo
1082 2026 1156 2066 jam
1172 2025 1297 2064 editur,
1314 2027 1464 2066 Scaliger
1490 2026 1558 2067 pri-

852 2086 926 2107 mns
942 2076 1073 2116 recepit
1086 2086 1128 2107 ex
1142 2076 1260 2106 Ursini
1277 2076 1403 2107 Codice
1419 2082 1455 2108 et
1480 2085 1558 2108 con·

852 2126 1008 2158 firmatur
1023 2127 1104 2157 Mss.
1121 2126 1208 2158 And.
1223 2132 1259 2158 et
1272 2126 1386 2158 Oxon.
1419 2125 1558 2167 Reliqui

854 2178 939 2210 Mss.
955 2182 991 2209 et
1007 2177 1094 2208 Edd.
1110 2187 1253 2217 superare
1267 2177 1298 2215 f.
1312 2181 1426 2218 posset.
1464 2177 1556 2208 Dein

854 2228 956 2260 etiam
972 2228 1097 2259 habent
1111 2228 1233 2258 aditum
1249 2227 1333 2259 Mss.
1351 2227 1504 2268 plerique
1520 2230 1558 2259 et

854 2279 942 2310 Edd.
960 2279 1089 2320 primae,
1110 2279 1189 2310 item
1206 2279 1244 2309 R.
1259 2279 1376 2318 steph.
1401 2278 1557 2318 aliaeqne.

855 2330 922 2361 Sed
935 2330 1061 2361 rectius
1075 2330 1181 2360 aditus
1195 2329 1320 2368 legitur
1343 2337 1416 2358 cum
1434 2327 1556 2358 Petav.

854 2379 946 2411 And.
973 2385 1011 2411 et
1041 2379 1154 2411 Oxon.
1205 2379 1292 2410 Nam
1323 2377 1488 2408 credibile
1511 2375 1557 2408 ad

853 2429 981 2461 fontem
994 2431 1107 2471 plures
1124 2439 1189 2460 uno
1202 2428 1305 2460 fuisse
1318 2428 1442 2459 aditus.

898 2483 939 2512 18
961 2481 1094 2511 Possent
1129 2479 1296 2519 adaquari]
1346 2478 1396 2509 lta
1434 2477 1554 2517 anac.

857 2530 954 2561 Leid.
979 2540 1030 2570 pr.
1055 2530 1143 2562 Scal.
1191 2529 1230 2560 In
1257 2529 1383 2560 ceteris
1408 2533 1441 2558 et
1465 2526 1555 2557 Edd.

856 2580 972 2620 primis
997 2581 1137 2621 aliisque
1155 2586 1206 2610 est
1223 2579 1355 2619 aquari;
1379 2577 1441 2607 nisi
1464 2575 1556 2616 quod

855 2630 888 2659 in
906 2630 1018 2660 Ursin.
1036 2629 1123 2661 And.
1151 2636 1188 2661 et
1213 2630 1325 2659 Oxon.
1354 2627 1493 2666 aliisque
1511 2625 1556 2656 sit

855 2680 1098 2719 adaquarentur,
1134 2679 1231 2716 bene,
1269 2678 1296 2706 si
1331 2686 1432 2715 supra
1461 2675 1556 2715 legas

853 2739 996 2769 superare
1008 2733 1120 2769 posset.
1166 2729 1289 2759 Petav.
1307 2731 1342 2757 et
1359 2726 1468 2765 Bong.
1485 2732 1556 2758 sec-

1394 2781 1413 2809 4
1437 2778 1468 2810 Ο
