1818 3131
218 206 332 250 1158

218 319 256 346 ut
280 324 323 347 ex
347 313 555 355 appellativo
585 314 757 355 proprium
783 314 920 347 Tacitus

217 364 363 398 fecerit:
389 369 448 395 aut
471 365 498 395 si
523 364 714 396 accuratior
736 367 790 405 (ut
807 366 921 398 existi-

216 416 288 455 mo)
306 420 426 446 auctor
447 415 518 453 ille,
542 425 640 456 quam
660 420 696 446 ut
713 417 812 447 talem
830 426 920 448 erro-

219 475 288 497 rem
319 465 498 506 impingat,
524 466 638 497 dicere
669 476 844 507 possumus
877 469 920 498 al-

218 516 323 547 tiores
348 515 388 546 iis
417 516 502 546 locis
525 516 630 547 colles
662 526 723 557 per
753 519 921 549 excellen-

217 567 299 598 tiam
316 567 470 598 habuisse
487 576 608 599 nomen
623 570 755 609 diaynen.
788 570 921 600 Vossius.

216 618 284 650 Sed
302 618 379 649 vide
397 618 437 648 ad
456 619 583 650 Lucan.
600 628 624 650 ι.
639 622 714 651 4¹5.

259 671 278 700 3
303 669 397 700 Hunc
411 670 529 700 riarum
542 673 632 710 atque
647 670 791 700 itinerum
802 669 923 709 ducem]

217 719 265 750 Ut
281 722 316 750 et
329 719 404 750 alim
419 725 550 756 gentes,
567 721 654 750 unde
668 720 783 750 Graeci
798 719 924 758 εὐόδιον,

217 775 255 801 ut
274 769 329 800 alii
347 769 471 800 ἐινόδιον.
497 771 696 801 Theocritus
715 770 817 810 Idyll.
836 778 922 801 xxv.

218 822 250 851 3.
268 819 324 850 Ἐκ
339 831 386 850 τοι
409 822 486 858 ξεῖνε
509 819 650 859 πρόφρων
671 818 841 858 μυθήσομαι
857 820 926 850 ὅσω

219 870 368 911 ἐρεείνεις,
381 869 494 910 Ἑρμέω
510 869 657 910 ἁζόμενος
676 870 776 907 δεινὴν
794 869 864 902 ὄπιν
885 871 924 902 εἶ-

219 920 339 961 ιίόδοιο,
350 921 408 951 Τὸν
420 920 481 961 ’γάρ
492 928 568 960 φασι
579 920 729 960 μέγιστον
744 922 925 964 ἐπουρανίων

218 973 425 1010 κεχολῶσθαι,
440 972 528 1002 Ε“ι’κεν
538 972 608 1002 ὁδοῦ
620 971 767 1012 ζαχρεῖον
778 972 925 1010 ἆνήνηταί

216 1035 263 1053 τις
292 1023 416 1061 ὑδίτηνε
466 1023 536 1054 Tibi
574 1033 655 1062 rere,
685 1023 802 1063 hospes,
829 1024 924 1054 libens

216 1074 352 1113 aper-ium
390 1083 572 1114 qum-unque
607 1075 733 1113 quoertoe,
772 1075 924 1106 Mercurii

214 1134 343 1164 gravem
380 1125 458 1155 imm
492 1124 604 1155 timens
640 1125 788 1155 itinerum
825 1126 922 1156 ducis.

221 1175 314 1205 Hunc
331 1175 410 1205 enim
429 1174 539 1212 serunt
563 1176 697 1206 maxime
719 1186 734 1205 e
755 1177 925 1207 coelestibns

219 1225 322 1262 irasci,
339 1225 442 1265 Siquis
457 1225 646 1264 indigentem
662 1227 786 1256 itineris
807 1237 924 1258 averse-

218 1279 271 1305 !ur
298 1277 455 1307 tiatorem.
502 1277 610 1308 Recte
641 1277 744 1308 etiam
783 1277 925 1309 Graecus

220 1327 363 1358 Caesaris
387 1327 552 1367 interpres
576 1328 750 1358 transtulit
776 1326 924 1367 ἡγέμονα,

220 1378 389 1417 quomodo
416 1378 625 1408 Mercurium
652 1387 787 1418 quoque
811 1379 925 1419 appel-

219 1427 303 1458 lavit
328 1427 573 1469 Aristophanes
599 1429 632 1458 in
660 1428 774 1470 Pluto,
797 1433 832 1460 et
856 1429 924 1459 alii.

224 1477 267 1507 Ῐίι
273 1479 310 1508 esi
316 1488 356 1509 NS.

265 1529 358 1560 Hunc
384 1530 424 1560 ad
450 1532 583 1570 quoestus
601 1529 751 1569 pecunia’,
773 1533 925 1561 mercatu-

218 1580 341 1620 rasque]
372 1581 472 1611 Unde
491 1586 525 1611 et
542 1582 790 1619 negotiatorem
807 1582 925 1621 appel-

220 1631 346 1662 lavere.
394 1632 484 1662 Hinc
508 1632 691 1673 Inscriptio
715 1641 801 1662 anno
829 1634 925 1662 1599.

221 1680 325 1711 Motis
342 1686 487 1721 reperta.

236 1754 243 1807 3
266 1751 299 1780 M
309 1751 532 1781 ERCVRIO.
555 1750 881 1782 ὒΕὓΟΤΙΑΤΟΚΙ

475 1793 667 1824 SACRVM

341 1836 580 1868 NVMISIVS.
597 1834 805 1866 ALBINVS

465 1878 539 1908 EX.
557 1877 688 1907 VO'l‘O

227 1941 359 1970 sossius.
406 1939 485 1978 lpse
511 1937 701 1967 Mercurius
719 1937 810 1977 apud
829 1938 927 1969 Plau-

222 1996 292 2030 tum
318 1988 470 2029 Ampliit.
497 1988 588 2018 Prol.
607 1997 654 2018 vs.
672 1990 720 2018 ll.
767 1988 776 2003 ‘
794 1987 834 2018 ld
853 1988 926 2027 jam

222 2041 316 2072 ¹<citis
333 2048 530 2071 concessum
547 2043 582 2069 et
602 2038 717 2068 datum
745 2038 829 2068 Mihi
853 2047 927 2069 esse

222 2092 263 2121 ab
282 2090 357 2122 Diis
372 2090 455 2127 aliis,
471 2089 600 2119 nunciis
615 2089 746 2128 praesim
761 2093 796 2119 et
810 2089 928 2120 lncro.’

224 2142 313 2173 Hinc
331 2140 470 2179 fuctum,
490 2144 527 2169 nt
554 2139 726 2170 Mercurio
742 2140 837 2170 lucra
852 2139 928 2171 lita-

222 2197 349 2230 rentur,
367 2196 455 2222 teste
476 2191 638 2221 Eumenio
656 2190 785 2231 Paneg.
803 2199 857 2221 ιιι.
876 2193 927 2221 17.

221 2246 231 2262 ‘
251 2245 334 2280 Quin
365 2248 393 2275 et
420 2245 484 2282 ejus
509 2253 615 2274 nomen
641 2253 660 2273 a
688 2242 854 2273 mercibus
884 2246 928 2274 est

221 2297 365 2326 ductum:
381 2295 469 2326 hunc
487 2294 611 2325 etenim
631 2293 841 2333 negotiorum
860 2303 927 2324 om-

224 2347 313 2376 nium
330 2345 571 2377 existimabant
587 2354 659 2374 esse
673 2342 809 2374 Deum!
840 2343 926 2374 Vide

221 2397 359 2428 Festum
398 2401 433 2427 et
471 2395 641 2426 Isidorum
688 2393 927 2434 Hi=palensein

221 2456 301 2479 vni.
322 2451 372 2479 ll.
411 2447 525 2477 Daris.

267 2502 284 2529 5
323 2498 398 2528 Post
430 2497 507 2527 hunc
538 2495 724 2536 Apollinem]
762 2495 926 2525 Belenum

223 2549 481 2589 nuncupabant,
507 2548 562 2578 vel
588 2547 756 2585 Belinum,
780 2551 817 2577 ut
845 2547 927 2578 satis

223 2604 359 2632 notum:
390 2600 470 2641 quin
501 2603 537 2630 ct
565 2598 792 2635 Abellinum,
818 2604 855 2629 ut
885 2609 928 2629 ex

223 2652 386 2693 Inscript.
419 2655 501 2682 vett.
524 2655 560 2682 ct
584 2650 779 2682 auctoribus
802 2651 929 2691 colligi-

225 2710 291 2735 tur.
339 2703 525 2735 Colebatur
548 2702 650 2733 etiam
673 2702 714 2732 ab
732 2701 929 2743 Aquileien-

224 2754 328 2793 sibus,
351 2754 399 2785 uti
428 2753 561 2785 discere
589 2757 641 2783 est
671 2761 736 2783 non
760 2752 860 2783 modo
885 2761 928 2783 ex

227 2805 419 2845 Capitolino
448 2805 481 2835 in
509 2804 579 2835 vita
609 2801 789 2834 Maximin.
813 2812 929 2834 verum

685 219 826 251 NOTAE
858 219 1122 254 VARIORUM
1159 222 1206 252 ΙΝ

972 319 1007 347 et
1026 315 1234 355 Herodiano,
1259 316 1315 357 qui
1337 317 1357 348 Ι.
1375 322 1458 347 vm.
1482 323 1558 348 eum
1577 321 1675 350 vocat

971 365 1074 404 Βέλιν,
1089 376 1154 397 non
1172 373 1208 397 ut
1233 367 1349 397 caeteri
1366 366 1540 397 Belinum:
1567 367 1676 399 verba

971 424 1062 457 sunt,
1079 417 1170 449 Βέλιν
1191 417 1223 448 δὲ
1248 419 1388 457 καλοῦσι,
1414 418 1524 448 τοῦτον
1546 417 1674 453 σέβουσί

971 481 1008 499 τε
1026 470 1192 509 ὑπερφυῶς,
1205 468 1389 499 Ἀπόλλωνα
1416 467 1489 499 εἶναι
1503 468 1675 501 ἐθέλοντες.

974 519 1038 549 Sed
1054 528 1186 558 vereor,
1198 525 1233 550 ut
1249 520 1381 560 integer
1398 521 1489 551 locus
1507 521 1560 552 sit.
1583 519 1675 553 Quid

973 570 1062 600 enim
1091 571 1218 600 adeone
1244 571 1452 611 incognitum
1478 572 1677 603 Herodiano

974 627 1092 649 nomen
1121 619 1249 650 Belini?
1273 623 1462 660 praesertim
1484 622 1574 663 quod
1602 623 1676 663 plu·

974 672 1065 702 ribus
1094 672 1182 701 saxis
1214 672 1412 713 inscriptum
1437 674 1600 715 Aquileiae
1624 675 1676 706 su-

975 722 1039 753 isse
1056 728 1152 753 certo
1169 726 1314 753 constat.
1361 723 1448 754 Nam
1460 724 1628 764 Aquileioe
1641 731 1678 756 et

976 774 1139 814 tempium
1178 773 1298 804 Beleni
1317 773 1497 814 Apollinis,
1513 778 1548 805 et
1563 775 1677 806 Deum

975 825 1084 865 ipsum
1110 835 1239 855 summo
1265 825 1390 856 honore
1419 825 1547 856 cultum
1573 824 1678 857 fuisse

975 875 1096 916 colligo
1111 879 1181 907 tum
1206 885 1248 906 ex
1273 875 1384 906 verbis
1405 875 1604 914 Herodiani,
1620 875 1680 907 ubi

974 927 1112 957 oraculo
1139 925 1304 967 Apollinis
1329 925 1440 956 Belini
1459 925 1678 958 confirmatos

975 977 1023 1007 ait
1045 977 1288 1017 oppidanorum
1314 976 1453 1016 animos,
1469 975 1525 1017 qui
1551 975 1680 1007 obsessi

974 1027 1038 1057 alio
1055 1027 1263 1057 contendere
1287 1026 1472 1067 nequibant
1497 1026 1538 1057 ad
1563 1035 1679 1058 cousu-

975 1077 1123 1116 lendnm,
1141 1077 1198 1108 sed
1226 1077 1372 1108 maxime.
1390 1077 1481 1118 quod
1505 1087 1580 1108 eum
1595 1086 1677 1108 nun·

975 1133 1078 1168 cupat
1106 1127 1268 1167 ἐπιχώριον
1295 1128 1383 1159 illius
1412 1128 1505 1159 urbis
1534 1127 1618 1159 θεόντ
1644 1133 1679 1159 et

975 1178 1121 1220 denique
1137 1179 1239 1210 etiam
1262 1180 1389 1210 indicat
1411 1179 1485 1210 haec
1503 1179 1680 1220 inscriptio

975 1229 1141 1271 Aquileiae
1159 1236 1319 1261 exstans:

1232 1280 1420 1312 BELENO

1191 1331 1302 1362 AVG.
1326 1331 1458 1363 SACR.

1161 1382 1200 1412 L.
1225 1381 1498 1413 CORNELIUS

1176 1432 1212 1463 L.
1238 1432 1325 1463 FIL.
1349 1432 1482 1463 VELL.

1177 1482 1481 1515 SECVNDINVS

1248 1532 1408 1566 AQVIL.

1159 1584 1300 1615 EVOC.
1325 1583 1434 1615 AVG.
1460 1584 1493 1615 N

1145 1634 1295 1667 QVOD.
1320 1634 1384 1665 IN.
1407 1634 1514 1665 VRB.

1168 1682 1360 1717 DONVM.
1385 1684 1494 1717 VOV.

1249 1734 1411 1769 AQVIL.

1199 1785 1467 1818 PERLATVM

1140 1835 1321 1867 LIBENS.
1345 1836 1520 1867 Posvrr

1207 1886 1243 1917 L.
1268 1887 1313 1917 Ι).
1339 1887 1384 1916 D.
1410 1886 1455 1916 D.

977 1935 1140 1966 Videmus
1163 1936 1217 1966 hic
1236 1937 1373 1975 donum,
1390 1935 1480 1977 quod
1497 1936 1535 1967 L.
1555 1935 1681 1967 Corne·

978 1988 1042 2018 lius
1058 1988 1187 2019 Beleno
1204 1993 1354 2028 voverat,
1377 1998 1452 2019 cum
1469 1987 1539 2029 ipse
1567 1988 1599 2018 in
1619 1988 1681 2019 Ur-

979 2037 1034 2077 be,
1046 2048 1104 2069 seu
1122 2039 1238 2069 Romae
1253 2043 1355 2080 esset,
1367 2038 1474 2079 primo
1488 2037 1680 2080 Aquileiam

979 2089 1170 2128 pertulisse.
1216 2088 1382 2121 Nimirum
1399 2089 1479 2130 quia
1501 2099 1572 2120 mos
1591 2089 1683 2129 olim,

979 2138 1005 2168 si
1023 2139 1104 2180 qnid
1124 2143 1238 2170 votum
1255 2138 1394 2170 Numini
1419 2138 1531 2179 alicui,
1545 2137 1682 2170 deferre

979 2188 1011 2219 id
1040 2189 1072 2219 in
1098 2190 1271 2230 oppidum,
1299 2189 1355 2220 ubi
1380 2189 1527 2220 maxime
1548 2189 1682 2221 coleba-

980 2243 1045 2269 tur.
1091 2240 1146 2270 Sic
1161 2239 1251 2270 dona
1269 2240 1429 2270 Fortunae
1443 2243 1522 2271 vota
1537 2238 1681 2271 Antium

979 2289 1101 2320 delata.
1148 2289 1215 2321 Sed
1239 2290 1302 2321 hoc
1326 2295 1454 2321 notum.
1500 2289 1556 2321 Ad
1572 2289 1682 2322 Hero-

979 2340 1116 2372 dianum
1136 2341 1250 2380 redeo,
1267 2345 1302 2372 et
1329 2339 1459 2372 affirmo
1483 2340 1539 2373 vix
1568 2340 1682 2371 verisi-

978 2390 1057 2421 mile
1073 2390 1192 2431 videri,
1217 2395 1284 2422 tam
1300 2396 1382 2423 noto
1397 2391 1549 2423 omnibus
1569 2389 1682 2421 Belini

977 2441 1124 2479 nomine,
1140 2451 1215 2472 eum
1233 2440 1324 2472 Βέλιν
1338 2442 1541 2482 scripturum
1563 2439 1679 2471 fuisse.

979 2492 1094 2525 Quare
1111 2493 1254 2523 emendo
1270 2491 1398 2523 Βέλινον
1414 2492 1543 2522 καλοῦσι
1557 2489 1680 2526 τοῦτον,

978 2544 1107 2581 σέβουσί
1129 2557 1165 2576 τε
1194 2545 1360 2585 ὑπερφυῶς.
1396 2542 1504 2575 Quam
1529 2541 1628 2572 facile
1648 2551 1681 2572 e-

979 2597 1045 2627 nim
1070 2596 1181 2636 potuit
1199 2605 1240 2626 ex
1257 2607 1273 2625 ο
1288 2594 1362 2625 fieri
1378 2594 1406 2632 δ,
1420 2603 1461 2623 ex
1478 2604 1505 2631 ν,
1521 2593 1551 2623 e!
1589 2593 1679 2624 Sane

978 2646 1161 2687 saepissime
1193 2654 1234 2675 eo
1265 2644 1363 2674 modo
1395 2644 1584 2683 depravata
1605 2651 1683 2683 pro-

979 2698 1055 2740 pria
1071 2697 1202 2728 nomina
1223 2696 1311 2737 apud
1335 2696 1478 2728 Graecos
1495 2696 1680 2736 scriptores

980 2758 1065 2787 esse,
1085 2748 1156 2787 jam
1181 2756 1281 2787 supra
1304 2745 1448 2777 ostendi.
1494 2745 1597 2777 Nune
1624 2744 1682 2776 de-

981 2807 1071 2831 mum
1089 2797 1184 2829 video
1208 2796 1295 2828 idem
1321 2795 1485 2827 Salmasio
1501 2794 1679 2836 placuisse.
