1818 3131
206 224 319 267 1362

206 335 450 370 evocatosqne‚
465 327 552 358 unde
571 327 770 359 tantundem
789 327 828 358 iis
841 336 913 368 pro-

208 381 347 413 missum
364 378 512 409 videtur.
558 378 785 410 Centuriones
799 384 912 410 autem

207 431 346 471 duplum
390 428 549 459 habuere.
618 429 757 460 Livius:
788 430 796 446 ‘
815 430 912 468 Sa‘pe

207 481 305 512 dedit
322 478 485 510 militibus
509 478 676 518 denarios,
703 480 768 510 Sc.
786 478 913 519 duplex

208 531 412 569 centurioni,
426 530 551 570 triplex
565 531 694 572 equiti!
739 531 805 561 Sed
823 530 912 571 quod

208 582 244 613 in
260 581 379 622 glossis
404 580 537 611 evocati
562 580 914 622 exponuntur-raginp-

209 642 275 671 χοι,
299 630 458 671 accipere
485 631 603 672 possis,
628 637 666 663 ut
692 632 808 662 evocati
836 630 916 670 sint,

212 689 296 723 quos
324 680 499 710 ordinarios
520 687 620 712 vocat
645 681 822 721 x‘egfflm,
845 680 914 710 sive

209 731 268 773 qui
299 731 332 761 in
359 730 474 771 primis
501 730 676 761 ordinibus
706 738 914 771 pugnavere.

210 781 266 813 Re
284 781 358 822 ipsa.
373 780 463 811 enim
486 781 612 812 diversi
629 785 721 819 sunt,
750 780 810 810 sed
827 779 916 810 idem

208 832 362 873 utrisque
388 832 505 870 honor,
534 836 571 862 ut
598 831 629 861 in
658 831 770 871 primo
799 829 918 861 ordine

209 888 354 914 starent.
401 882 503 912 'raies
519 882 677 919 designat
706 881 854 921 Capitol.
885 880 917 910 in

209 933 418 964 Maximino:
444 933 452 949 ‘
473 931 538 962 Hic
563 932 621 962 diu
649 932 711 962 sub
741 931 919 963 Caracalla

210 982 348 1014 ordines
378 982 488 1021 duxit,
527 982 782 1013 centurionatus
820 980 917 1022 egit)

212 1034 265 1064 En
296 1033 383 1064 tibi!
408 1032 542 1063 ordines
571 1032 699 1063 ducere
731 1032 838 1062 minus
869 1035 919 1061 est

212 1083 478 1120 centurionatu;
503 1092 603 1123 quem
619 1083 780 1113 honorem
801 1091 920 1113 evoca-

212 1134 255 1165 tis
273 1133 439 1165 tributum
455 1133 613 1164 arbitror.
660 1132 797 1173 Alioqui
826 1133 918 1170 istos,

213 1193 298 1225 quos
324 1182 500 1214 ordinarios
529 1187 628 1213 vocat
650 1183 826 1223 vegetius,
851 1192 919 1213 non

216 1234 304 1267 male
322 1242 472 1273 exponas
499 1233 534 1263 id
559 1242 664 1273 genus
681 1233 843 1272 homines,
861 1233 919 1274 qui

214 1284 362 1316 minores
393 1283 528 1314 ordines
566 1284 721 1314 ducunt:
758 1284 822 1314 hoc
854 1289 920 1322 est,

213 1333 335 1365 decani
362 1333 629 1372 manipuloruin3
654 1343 729 1363 nam
755 1343 830 1364 cum
848 1343 922 1363 evo-

215 1383 303 1414 catis
319 1383 456 1413 eosdem
473 1392 546 1412 esse
563 1392 628 1412 non
643 1382 800 1413 arbitror.
841 1383 923 1413 Pro-

215 1433 313 1466 hibet
332 1432 497 1473 Vopiscus
522 1432 656 1473 quando
681 1433 749 1463 ¹ait:
773 1433 783 1450 ‘
799 1433 921 1466 milita-

216 1483 267 1514 vit
283 1483 427 1524 primum
455 1483 545 1514 inter
572 1482 771 1522 ordinarios,
798 1483 921 1514 deinde

216 1533 308 1565 inter
331 1532 484 1573 equites:
517 1532 653 1563 ordines
677 1533 786 1572 duxit,
815 1532 923 1564 tribu-

216 1588 319 1616 natus
335 1584 428 1625 egit!
475 1584 651 1615 Ordinarii
667 1589 747 1616 sunt
763 1585 873 1625 primo
889 1585 923 1616 in

216 1634 337 1665 ordine
357 1639 562 1674 pugnantes,
588 1635 702 1675 quales
720 1635 840 1666 decani
856 1645 925 1666 ma-

217 1683 433 1724 nipulorum:
459 1689 495 1715 et
521 1694 564 1715 en
594 1684 649 1715 hic
675 1684 812 1725 gradus,
843 1695 924 1726 quos

218 1734 380 1765 observat
394 1733 559 1774 Vopiscus
572 1745 581 1772 ;
605 1735 713 1775 primo
725 1735 924 1774 ordinarios,

219 1784 299 1817 dein
320 1785 454 1826 equites
479 1785 599 1825 pouit;
624 1790 747 1826 postea
771 1785 923 1817 ordinum

218 1835 392 1874 ductores,
409 1835 442 1865 id
461 1840 515 1866 est
528 1835 760 1874 centuriones,
783 1845 858 1866 nam
877 1836 923 1866 illi

217 1885 287 1917 κατ’
310 1885 422 1924 ἐξοχὴν
446 1886 547 1915 etiam
571 1895 591 1916 a
616 1886 751 1916 Caesare
774 1886 925 1925 primores

217 1936 355 1975 ordines,
381 1940 416 1966 et
430 1936 600 1975 primorum
613 1936 756 1966 ordinum
771 1935 925 1966 centurio-

217 1996 271 2017 nes
296 1992 470 2017 vocantur.
520 1986 594 2016 Nisi
619 1986 771 2017 malimus
794 1996 856 2026 per
873 1995 923 2016 or-

219 2036 368 2069 dinarios
394 2037 448 2067 hic
475 2036 643 2077 designari
671 2037 857 2076 gregarios,
886 2041 925 2067 ut

219 2088 332 2128 prisca
355 2087 476 2118 militia
503 2088 629 2126 locuti3
654 2088 743 2128 quod
771 2097 837 2118 non
865 2088 923 2118 im-

219 2138 372 2178 probem.
429 2139 474 2168 lit
501 2139 674 2169 ordinarios
704 2137 809 2169 ἁπλῶς
839 2138 924 2170 dicit

218 2197 285 2219 non
302 2188 419 2219 addita
443 2198 528 2219 soce
543 2189 689 2228 pedites,
713 2188 831 2220 eodem
856 2199 924 2221 ino-

220 2238 278 2278 do,
303 2249 369 2279 quo
386 2240 480 2269 miles¹
503 2249 564 2279 pro
591 2239 709 2278 pedite
725 2239 863 2277 dicitur,
888 2245 925 2270 ut

219 2289 304 2321 alibi
329 2288 548 2320 ostendimus.
603 2290 745 2320 Evocati
778 2290 925 2330 denique

219 2342 323 2372 iidem
354 2341 461 2380 fuere,
494 2352 578 2383 quos
604 2342 703 2372 hodie
733 2343 926 2374 adelborsten

220 2401 474 2432 nuncupamus:
502 2402 578 2422 nam
602 2398 634 2423 et
660 2393 693 2422 hi
718 2392 866 2433 duplicia
883 2393 927 2424 fu-

221 2442 317 2474 ciunt
340 2443 524 2482 stipendia‚
553 2448 588 2473 et
615 2443 778 2474 immunes
806 2449 882 2474 sunt
910 2455 928 2475 a

220 2492 358 2533 vigiliis,
383 2494 525 2534 aliisque
554 2493 586 2523 id
613 2503 718 2533 genus
745 2493 926 2524 laboribus.

221 2543 351 2576 Eadem
376 2544 453 2573 olim
485 2544 575 2584 apud
608 2549 740 2573 veteres
771 2548 927 2574 euocato-

222 2604 295 2625 rum
318 2595 476 2625 conditio.
524 2594 613 2625 Illud
639 2594 739 2625 modo
768 2595 930 2625 ‹li-crimi-

222 2645 286 2684 nis,
303 2645 392 2686 quod
417 2645 448 2675 hi
475 2646 582 2675 nostri
609 2646 774 2675 intere-sc
799 2647 929 2676 est-rri-

222 2696 273 2727 tui
298 2701 480 2734 tenentur;
506 2696 641 2727 evocati
667 2698 758 2733 olim,
783 2702 818 2727 ut
845 2696 928 2726 dixi-

223 2756 309 2784 mus,
335 2755 399 2777 non
427 2746 646 2784 tenebantur,
675 2746 845 2777 vcteiibus
862 2756 927 2777 non

223 2797 340 2827 milites
355 2797 535 2837 appellati,
552 2797 611 2828 sed
626 2807 683 2837 pro
699 2798 860 2837 militibus,
879 2797 928 2827 uti

224 2852 322 2880 autor
342 2848 478 2880 Sui-vius
505 2848 547 2879 ad
563 2858 590 2880 1.
612 2848 744 2879 AEncid.
761 2847 928 2888 Maronis,

674 231 815 263 NOTAE
848 231 1111 263 vAffloRUM
1148 233 1198 262 IN

963 327 1020 358 ubi
1042 327 1110 359 ait:
1135 327 1143 343 ‘
1161 326 1297 358 Militiae
1330 326 1397 358 tria
1423 332 1500 359 sunt
1527 336 1665 368 genera·

963 378 1171 419 Plerumque
1201 378 1288 409 enim
1320 377 1455 409 evocati
1479 377 1662 411 dicuntur:

965 433 999 459 et
1021 439 1087 459 non
1113 432 1192 459 sunt
1219 428 1356 467 militeS,
1383 427 1444 458 sed
1468 438 1530 468 pro
1546 428 1668 465 militia

965 478 1065 509 Unde
1082 478 1281 510 Sallustius:
1307 478 1430 519 Neque
1454 478 1561 518 miles,
1582 487 1668 510 neve

965 538 1027 568 pro
1043 528 1173 559 milite.‘
1211 528 1334 569 Itaque
1351 538 1431 560 vere
1448 534 1581 560 nostros
1594 529 1668 560 illos

965 577 1125 617 duplarios
1139 579 1312 618 appellare
1331 578 1449 619 possis.
1495 579 1628 610 Vossius.

1009 635 1147 657 xxviu.
1172 630 1210 658 11
1252 629 1294 659 Ut
1309 629 1568 670 valcumcoecum]
1593 630 1670 661 Fes-

967 681 1041 708 tus:
1067 678 1076 694 ‘
1092 678 1230 709 Caecum
1253 679 1377 710 vallum
1393 680 1532 719 dicitur,
1554 680 1587 711 in
1604 690 1671 721 quo

968 728 1134 768 praeacuti
1152 729 1218 769 pali
1236 733 1339 760 terrae
1357 730 1473 768 adfixi,
1486 730 1600 761 herbis
1615 730 1671 761 vel

967 778 1142 810 frondibus
1179 779 1403 810 occuluntur!
1451 779 1586 810 Vallum
1620 785 1674 811 est

968 838 1081 859 murus
1105 838 1122 859 e
1145 829 1275 868 cespite
1301 832 1360 859 aut
1386 832 1479 860 terra
1497 828 1672 868 adgestus,

968 877 1111 918 proinde
1129 879 1279 909 eminens
1296 878 1434 919 aliquid.
1467 876 1576 919 Atqui
1595 879 1674 910 emi-

968 929 1084 960 nentia
1112 929 1220 959 latere
1249 938 1315 959 non
1347 933 1510 969 possunt:
1555 928 1673 971 itaque

968 980 1090 1010 merito
1105 980 1213 1020 quaeri
1237 980 1357 1020 possit,
1373 979 1453 1020 quid
1471 988 1531 1020 per
1546 989 1674 1012 caecum

969 1032 1094 1062 vallum
1124 1032 1187 1063 sibi
1219 1032 1334 1063 Caesar
1366 1032 1460 1063 velit.
1520 1032 1592 1072 Ego
1622 1033 1676 1064 aio

970 1083 1053 1113 nihil
1075 1082 1167 1113 aliud
1194 1092 1281 1122 esse,
1305 1092 1407 1124 quam
1434 1083 1542 1124 ripam
1567 1082 1676 1123 ipsam

969 1131 1084 1172 fossae,
1101 1133 1160 1163 sed
1185 1133 1392 1172 citeriorem,
1418 1134 1450 1164 in
1469 1143 1535 1173 qua
1551 1132 1674 1165 defixae

970 1183 1081 1214 sudes.
1113 1183 1262 1214 Foderat
1276 1184 1457 1223 Pompeius
1469 1183 1594 1215 fossas:
1617 1185 1676 1215 has

970 1243 1058 1274 pone
1073 1234 1198 1264 vallum
1224 1233 1301 1272 fuit,
1319 1244 1383 1265 non
1407 1244 1425 1265 e
1450 1239 1542 1265 terra
1558 1234 1676 1275 adges-

971 1288 1056 1322 tum,
1095 1283 1222 1323 alioqui
1249 1284 1338 1314 enim
1365 1282 1467 1313 facile
1492 1284 1677 1315 Caesariani

969 1333 1054 1364 illud
1076 1333 1262 1364 vidissent:
1296 1333 1357 1364 sed
1382 1334 1506 1364 vallum
1530 1339 1604 1366 erat
1617 1343 1677 1375 vre-

972 1388 1093 1422 spectu
1130 1382 1226 1413 fundi
1262 1382 1384 1414 fossae:
1428 1385 1514 1415 hanc
1552 1384 1678 1417 fossam

973 1433 1156 1474 Pompeius
1177 1434 1338 1473 cratibus,
1353 1434 1428 1464 dein
1445 1439 1537 1466 terra
1549 1435 1681 1467 intexe·

974 1488 1040 1523 rat,
1054 1484 1102 1514 ita
1119 1489 1155 1514 ut
1171 1493 1231 1514 nec
1247 1484 1391 1524 sudium,
1408 1494 1470 1516 uec
1490 1485 1587 1517 t'ossae
1610 1486 1680 1517 ulla

974 1539 1180 1574 apparerent
1210 1534 1366 1574 vestigia.
1423 1535 1524 1568 Quod
1561 1545 1678 1567 verum

975 1592 1048 1615 esse
1067 1584 1231 1624 probatur
1247 1594 1290 1614 ex
1308 1585 1452 1616 Caesaris
1477 1585 1674 1626 verbis,qui

975 1644 1078 1674 supra
1103 1634 1203 1673 dixit,
1227 1634 1360 1666 ‘fossas
1383 1640 1590 1667 transversas
1617 1635 1679 1667 viis

974 1684 1157 1725 praeducit,
1177 1689 1279 1725 atque
1295 1684 1342 1715 ibi
1357 1685 1456 1716 sudes
1476 1685 1680 1726 stipitesque

975 1740 1168 1774 praeacutos
1185 1735 1322 1775 defigit:
1340 1736 1411 1766 haec
1430 1736 1562 1767 levibus
1579 1736 1681 1767 crati-

975 1786 1036 1817 bus
1052 1787 1403 1828 terraqueinaequatss
1443 1787 1510 1819 Hic
1528 1797 1622 1828 vero,
1637 1789 1680 1819 de

973 1837 1092 1868 iisdem
1110 1837 1270 1876 operibus
1286 1838 1428 1878 loquens
1443 1838 1492 1870 ait
1507 1849 1514 1869 :
1537 1838 1546 1854 ‘
1562 1838 1681 1870 moniti

975 1897 994 1916 a
1019 1886 1230 1917 Brundisinis
1246 1893 1282 1919 ut
1305 1889 1431 1918 vallum
1452 1898 1592 1928 coecnm,
1613 1888 1681 1921 sos-

974 1946 1094 1977 sasque
1118 1937 1287 1969 caveant.’
1329 1938 1437 1978 Igitur
1460 1949 1536 1970 cum
1560 1940 1610 1970 ait
1632 1940 1682 1971 ibi

972 1988 1062 2017 sudes
1076 1987 1199 2028 dqjigil,
1219 1992 1253 2019 et
1275 1993 1397 2027 postea
1420 1990 1533 2021 vallum
1555 1999 1680 2030 cacum,

975 2037 1064 2067 idem
1094 2037 1178 2068 vult.
1217 2038 1352 2068 Vallum
1381 2038 1480 2070 sudes
1506 2039 1612 2070 habet
1632 2039 1682 2070 in-

974 2086 1071 2122 fixas,
1094 2087 1142 2117 ita
1164 2092 1200 2118 et
1226 2087 1309 2128 ripa.
1348 2088 1438 2119 Illud
1463 2088 1591 2119 editum
1616 2095 1680 2129 est,

975 2137 1020 2168 ita
1035 2142 1070 2170 et
1083 2138 1155 2170 haec
1171 2138 1258 2178 ripa,
1276 2139 1302 2169 si
1318 2138 1474 2171 conferas
1491 2150 1567 2171 cuni
1581 2139 1678 2172 fossae

975 2187 1094 2228 fundo,
1128 2189 1234 2220 edita.
1283 2189 1392 2230 quue
1426 2190 1531 2221 ctiam
1569 2190 1680 2222 innuit

977 2240 1196 2278 Plutarchus,
1210 2250 1286 2271 cuni
1300 2240 1388 2271 itain
1402 2241 1588 2280 Pompeio:
1604 2250 1681 2282 pag.

979 2293 1072 2321 1191.
1089 2295 1125 2320 et
1150 2294 1243 2321 1192.
1267 2289 1421 2330 ἀνέσκαψε
1443 2291 1501 2327 τὴν
1523 2290 1615 2322 πόλιν
1630 2289 1682 2322 καὶ

978 2340 1190 2380 διετάφρευσε,
1206 2339 1257 2371 καὶ
1271 2340 1433 2372 σκολόπων
1446 2340 1596 2380 ἐνέπλησε
1610 2340 1681 2373 τοὺς

979 2390 1172 2422 στενωπούς;
1198 2391 1308 2432 effodit
1325 2392 1427 2423 urbem
1442 2396 1472 2423 et
1490 2392 1594 2431 fossas
1603 2392 1680 2422 dua:-

978 2442 1016 2480 it,
1033 2442 1250 2483 stipitibusque
1272 2444 1408 2483 implevit
1430 2443 1565 2474 semitae.
1612 2442 1680 2474 Ubi

980 2493 1060 2523 nihil
1078 2494 1119 2525 de
1137 2494 1224 2524 vallo
1237 2494 1388 2525 excitato
1401 2494 1461 2532 ait,
1476 2493 1535 2523 sed
1550 2497 1679 2525 tantum

980 2542 1022 2573 de
1040 2543 1226 2583 stipitibus.
1272 2543 1399 2574 Eadem
1431 2541 1518 2572 forte
1549 2542 1680 2584 ratione

979 2603 1050 2623 aras
1067 2602 1231 2623 vocavere
1245 2603 1336 2631 saxa,
1350 2602 1425 2632 quae
1442 2592 1474 2622 in
1491 2593 1571 2622 mari
1587 2595 1678 2630 sunt,

980 2648 1142 2674 ettamen
1168 2652 1268 2682 supra
1286 2641 1408 2672 fluctus
1433 2651 1498 2671 non
1516 2641 1678 2673 eminent.

982 2693 1078 2723 Unde
1094 2699 1127 2723 et
1146 2702 1226 2723 saxa
1241 2693 1297 2722 illa
1313 2702 1404 2722 circa
1430 2697 1678 2732 nuncupantur.

979 2744 1045 2774 scd
1078 2754 1141 2783 ego
1172 2744 1304 2774 malleni
1333 2744 1394 2774 hoc
1426 2745 1500 2774 loco
1535 2743 1679 2775 Caesaris

979 2795 1144 2834 scriptum
1184 2803 1269 2833 csse,
1305 2801 1342 2824 ut
1379 2796 1472 2825 rullus
1508 2804 1622 2826 coecos:
1643 2799 1679 2826 et

979 2844 1071 2876 clara
1087 2843 1153 2874 erit
1169 2844 1358 2884 sententia;
1383 2852 1460 2876 nam
1476 2849 1597 2878 exacte
1613 2844 1677 2876 hoc
