1818 3131
293 216 384 246 mss.
418 215 525 245 VIH.
555 212 663 244 ‘CAR
695 203 860 244 ²37.1›F.
896 215 1050 246 nmmo
1081 215 1310 246 GALLlCO.

76 307 216 347 equites,
232 311 267 338 et
283 317 356 338 curn
373 308 423 338 his
440 307 570 348 pedites
587 307 774 337 Germanos

79 357 117 387 ad
146 359 373 397 oppugnanda
402 365 512 389 castra
542 358 667 388 missos.
726 357 775 386 Tu

77 411 225 437 veterem
243 408 422 438 lectionem
441 408 562 438 retine.
619 405 708 437 Illud
727 411 775 437 ta-

75 466 151 486 men
168 456 377 488 dissimulare
401 459 489 494 nolo,
505 456 620 496 paucis
645 456 686 486 ab
711 456 773 486 boc

74 506 148 536 loco
183 507 344 543 versibus,
375 507 428 537 ubi
468 507 590 544 legitur
625 506 775 537 Germani

73 555 246 594 equitesque
261 556 360 594 sig-nis
375 557 502 595 legionis
518 556 601 595 risis,
625 557 656 586 in
685 557 773 586 Msto

75 603 218 645 cujacii,
235 605 354 645 primo,
367 607 528 642 secundo,
547 607 647 637 tertio
668 607 773 645 Boug.

75 662 114 685 ac
142 653 220 685 Pet.
252 656 318 695 legi
353 657 502 687 Girmani
532 657 667 696 equites.-
713 657 772 687 sed

74 708 188 734 noster
205 705 270 736 Ms.
286 711 321 736 et
339 706 449 738 Palat.
476 708 621 737 retinent
643 707 773 747 equites-

74 763 142 793 que.
187 755 353 786 Excusari
367 761 478 787 tamen
491 756 654 796 Scaligeri
671 757 773 787 lectio

74 805 203 843 possit;
234 815 309 836 nam
327 815 391 837 non
409 807 469 837 soli
488 806 633 846 pedites,
655 807 713 836 scd
738 812 771 837 et

74 853 206 894 equites
223 854 383 886 Germani
399 857 431 886 in
453 856 605 886 exercitu
629 856 772 886 Caesaris

74 901 182 934 fuere.
227 903 393 936 Testatur
419 906 490 946 ipse
509 906 529 937 l.
546 915 608 936 vn.
626 905 667 935 de
686 905 772 936 bello

72 949 216 991 Gallico,
228 957 263 984 et
274 954 337 984 ait:
352 955 361 971 ‘
374 954 487 985 Caesar
495 964 538 985 ex
549 955 669 985 castris
680 955 773 995 equi-

71 1005 179 1032 tatum
191 1002 288 1034 educi
300 1004 642 1044 jubet,proeliumque
656 1013 773 1044 eques-

72 1056 124 1081 tre
141 1052 323 1083 committit
339 1064 346 1083 z
372 1053 604 1084 laborantibus
615 1054 685 1092 jam
704 1053 771 1083 suis

72 1099 261 1132 Germanos
288 1102 422 1143 equites
453 1103 593 1133 circiter
623 1110 668 1132 cn
697 1102 770 1132 sub-

72 1149 188 1190 mittit,
211 1160 293 1191 qnos
319 1152 361 1183 ab
387 1152 483 1183 initio
509 1152 636 1182 habere
656 1161 770 1182 secum

70 1199 286 1233 instituerat!
344 1202 389 1233 Et
413 1201 585 1242 aliquanto
612 1206 691 1232 ante
716 1211 771 1232 eo-

71 1248 149 1281 dem
184 1250 292 1282 libro:
336 1252 345 1268 ⁴
363 1253 492 1289 Caesar,
530 1251 619 1292 quod
657 1251 771 1282 hostes

70 1300 226 1341 equitatu
243 1303 431 1342 superiores
448 1312 522 1332 esse
546 1301 771 1341 intelligebat,

71 1353 119 1387 et,
156 1349 346 1382 interclusis
384 1351 536 1381 omnibus
582 1349 771 1388 itineribus,

71 1398 161 1430 nulla
190 1409 226 1430 re
257 1409 299 1430 ex
333 1399 513 1431 Provincia
540 1404 641 1439 atque
671 1399 772 1429 Italia

71 1448 239 1480 sublevari
267 1454 417 1490 poterat,
438 1454 530 1480 trans
560 1448 714 1479 Rhenum
738 1449 771 1479 in

71 1498 288 1530 Germaniam
315 1499 421 1530 mittit
451 1499 491 1529 ad
519 1507 576 1529 eas
601 1498 770 1537 civitates,

70 1556 152 1588 quas
183 1548 413 1588 superioribus
437 1549 529 1579 annis
562 1554 770 1588 pacaverat3

70 1597 268 1638 equitesque
291 1598 333 1628 ab
356 1598 405 1629 his
430 1597 595 1636 accersit3
627 1603 662 1628 et
687 1598 770 1628 levis

69 1650 249 1678 armaturae
267 1647 410 1687 pedites,
425 1648 482 1688 qui
509 1647 597 1678 inter
613 1657 669 1678 eos
684 1657 770 1687 proe—

69 1695 141 1726 liari
153 1697 424 1729 constituerant!
462 1697 688 1729 Nihilominus
703 1698 771 1728 vul-

69 1750 182 1786 gatam
209 1747 389 1778 lectionem
419 1746 578 1788 praefero.
639 1748 769 1778 Vossius.

71 1796 253 1835 Germanos,
264 1798 435 1837 equitesque
443 1815 496 1829 -—.
514 1797 678 1836 Germani,
687 1797 769 1837 equi·

68 1848 180 1885 tesque.
226 1846 281 1878 Ita
308 1848 453 1879 Codices
481 1848 646 1888 plerique.
691 1848 770 1879 Sca-

68 1895 154 1935 liger
165 1895 287 1936 edidit,
297 1897 466 1928 Germanos
479 1898 594 1938 equites
602 1916 655 1930 —.
691 1899 770 1929 Ger-

69 1945 151 1976 mani
165 1946 298 1986 equites,
308 1948 360 1987 sse.
406 1947 522 1988 Atque
548 1948 596 1978 ita
622 1952 768 1989 utroque

69 1994 102 2024 in
138 1996 214 2027 loco
244 1997 410 2038 scriptum
440 2002 492 2029 est
522 1998 555 2029 in
588 1998 652 2029 Ms.
684 1999 766 2038 Reg.

67 2043 201 2077 Neutra
225 2047 329 2078 lectio
356 2048 466 2078 mala:
503 2047 599 2079 fuere
622 2048 711 2078 enim
734 2048 768 2078 iu

67 2096 220 2127 exercitu
236 2097 390 2136 Caesaris,
411 2102 447 2128 et
469 2099 587 2137 pedites
603 2102 638 2129 et
653 2099 769 2138 equites

69 2144 240 2177 Germani.
267 2146 374 2177 Clark.
430 2147 499 2182 Que
514 2148 601 2178 male
616 2148 767 2188 Scaliger

68 2203 143 2224 cum
166 2195 290 2227 Ursino
314 2206 358 2227 ex
385 2197 488 2236 ipsius
511 2197 631 2228 codice
656 2199 768 2229 omisit

66 2243 119 2274 hic
135 2249 170 2275 et
186 2244 283 2276 infra.
338 2246 479 2278 Pedites
505 2246 695 2277 Germanos
719 2247 766 2277 in-

68 2294 206 2335 telligit,
218 2296 274 2336 qui
291 2297 462 2338 equitibus
476 2297 667 2338 interpositi
683 2307 768 2337 proe-

66 2344 141 2376 liari
167 2346 335 2385 solebant,
361 2351 399 2377 ut
427 2347 475 2378 ait
501 2357 530 2379 c.
555 2350 605 2379 13.
629 2352 664 2378 et
686 2348 767 2379 alibi

67 2394 204 2435 saepius.
248 2397 390 2428 Locutio
415 2402 528 2428 autem
555 2398 673 2429 cadem
700 2404 765 2438 est,

67 2452 108 2475 ac
121 2445 277 2476 exercitus
299 2447 523 2486 equitatusque,
547 2448 661 2478 milites
683 2449 765 2489 equi-

67 2494 180 2534 tesque,
191 2495 292 2527 immo
307 2496 442 2527 hanzines
457 2497 627 2538 equitesque
640 2499 680 2529 B.
692 2499 766 2530 Civ.

67 2553 109 2575 11.
135 2548 188 2578 39.
217 2547 275 2578 ubi
305 2548 382 2579 vide
409 2548 534 2587 etiam3
571 2554 606 2579 et
633 2549 766 2589 similia,

67 2603 142 2634 quae
178 2596 356 2638 aliquoties
387 2608 490 2638 supra
519 2598 693 2629 babuimus
730 2604 766 2630 et

67 2643 174 2675 ubivis
187 2645 284 2678 obvia
305 2652 392 2680 suut.
436 2647 537 2679 Adde
554 2648 706 2680 Coi-tium
722 2649 764 2679 ad

67 2693 202 2727 Sallust.
228 2697 268 2730 B.
286 2698 368 2739 Jug.
396 2708 426 2730 c.
443 2701 496 2730 49.
516 2699 526 2715 ‘
546 2699 633 2740 Equi
650 2700 765 2731 Numi-

67 2742 211 2786 daeque.'
261 2747 433 2782 Vacillant
458 2749 563 2781 Mss.:
587 2758 665 2781 nam
679 2750 764 2791 equi-

1411 206 1523 248 1307

825 311 926 347 lexque
945 310 1051 349 primo
1069 310 1142 340 loco
1158 319 1233 340 cum
1258 308 1427 349 plerisque
1446 309 1525 339 reti-

824 362 905 387 nent
937 359 1022 389 And.
1063 365 1095 389 ct
1128 360 1239 390 Oxon.
1271 363 1303 388 at
1342 358 1523 398 posteriori

824 406 995 437 omittunt.
1061 409 1211 448 Utroque
1251 409 1323 439 loco
1361 409 1523 439 omittunt

824 456 924 485 etiam
945 456 1037 486 hvid.
1056 467 1106 496 pr.
1126 458 1232 490 Bona.
1251 467 1300 497 pr.
1319 467 1383 488 sec.
1401 462 1436 488 et
1453 458 1522 489 alii.

824 505 889 535 Sed
920 506 1053 535 omnino
1086 507 1229 535 retinere
1272 512 1413 546 praestat
1446 517 1522 538 cum

824 555 1007 593 Vossianis,
1027 556 1149 585 Lovan.
1169 557 1334 591 limrnund.
1360 562 1395 587 ct
1425 557 1526 597 pluri-

823 604 897 635 mis.
944 605 1064 643 Ejecta
1090 609 1141 634 cst
1169 607 1289 645 copula
1317 616 1335 636 a
1362 606 1522 646 librariis,

823 663 888 684 non
905 653 1118 694 capientibus
1137 655 1291 684 lectionis
1309 656 1523 693 elegantiam.

866 707 906 735 10
931 704 1100 742 Confestim
1116 714 1216 734 omnes
1230 705 1378 745 cohortes]
1402 706 1449 736 L‘t
1465 706 1522 737 de-

822 754 930 784 leatur
961 763 1024 784 vox
1055 754 1178 792 media,
1203 754 1329 793 jubent
1360 755 1523 794 Bongars.

823 813 874 842 pr.
902 812 971 833 sec.
1000 803 1120 834 Petav.
1151 804 1232 834 Lov.
1262 804 1386 845 aliique
1425 804 1521 836 Msti.

824 853 933 883 Dat-is.
963 863 1034 883 cur.
1063 863 1130 885 sec.
1191 854 1315 884 Forsan
1344 859 1456 885 exstat
1489 855 1522 885 in

823 902 893 932 solo
911 903 1016 943 Bong.
1034 907 1115 934 tert.
1142 908 1177 934 et
1206 903 1292 935 Edd.
1310 904 1520 944 quibusdam.

824 950 870 982 At
885 952 919 981 in
936 952 1058 982 ceteris
1072 957 1106 983 et
1120 952 1205 983 Edd.
1223 952 1337 992 primis
1350 962 1415 983 non
1432 962 1523 984 com-

823 1006 941 1041 paret:
969 1012 1072 1042 quare
1089 1002 1187 1042 ejeci.

865 1060 1009 1082 xxxvii.
1025 1055 1042 1082 3
1062 1053 1156 1090 Cujus
1171 1053 1279 1083 timore
1293 1062 1405 1091 augere
1414 1052 1523 1093 proesi-

820 1102 872 1131 dia
896 1105 926 1131 et
948 1102 1116 1132 munitione
1142 1103 1308 1142 oppidanos
1334 1103 1523 1133 circumdare

817 1150 991 1189 prohibitus
1005 1152 1087 1191 erat]
1132 1151 1172 1181 In
1192 1152 1271 1181 Mss.
1289 1161 1339 1191 pr.
1356 1161 1422 1182 sec.
1441 1156 1522 1183 tert.

822 1202 931 1241 Bong.
956 1201 1031 1231 Pal.
1056 1206 1090 1232 ct
1115 1206 1233 1232 nostro
1249 1202 1414 1242 scriptum
1431 1202 1523 1233 inve·

821 1250 876 1280 nio
889 1251 974 1289 cujus
988 1251 1096 1282 timore
1109 1255 1198 1282 antea
1214 1251 1352 1282 dividere
1365 1252 1525 1291 praesidia.

822 1299 879 1330 Ita
895 1305 929 1330 et
945 1301 1010 1331 Ms.
1029 1301 1162 1340 Cujacii
1187 1306 1223 1331 et
1239 1301 1445 1332 Petavianus
1463 1300 1522 1342 (ad

821 1348 928 1389 oram)
943 1349 1045 1380 babet
1059 1361 1066 1379 τ
1086 1351 1190 1380 multo
1205 1360 1282 1381 sane
1295 1351 1407 1390 aptius
1422 1360 1523 1391 quam

821 1398 965 1438 vulgatae
983 1399 1080 1429 editt.
1137 1400 1180 1430 Et
1196 1400 1298 1430 miror
1313 1400 1524 1440 Scaligerum

821 1456 860 1478 ac
879 1447 1029 1487 Lipsium
1045 1448 1142 1479 aliter
1160 1448 1315 1479 edidisse.
1363 1449 1453 1480 Nam
1481 1449 1522 1480 ti-

820 1506 914 1528 more
941 1498 1074 1528 externi
1104 1498 1208 1529 hostis
1237 1508 1335 1529 ausus
1359 1508 1424 1529 non
1448 1502 1523 1530 erat

822 1547 981 1578 Caninius
999 1547 1152 1579 dividere
1168 1549 1337 1588 praesidia,
1350 1558 1393 1579 ne
1413 1549 1521 1581 minus

820 1597 932 1627 valida
969 1598 1127 1629 resistere
1164 1599 1354 1639 nequirent.
1409 1600 1525 1630 Unum

820 1647 982 1686 occurrit,
1009 1656 1074 1688 quo
1097 1646 1235 1679 defendi
1258 1649 1395 1689 vulgata
1417 1649 1522 1679 lectIo

820 1699 938 1738 possit,
962 1703 999 1730 ut
1029 1701 1092 1731 hoc
1120 1700 1220 1731 modo
1249 1700 1395 1741 accipias
1417 1700 1522 1732 verba

821 1749 937 1780 Hirtii.
985 1750 1146 1781 Caninius
1163 1751 1290 1781 veritus
1306 1756 1380 1781 crat
1405 1751 1520 1792 plures

819 1799 944 1830 milites
960 1801 1203 1832 munitionibus
1219 1802 1393 1841 imponere
1409 1802 1452 1833 ob
1466 1811 1523 1833 ex-

819 1853 954 1879 ternum
970 1849 1114 1887 hostem,
1142 1851 1238 1890 cujus
1266 1856 1360 1882 metu
1388 1862 1522 1884 manum

819 1908 953 1939 semper
969 1899 1002 1930 in
1019 1901 1120 1931 armis
1146 1906 1299 1941 paratam
1322 1902 1446 1933 habere
1469 1912 1522 1933 co-

819 1949 974 1990 gebatur.
1026 1950 1166 1982 Interea
1191 1961 1256 1982 non
1285 1951 1416 1989 dubito,
1440 1952 1523 1993 quin

819 2003 962 2038 praestet
1000 1999 1171 2039 scriptura
1199 2001 1522 2042 manuscriptorum.

824 2048 958 2079 Vossius.
1026 2048 1129 2079 Antea
1158 2049 1293 2081 dii-idere
1321 2051 1424 2081 etiam
1452 2051 1519 2083 Ms.

820 2097 958 2128 Norvic.
974 2102 1010 2129 et
1026 2097 1113 2129 Edd.
1133 2100 1230 2130 Rom.
1246 2100 1333 2132 Ven.
1349 2101 1520 2133 Beroaldi.

819 2148 931 2179 Dacis.
984 2147 1038 2178 Ad
1062 2158 1196 2180 sensum
1223 2159 1340 2190 parum
1362 2150 1519 2183 interest.

821 2198 928 2229 Clark.
973 2199 1051 2229 Bas.
1068 2199 1154 2230 Ven.
1172 2202 1267 2230 1517.
1291 2200 1373 2232 Ald.
1386 2201 1520 2242 Gryph-

818 2247 951 2279 Manut.
980 2252 1016 2279 et
1043 2248 1160 2279 Plant.
1200 2254 1279 2279 ante
1309 2250 1520 2290 Scaligerum

812 2296 888 2336 jam
913 2297 1096 2328 ediderunt
1120 2307 1253 2336 augere.-
1287 2308 1427 2339 eamque
1453 2299 1521 2331 lec-

819 2345 945 2377 tionem
974 2345 1175 2377 confirmant
1210 2348 1331 2378 Petav.
1358 2347 1450 2379 And.
1483 2352 1520 2380 et

819 2395 930 2427 oxon.
960 2397 1076 2437 Cujac.
1109 2407 1128 2427 a
1157 2407 1201 2427 m.
1233 2406 1299 2428 sec.
1368 2397 1518 2439 Reliqui,

817 2446 918 2477 etiam
936 2446 1100 2477 Cellarius
1117 2456 1192 2477 cum
1207 2447 1291 2478 Mss.
1314 2447 1449 2487 ceteris,
1464 2458 1518 2478 an-

817 2499 867 2526 tea
880 2496 1035 2527 dividere:
1057 2496 1121 2527 nisi
1136 2496 1227 2537 quod
1245 2497 1416 2528 Ciacconii
1431 2497 1519 2528 liber

815 2549 954 2576 suatum
971 2546 1035 2577 div.
1063 2551 1098 2577 et
1123 2547 1219 2578 Voss.
1235 2557 1301 2578 sec.
1330 2557 1431 2578 annua
1452 2547 1516 2578 div.

816 2594 940 2635 Augere
955 2605 1021 2627 non
1036 2601 1142 2634 muto,
1157 2596 1217 2628 sed
1242 2600 1332 2627 antea
1359 2606 1417 2626 suo
1441 2597 1517 2627 loco

816 2645 960 2676 restitui.
1005 2646 1159 2686 Respicit
1175 2645 1217 2675 ad
1235 2655 1264 2676 c.
1281 2648 1333 2675 35.
1358 2646 1367 2661 ί
1385 2654 1427 2674 ne
1443 2645 1516 2685 plu-

816 2693 907 2725 rimis
922 2694 956 2725 in
973 2695 1054 2726 locis
1069 2694 1202 2725 infirma
1217 2693 1375 2733 disponat
1399 2694 1515 2734 praesi·

815 2743 893 2776 dia!
950 2745 1116 2786 Augendo
1149 2743 1309 2785 praesidia
1343 2743 1515 2777 divisisset
