<?xml version="1.0" encoding="UTF-8"?>
<!DOCTYPE html PUBLIC "-//W3C//DTD XHTML 1.0 Transitional//EN"
    "http://www.w3.org/TR/xhtml1/DTD/xhtml1-transitional.dtd">
<html xmlns="http://www.w3.org/1999/xhtml" xml:lang="en" lang="en">
 <head>
  <title>
</title>
<meta http-equiv="Content-Type" content="text/html;charset=utf-8" />
  <meta name='ocr-system' content='tesseract 3.04.00' />
  <meta name='ocr-capabilities' content='ocr_page ocr_carea ocr_par ocr_line ocrx_word'/>
</head>
<body>
  <div class='ocr_page' id='page_1' title='image "./operaomniaexedit03caesuoft/operaomniaexedit03caesuoft_0477.png"; bbox 0 0 1883 3121; ppageno 0'>
   <div class='ocr_carea' id='block_1_1' title="bbox 459 226 1347 268">
    <p class='ocr_par' dir='ltr' id='par_1_1' title="bbox 459 226 1347 268">
     <span class='ocr_line' id='line_1_1' title="bbox 459 226 1347 268; baseline 0 -2"><span class='ocrx_word' id='word_1_1' title='bbox 459 226 953 268; x_wconf 51' lang='lat' dir='ltr'><strong>iuu.1.cip.80.nss</strong></span> <span class='ocrx_word' id='word_1_2' title='bbox 989 235 1142 265; x_wconf 57' lang='lat' dir='ltr'><strong>untho</strong></span> <span class='ocrx_word' id='word_1_3' title='bbox 1177 236 1347 266; x_wconf 57' lang='lat' dir='ltr'><strong>cuith</strong></span> 
     </span>
    </p>
   </div>
   <div class='ocr_carea' id='block_1_2' title="bbox 170 328 877 2825">
    <p class='ocr_par' dir='ltr' id='par_1_2' title="bbox 170 328 877 2382">
     <span class='ocr_line' id='line_1_2' title="bbox 221 328 875 369; baseline -0.006 -10"><span class='ocrx_word' id='word_1_4' title='bbox 221 334 242 359; x_wconf 68' lang='lat'><strong>¹.»</strong></span> <span class='ocrx_word' id='word_1_5' title='bbox 269 329 344 360; x_wconf 83' lang='lat' dir='ltr'><strong>Tum</strong></span> <span class='ocrx_word' id='word_1_6' title='bbox 359 328 574 369; x_wconf 70' lang='lat' dir='ltr'><strong>inquirebant]</strong></span> <span class='ocrx_word' id='word_1_7' title='bbox 613 328 720 358; x_wconf 74' lang='lat' dir='ltr'><strong>Locus</strong></span> <span class='ocrx_word' id='word_1_8' title='bbox 739 335 875 366; x_wconf 81' lang='lat' dir='ltr'><strong>corrup-</strong></span> 
     </span>
     <span class='ocr_line' id='line_1_3' title="bbox 181 377 875 418; baseline -0.004 -9"><span class='ocrx_word' id='word_1_9' title='bbox 181 379 338 417; x_wconf 54' lang='lat' dir='ltr'><strong>tim-nnus,</strong></span> <span class='ocrx_word' id='word_1_10' title='bbox 371 387 432 409; x_wconf 81' lang='lat' dir='ltr'><strong>nec</strong></span> <span class='ocrx_word' id='word_1_11' title='bbox 461 388 481 408; x_wconf 88' lang='lat' dir='ltr'><strong>a</strong></span> <span class='ocrx_word' id='word_1_12' title='bbox 518 386 684 418; x_wconf 82' lang='lat' dir='ltr'><strong>quoquam</strong></span> <span class='ocrx_word' id='word_1_13' title='bbox 714 377 875 407; x_wconf 73' lang='lat' dir='ltr'><strong>hactenus</strong></span> 
     </span>
     <span class='ocr_line' id='line_1_4' title="bbox 179 426 875 468; baseline -0.006 -9"><span class='ocrx_word' id='word_1_14' title='bbox 179 434 331 459; x_wconf 71' lang='lat' dir='ltr'><strong>tentatum</strong></span> <span class='ocrx_word' id='word_1_15' title='bbox 369 433 495 468; x_wconf 83' lang='lat' dir='ltr'><strong>praeter</strong></span> <span class='ocrx_word' id='word_1_16' title='bbox 521 428 785 463; x_wconf 74' lang='lat' dir='ltr'><strong>Hotoniunnnm,</strong></span> <span class='ocrx_word' id='word_1_17' title='bbox 818 426 875 466; x_wconf 90' lang='lat' dir='ltr'><strong>qui</strong></span> 
     </span>
     <span class='ocr_line' id='line_1_5' title="bbox 180 475 874 519; baseline -0.004 -11"><span class='ocrx_word' id='word_1_18' title='bbox 180 489 240 519; x_wconf 81' lang='lat' dir='ltr'><strong>pro</strong></span> <span class='ocrx_word' id='word_1_19' title='bbox 271 478 463 519; x_wconf 70' lang='lat' dir='ltr'><strong>inquirebant</strong></span> <span class='ocrx_word' id='word_1_20' title='bbox 503 475 697 507; x_wconf 75' lang='lat' dir='ltr'>emendavit</span> <span class='ocrx_word' id='word_1_21' title='bbox 738 476 874 516; x_wconf 77' lang='lat' dir='ltr'><strong>require-</strong></span> 
     </span>
     <span class='ocr_line' id='line_1_6' title="bbox 177 526 875 566; baseline -0.001 -8"><span class='ocrx_word' id='word_1_22' title='bbox 177 530 381 560; x_wconf 63' lang='lat' dir='ltr'><strong>lmntt‘inale</strong></span> <span class='ocrx_word' id='word_1_23' title='bbox 405 527 526 566; x_wconf 73' lang='lat' dir='ltr'><strong>fateor,</strong></span> <span class='ocrx_word' id='word_1_24' title='bbox 549 526 608 557; x_wconf 76' lang='lat' dir='ltr'><strong>sed</strong></span> <span class='ocrx_word' id='word_1_25' title='bbox 633 527 750 557; x_wconf 82' lang='lat' dir='ltr'><strong>melius</strong></span> <span class='ocrx_word' id='word_1_26' title='bbox 775 536 875 566; x_wconf 82' lang='lat' dir='ltr'><strong>quam</strong></span> 
     </span>
     <span class='ocr_line' id='line_1_7' title="bbox 176 577 876 618; baseline -0.004 -8"><span class='ocrx_word' id='word_1_27' title='bbox 176 581 322 618; x_wconf 69' lang='lat' dir='ltr'><strong>vulgata.</strong></span> <span class='ocrx_word' id='word_1_28' title='bbox 367 579 460 618; x_wconf 75' lang='lat' dir='ltr'><strong>Lego</strong></span> <span class='ocrx_word' id='word_1_29' title='bbox 487 587 550 618; x_wconf 87' lang='lat' dir='ltr'><strong>ope</strong></span> <span class='ocrx_word' id='word_1_30' title='bbox 581 577 710 607; x_wconf 80' lang='lat' dir='ltr'><strong>codicis</strong></span> <span class='ocrx_word' id='word_1_31' title='bbox 742 577 876 608; x_wconf 78' lang='lat' dir='ltr'><strong>Petavi-</strong></span> 
     </span>
     <span class='ocr_line' id='line_1_8' title="bbox 175 628 876 667; baseline -0.003 -7"><span class='ocrx_word' id='word_1_32' title='bbox 175 630 251 660; x_wconf 84' lang='lat' dir='ltr'><strong>ani:</strong></span> <span class='ocrx_word' id='word_1_33' title='bbox 282 634 347 659; x_wconf 80' lang='lat' dir='ltr'><strong>tum</strong></span> <span class='ocrx_word' id='word_1_34' title='bbox 374 638 484 666; x_wconf 76' lang='lat' dir='ltr'><strong>magno</strong></span> <span class='ocrx_word' id='word_1_35' title='bbox 510 631 577 658; x_wconf 80' lang='lat' dir='ltr'><strong>erat</strong></span> <span class='ocrx_word' id='word_1_36' title='bbox 603 628 635 657; x_wconf 82' lang='lat' dir='ltr'><strong>in</strong></span> <span class='ocrx_word' id='word_1_37' title='bbox 663 628 798 667; x_wconf 79' lang='lat' dir='ltr'><strong>periculo</strong></span> <span class='ocrx_word' id='word_1_38' title='bbox 817 637 876 658; x_wconf 69' lang='lat' dir='ltr'><strong>rea.</strong></span> 
     </span>
     <span class='ocr_line' id='line_1_9' title="bbox 178 679 877 721; baseline -0.004 -9"><span class='ocrx_word' id='word_1_39' title='bbox 178 681 418 721; x_wconf 78' lang='lat' dir='ltr'><strong>Requirebutur‚</strong></span> <span class='ocrx_word' id='word_1_40' title='bbox 450 683 483 710; x_wconf 87' lang='lat' dir='ltr'><strong>ut</strong></span> <span class='ocrx_word' id='word_1_41' title='bbox 513 689 582 709; x_wconf 83' lang='lat' dir='ltr'><strong>cum</strong></span> <span class='ocrx_word' id='word_1_42' title='bbox 613 679 760 716; x_wconf 74' lang='lat' dir='ltr'><strong>ejusmmti</strong></span> <span class='ocrx_word' id='word_1_43' title='bbox 799 682 877 710; x_wconf 76' lang='lat' dir='ltr'><strong>esset</strong></span> 
     </span>
     <span class='ocr_line' id='line_1_10' title="bbox 175 729 876 772; baseline -0.003 -10"><span class='ocrx_word' id='word_1_44' title='bbox 175 732 248 762; x_wconf 67' lang='lat' dir='ltr'><strong>locis</strong></span> <span class='ocrx_word' id='word_1_45' title='bbox 282 731 572 772; x_wconf 75' lang='lat' dir='ltr'><em>appropinquatum,</em></span> <span class='ocrx_word' id='word_1_46' title='bbox 607 729 760 767; x_wconf 76' lang='lat' dir='ltr'><strong>legionum</strong></span> <span class='ocrx_word' id='word_1_47' title='bbox 785 731 876 769; x_wconf 61' lang='lat' dir='ltr'><strong>eignu</strong></span> 
     </span>
     <span class='ocr_line' id='line_1_11' title="bbox 174 779 876 820; baseline -0.003 -9"><span class='ocrx_word' id='word_1_48' title='bbox 174 783 339 813; x_wconf 76' lang='lat' dir='ltr'><strong><em>consistere</em></strong></span> <span class='ocrx_word' id='word_1_49' title='bbox 362 781 518 819; x_wconf 74' lang='lat' dir='ltr'><strong>juberent.</strong></span> <span class='ocrx_word' id='word_1_50' title='bbox 561 780 662 820; x_wconf 88' lang='lat' dir='ltr'><strong>(Cum</strong></span> <span class='ocrx_word' id='word_1_51' title='bbox 687 779 876 810; x_wconf 79' lang='lat' dir='ltr'><strong>Petaviano</strong></span> 
     </span>
     <span class='ocr_line' id='line_1_12' title="bbox 176 829 875 870; baseline -0.004 -7"><span class='ocrx_word' id='word_1_52' title='bbox 176 833 304 864; x_wconf 75' lang='lat' dir='ltr'><strong>Codice</strong></span> <span class='ocrx_word' id='word_1_53' title='bbox 321 831 407 863; x_wconf 72' lang='lat' dir='ltr'><strong>facit</strong></span> <span class='ocrx_word' id='word_1_54' title='bbox 423 832 487 862; x_wconf 83' lang='lat' dir='ltr'><strong>Ms.</strong></span> <span class='ocrx_word' id='word_1_55' title='bbox 506 829 660 869; x_wconf 83' lang='lat' dir='ltr'><strong>Norvic.)</strong></span> <span class='ocrx_word' id='word_1_56' title='bbox 706 830 791 860; x_wconf 72' lang='lat' dir='ltr'><strong>Haec</strong></span> <span class='ocrx_word' id='word_1_57' title='bbox 819 840 875 870; x_wconf 85' lang='lat' dir='ltr'><strong>ge-</strong></span> 
     </span>
     <span class='ocr_line' id='line_1_13' title="bbox 176 879 875 921; baseline -0.006 -7"><span class='ocrx_word' id='word_1_58' title='bbox 176 884 277 914; x_wconf 82' lang='lat' dir='ltr'><strong>nuina</strong></span> <span class='ocrx_word' id='word_1_59' title='bbox 304 883 366 913; x_wconf 89' lang='lat' dir='ltr'><strong>loci</strong></span> <span class='ocrx_word' id='word_1_60' title='bbox 396 882 512 920; x_wconf 78' lang='lat' dir='ltr'><strong>lectio,</strong></span> <span class='ocrx_word' id='word_1_61' title='bbox 546 890 644 921; x_wconf 82' lang='lat' dir='ltr'><strong>quam</strong></span> <span class='ocrx_word' id='word_1_62' title='bbox 677 889 743 911; x_wconf 87' lang='lat' dir='ltr'><strong>non</strong></span> <span class='ocrx_word' id='word_1_63' title='bbox 774 879 875 911; x_wconf 84' lang='lat' dir='ltr'><strong>facile</strong></span> 
     </span>
     <span class='ocr_line' id='line_1_14' title="bbox 174 932 875 975; baseline -0.003 -11"><span class='ocrx_word' id='word_1_64' title='bbox 174 934 248 975; x_wconf 83' lang='lat' dir='ltr'><strong>quis</strong></span> <span class='ocrx_word' id='word_1_65' title='bbox 277 934 411 974; x_wconf 83' lang='lat' dir='ltr'><strong>ingenio</strong></span> <span class='ocrx_word' id='word_1_66' title='bbox 442 933 623 964; x_wconf 69' lang='lat' dir='ltr'><strong>adsecutus</strong></span> <span class='ocrx_word' id='word_1_67' title='bbox 650 932 781 971; x_wconf 73' lang='lat' dir='ltr'><strong>suisset,</strong></span> <span class='ocrx_word' id='word_1_68' title='bbox 811 933 875 963; x_wconf 80' lang='lat' dir='ltr'><strong>nisi</strong></span> 
     </span>
     <span class='ocr_line' id='line_1_15' title="bbox 174 983 875 1025; baseline 0.001 -12"><span class='ocrx_word' id='word_1_69' title='bbox 174 994 273 1025; x_wconf 81' lang='lat' dir='ltr'><strong>opem</strong></span> <span class='ocrx_word' id='word_1_70' title='bbox 297 985 454 1016; x_wconf 86' lang='lat' dir='ltr'><strong>tulissent</strong></span> <span class='ocrx_word' id='word_1_71' title='bbox 476 985 622 1016; x_wconf 88' lang='lat' dir='ltr'><strong>codices.</strong></span> <span class='ocrx_word' id='word_1_72' title='bbox 669 983 756 1014; x_wconf 85' lang='lat' dir='ltr'><strong>Saue</strong></span> <span class='ocrx_word' id='word_1_73' title='bbox 780 984 875 1015; x_wconf 68' lang='lat' dir='ltr'><strong>(liac-</strong></span> 
     </span>
     <span class='ocr_line' id='line_1_16' title="bbox 174 1035 875 1075; baseline -0.001 -10"><span class='ocrx_word' id='word_1_74' title='bbox 174 1035 290 1066; x_wconf 80' lang='lat' dir='ltr'><strong>conius</strong></span> <span class='ocrx_word' id='word_1_75' title='bbox 324 1035 546 1075; x_wconf 82' lang='lat' dir='ltr'><strong>depravatum</strong></span> <span class='ocrx_word' id='word_1_76' title='bbox 574 1035 734 1075; x_wconf 73' lang='lat' dir='ltr'><strong>agnovit3</strong></span> <span class='ocrx_word' id='word_1_77' title='bbox 773 1040 875 1065; x_wconf 72' lang='lat' dir='ltr'><strong>caetc-</strong></span> 
     </span>
     <span class='ocr_line' id='line_1_17' title="bbox 174 1085 875 1125; baseline 0.001 -11"><span class='ocrx_word' id='word_1_78' title='bbox 174 1094 247 1115; x_wconf 78' lang='lat' dir='ltr'><strong>mm</strong></span> <span class='ocrx_word' id='word_1_79' title='bbox 265 1085 432 1125; x_wconf 84' lang='lat' dir='ltr'><strong>quomodo</strong></span> <span class='ocrx_word' id='word_1_80' title='bbox 450 1086 702 1123; x_wconf 81' lang='lat' dir='ltr'><strong>restitueretur,</strong></span> <span class='ocrx_word' id='word_1_81' title='bbox 724 1086 805 1115; x_wconf 87' lang='lat' dir='ltr'><strong>nihil</strong></span> <span class='ocrx_word' id='word_1_82' title='bbox 819 1086 875 1115; x_wconf 85' lang='lat' dir='ltr'><strong>ad-</strong></span> 
     </span>
     <span class='ocr_line' id='line_1_18' title="bbox 173 1134 875 1175; baseline 0 -10"><span class='ocrx_word' id='word_1_83' title='bbox 173 1134 273 1166; x_wconf 83' lang='lat' dir='ltr'><strong>didit.</strong></span> <span class='ocrx_word' id='word_1_84' title='bbox 317 1135 421 1165; x_wconf 88' lang='lat' dir='ltr'><strong>Error</strong></span> <span class='ocrx_word' id='word_1_85' title='bbox 435 1141 530 1166; x_wconf 89' lang='lat' dir='ltr'><strong>ortus</strong></span> <span class='ocrx_word' id='word_1_86' title='bbox 553 1144 593 1165; x_wconf 85' lang='lat' dir='ltr'><strong>ex</strong></span> <span class='ocrx_word' id='word_1_87' title='bbox 611 1135 784 1175; x_wconf 77' lang='lat' dir='ltr'><strong>prmmissa</strong></span> <span class='ocrx_word' id='word_1_88' title='bbox 800 1145 875 1175; x_wconf 87' lang='lat' dir='ltr'><strong>par-</strong></span> 
     </span>
     <span class='ocr_line' id='line_1_19' title="bbox 172 1185 874 1226; baseline 0.001 -11"><span class='ocrx_word' id='word_1_89' title='bbox 172 1185 277 1215; x_wconf 79' lang='lat' dir='ltr'><strong>ticula</strong></span> <span class='ocrx_word' id='word_1_90' title='bbox 292 1189 370 1223; x_wconf 81' lang='lat' dir='ltr'><strong>tum,</strong></span> <span class='ocrx_word' id='word_1_91' title='bbox 394 1194 493 1226; x_wconf 89' lang='lat' dir='ltr'><strong>quam</strong></span> <span class='ocrx_word' id='word_1_92' title='bbox 516 1185 671 1216; x_wconf 78' lang='lat' dir='ltr'><strong>librarius</strong></span> <span class='ocrx_word' id='word_1_93' title='bbox 698 1185 874 1224; x_wconf 75' lang='lat' dir='ltr'><strong>imperitus</strong></span> 
     </span>
     <span class='ocr_line' id='line_1_20' title="bbox 172 1235 874 1276; baseline 0 -10"><span class='ocrx_word' id='word_1_94' title='bbox 172 1235 394 1276; x_wconf 81' lang='lat' dir='ltr'><strong>repetendam</strong></span> <span class='ocrx_word' id='word_1_95' title='bbox 409 1235 553 1275; x_wconf 84' lang='lat' dir='ltr'><strong>putavit.</strong></span> <span class='ocrx_word' id='word_1_96' title='bbox 584 1235 720 1266; x_wconf 71' lang='lat' dir='ltr'><strong>Vossius.</strong></span> <span class='ocrx_word' id='word_1_97' title='bbox 760 1235 874 1276; x_wconf 73' lang='lat' dir='ltr'><strong>Requi-</strong></span> 
     </span>
     <span class='ocr_line' id='line_1_21' title="bbox 173 1285 873 1325; baseline 0.003 -10"><span class='ocrx_word' id='word_1_98' title='bbox 173 1285 299 1316; x_wconf 83' lang='lat' dir='ltr'><strong>rebatur</strong></span> <span class='ocrx_word' id='word_1_99' title='bbox 322 1286 356 1316; x_wconf 85' lang='lat' dir='ltr'><strong>in</strong></span> <span class='ocrx_word' id='word_1_100' title='bbox 385 1290 518 1317; x_wconf 76' lang='lat' dir='ltr'><strong>textum</strong></span> <span class='ocrx_word' id='word_1_101' title='bbox 545 1285 681 1325; x_wconf 81' lang='lat' dir='ltr'><strong>recepit</strong></span> <span class='ocrx_word' id='word_1_102' title='bbox 706 1286 873 1317; x_wconf 76' lang='lat' dir='ltr'><strong>Clarkius.</strong></span> 
     </span>
     <span class='ocr_line' id='line_1_22' title="bbox 173 1336 873 1377; baseline 0 -11"><span class='ocrx_word' id='word_1_103' title='bbox 173 1336 258 1367; x_wconf 76' lang='lat' dir='ltr'><strong>Mihi</strong></span> <span class='ocrx_word' id='word_1_104' title='bbox 275 1343 387 1367; x_wconf 82' lang='lat' dir='ltr'><strong>tamen</strong></span> <span class='ocrx_word' id='word_1_105' title='bbox 403 1336 493 1366; x_wconf 88' lang='lat' dir='ltr'><strong>aliud</strong></span> <span class='ocrx_word' id='word_1_106' title='bbox 510 1336 590 1377; x_wconf 88' lang='lat' dir='ltr'><strong>quid</strong></span> <span class='ocrx_word' id='word_1_107' title='bbox 604 1336 711 1366; x_wconf 87' lang='lat' dir='ltr'><strong>latere</strong></span> <span class='ocrx_word' id='word_1_108' title='bbox 724 1336 873 1375; x_wconf 84' lang='lat' dir='ltr'><strong>videtur,</strong></span> 
     </span>
     <span class='ocr_line' id='line_1_23' title="bbox 173 1386 870 1428; baseline 0 -12"><span class='ocrx_word' id='word_1_109' title='bbox 173 1387 261 1428; x_wconf 79' lang='lat' dir='ltr'><strong>qnod</strong></span> <span class='ocrx_word' id='word_1_110' title='bbox 287 1387 392 1427; x_wconf 70' lang='lat' dir='ltr'><strong>magis</strong></span> <span class='ocrx_word' id='word_1_111' title='bbox 421 1387 512 1427; x_wconf 83' lang='lat' dir='ltr'><strong>sapit</strong></span> <span class='ocrx_word' id='word_1_112' title='bbox 533 1386 659 1426; x_wconf 79' lang='lat' dir='ltr'><strong>stylum</strong></span> <span class='ocrx_word' id='word_1_113' title='bbox 673 1386 870 1418; x_wconf 88' lang='lat' dir='ltr'><strong>Julianum:</strong></span> 
     </span>
     <span class='ocr_line' id='line_1_24' title="bbox 173 1436 871 1476; baseline 0.001 -9"><span class='ocrx_word' id='word_1_114' title='bbox 173 1446 234 1476; x_wconf 76' lang='lat' dir='ltr'><strong>pro</strong></span> <span class='ocrx_word' id='word_1_115' title='bbox 251 1441 316 1469; x_wconf 84' lang='lat' dir='ltr'><strong>tum</strong></span> <span class='ocrx_word' id='word_1_116' title='bbox 332 1437 364 1467; x_wconf 88' lang='lat' dir='ltr'><strong>in</strong></span> <span class='ocrx_word' id='word_1_117' title='bbox 377 1437 511 1469; x_wconf 87' lang='lat' dir='ltr'><strong>Carrar.</strong></span> <span class='ocrx_word' id='word_1_118' title='bbox 523 1441 575 1467; x_wconf 86' lang='lat' dir='ltr'><strong>est</strong></span> <span class='ocrx_word' id='word_1_119' title='bbox 590 1439 703 1467; x_wconf 77' lang='lat' dir='ltr'><strong>tamen.</strong></span> <span class='ocrx_word' id='word_1_120' title='bbox 735 1436 774 1466; x_wconf 82' lang='lat' dir='ltr'><strong>In</strong></span> <span class='ocrx_word' id='word_1_121' title='bbox 787 1436 871 1468; x_wconf 86' lang='lat' dir='ltr'><strong>Cod.</strong></span> 
     </span>
     <span class='ocr_line' id='line_1_25' title="bbox 172 1486 873 1527; baseline 0.001 -11"><span class='ocrx_word' id='word_1_122' title='bbox 172 1487 297 1527; x_wconf 80' lang='lat' dir='ltr'><strong>Scalig.</strong></span> <span class='ocrx_word' id='word_1_123' title='bbox 320 1492 373 1518; x_wconf 87' lang='lat' dir='ltr'><strong>est</strong></span> <span class='ocrx_word' id='word_1_124' title='bbox 396 1487 442 1517; x_wconf 76' lang='lat' dir='ltr'><strong>rei</strong></span> <span class='ocrx_word' id='word_1_125' title='bbox 467 1490 531 1517; x_wconf 81' lang='lat' dir='ltr'><strong>tum</strong></span> <span class='ocrx_word' id='word_1_126' title='bbox 559 1486 785 1526; x_wconf 75' lang='lat' dir='ltr'><strong>inquirebatur.</strong></span> <span class='ocrx_word' id='word_1_127' title='bbox 831 1486 873 1517; x_wconf 93' lang='lat' dir='ltr'><strong>In</strong></span> 
     </span>
     <span class='ocr_line' id='line_1_26' title="bbox 172 1536 872 1577; baseline 0.001 -10"><span class='ocrx_word' id='word_1_128' title='bbox 172 1537 271 1568; x_wconf 83' lang='lat' dir='ltr'><strong>Voss.</strong></span> <span class='ocrx_word' id='word_1_129' title='bbox 287 1546 338 1568; x_wconf 79' lang='lat' dir='ltr'><strong>res</strong></span> <span class='ocrx_word' id='word_1_130' title='bbox 352 1537 399 1568; x_wconf 82' lang='lat' dir='ltr'><strong>rei</strong></span> <span class='ocrx_word' id='word_1_131' title='bbox 415 1536 645 1577; x_wconf 79' lang='lat' dir='ltr'><strong>inquirebatur:</strong></span> <span class='ocrx_word' id='word_1_132' title='bbox 668 1542 703 1568; x_wconf 90' lang='lat' dir='ltr'><strong>at</strong></span> <span class='ocrx_word' id='word_1_133' title='bbox 725 1538 757 1567; x_wconf 88' lang='lat' dir='ltr'><strong>in</strong></span> <span class='ocrx_word' id='word_1_134' title='bbox 777 1537 872 1569; x_wconf 89' lang='lat' dir='ltr'><strong>Leid.</strong></span> 
     </span>
     <span class='ocr_line' id='line_1_27' title="bbox 173 1586 873 1628; baseline 0.003 -12"><span class='ocrx_word' id='word_1_135' title='bbox 173 1586 280 1626; x_wconf 73' lang='lat' dir='ltr'><strong>primo</strong></span> <span class='ocrx_word' id='word_1_136' title='bbox 313 1596 363 1618; x_wconf 80' lang='lat' dir='ltr'><strong>res</strong></span> <span class='ocrx_word' id='word_1_137' title='bbox 389 1587 684 1626; x_wconf 80' lang='lat' dir='ltr'><strong>relinquirebantur.</strong></span> <span class='ocrx_word' id='word_1_138' title='bbox 743 1587 873 1628; x_wconf 83' lang='lat' dir='ltr'><strong>Scribe,</strong></span> 
     </span>
     <span class='ocr_line' id='line_1_28' title="bbox 172 1637 873 1678; baseline 0.001 -11"><span class='ocrx_word' id='word_1_139' title='bbox 172 1647 231 1668; x_wconf 74' lang='lat' dir='ltr'><strong>res,</strong></span> <span class='ocrx_word' id='word_1_140' title='bbox 257 1637 512 1678; x_wconf 75' lang='lat' dir='ltr'><strong>Relinquebatur,</strong></span> <span class='ocrx_word' id='word_1_141' title='bbox 526 1641 574 1675; x_wconf 81' lang='lat' dir='ltr'><strong>nt,</strong></span> <span class='ocrx_word' id='word_1_142' title='bbox 588 1639 641 1677; x_wconf 56' lang='lat' dir='ltr'><strong>&amp;aa</strong></span> <span class='ocrx_word' id='word_1_143' title='bbox 681 1638 782 1670; x_wconf 81' lang='lat' dir='ltr'><strong>Quod</strong></span> <span class='ocrx_word' id='word_1_144' title='bbox 798 1647 873 1669; x_wconf 85' lang='lat' dir='ltr'><strong>ver-</strong></span> 
     </span>
     <span class='ocr_line' id='line_1_29' title="bbox 174 1687 874 1729; baseline 0.003 -11"><span class='ocrx_word' id='word_1_145' title='bbox 174 1687 252 1718; x_wconf 83' lang='lat' dir='ltr'><strong>bum</strong></span> <span class='ocrx_word' id='word_1_146' title='bbox 269 1688 455 1729; x_wconf 76' lang='lat' dir='ltr'><strong>saepissime</strong></span> <span class='ocrx_word' id='word_1_147' title='bbox 477 1689 616 1720; x_wconf 83' lang='lat' dir='ltr'><strong>adhibet</strong></span> <span class='ocrx_word' id='word_1_148' title='bbox 632 1694 754 1720; x_wconf 85' lang='lat' dir='ltr'><em>auctor</em></span> <span class='ocrx_word' id='word_1_149' title='bbox 774 1689 874 1721; x_wconf 82' lang='lat' dir='ltr'><strong>simili</strong></span> 
     </span>
     <span class='ocr_line' id='line_1_30' title="bbox 170 1739 871 1779; baseline 0.001 -10"><span class='ocrx_word' id='word_1_150' title='bbox 170 1739 204 1769; x_wconf 87' lang='lat' dir='ltr'><strong>in</strong></span> <span class='ocrx_word' id='word_1_151' title='bbox 220 1739 370 1779; x_wconf 81' lang='lat' dir='ltr'><strong>negotio,</strong></span> <span class='ocrx_word' id='word_1_152' title='bbox 391 1744 426 1770; x_wconf 84' lang='lat' dir='ltr'><strong>et</strong></span> <span class='ocrx_word' id='word_1_153' title='bbox 450 1739 612 1779; x_wconf 79' lang='lat' dir='ltr'><strong>angustiis</strong></span> <span class='ocrx_word' id='word_1_154' title='bbox 635 1740 675 1770; x_wconf 89' lang='lat' dir='ltr'><strong>B.</strong></span> <span class='ocrx_word' id='word_1_155' title='bbox 693 1739 738 1771; x_wconf 89' lang='lat' dir='ltr'><strong>G.</strong></span> <span class='ocrx_word' id='word_1_156' title='bbox 765 1748 800 1771; x_wconf 81' lang='lat' dir='ltr'><strong>v.</strong></span> <span class='ocrx_word' id='word_1_157' title='bbox 820 1743 871 1771; x_wconf 85' lang='lat'><strong>19.</strong></span> 
     </span>
     <span class='ocr_line' id='line_1_31' title="bbox 171 1788 872 1830; baseline 0.003 -11"><span class='ocrx_word' id='word_1_158' title='bbox 171 1789 180 1805; x_wconf 88' lang='lat'>‘</span> <span class='ocrx_word' id='word_1_159' title='bbox 199 1788 483 1829; x_wconf 82' lang='lat' dir='ltr'><strong>Relinquebatur,</strong></span> <span class='ocrx_word' id='word_1_160' title='bbox 506 1794 543 1820; x_wconf 94' lang='lat' dir='ltr'><strong>nt</strong></span> <span class='ocrx_word' id='word_1_161' title='bbox 558 1799 668 1830; x_wconf 87' lang='lat' dir='ltr'><strong>neque</strong></span> <span class='ocrx_word' id='word_1_162' title='bbox 682 1790 813 1830; x_wconf 84' lang='lat' dir='ltr'><strong>longius</strong></span> <span class='ocrx_word' id='word_1_163' title='bbox 830 1790 872 1821; x_wconf 88' lang='lat' dir='ltr'><strong>ab</strong></span> 
     </span>
     <span class='ocr_line' id='line_1_32' title="bbox 172 1838 874 1879; baseline 0.003 -11"><span class='ocrx_word' id='word_1_164' title='bbox 172 1838 305 1878; x_wconf 80' lang='lat' dir='ltr'><strong>agmine</strong></span> <span class='ocrx_word' id='word_1_165' title='bbox 322 1838 491 1877; x_wconf 80' lang='lat' dir='ltr'><strong>legionum</strong></span> <span class='ocrx_word' id='word_1_166' title='bbox 516 1838 646 1869; x_wconf 77' lang='lat' dir='ltr'><strong>discedi</strong></span> <span class='ocrx_word' id='word_1_167' title='bbox 672 1839 874 1879; x_wconf 59' lang='lat' dir='ltr'><strong>pateretur?</strong></span> 
     </span>
     <span class='ocr_line' id='line_1_33' title="bbox 172 1887 872 1928; baseline 0.003 -10"><span class='ocrx_word' id='word_1_168' title='bbox 172 1887 211 1919; x_wconf 84' lang='grc' dir='ltr'><strong>Β.</strong></span> <span class='ocrx_word' id='word_1_169' title='bbox 230 1887 305 1919; x_wconf 86' lang='lat' dir='ltr'><strong>Civ.</strong></span> <span class='ocrx_word' id='word_1_170' title='bbox 320 1897 344 1918; x_wconf 88' lang='lat'><strong>1.</strong></span> <span class='ocrx_word' id='word_1_171' title='bbox 359 1891 412 1919; x_wconf 79' lang='grc'><strong>29.</strong></span> <span class='ocrx_word' id='word_1_172' title='bbox 442 1888 451 1905; x_wconf 92' lang='lat'>‘</span> <span class='ocrx_word' id='word_1_173' title='bbox 466 1888 750 1928; x_wconf 74' lang='lat' dir='ltr'><strong>Relinquebatur,</strong></span> <span class='ocrx_word' id='word_1_174' title='bbox 773 1895 809 1920; x_wconf 88' lang='lat' dir='ltr'><strong>nt</strong></span> <span class='ocrx_word' id='word_1_175' title='bbox 831 1899 872 1920; x_wconf 75' lang='lat' dir='ltr'><strong>ex</strong></span> 
     </span>
     <span class='ocr_line' id='line_1_34' title="bbox 170 1938 872 1980; baseline 0.003 -11"><span class='ocrx_word' id='word_1_176' title='bbox 170 1938 463 1980; x_wconf 79' lang='lat' dir='ltr'><strong>longinquioribus</strong></span> <span class='ocrx_word' id='word_1_177' title='bbox 481 1938 675 1979; x_wconf 77' lang='lat' dir='ltr'><strong>regionibus</strong></span> <span class='ocrx_word' id='word_1_178' title='bbox 697 1949 801 1970; x_wconf 79' lang='lat' dir='ltr'><strong>naves</strong></span> <span class='ocrx_word' id='word_1_179' title='bbox 821 1950 872 1971; x_wconf 88' lang='lat' dir='ltr'><strong>es-</strong></span> 
     </span>
     <span class='ocr_line' id='line_1_35' title="bbox 171 1988 872 2029; baseline 0.001 -10"><span class='ocrx_word' id='word_1_180' title='bbox 171 1993 250 2020; x_wconf 81' lang='lat' dir='ltr'><strong>sent</strong></span> <span class='ocrx_word' id='word_1_181' title='bbox 265 1988 527 2029; x_wconf 64' lang='lat' dir='ltr'><strong>exspectandae!</strong></span> <span class='ocrx_word' id='word_1_182' title='bbox 545 1997 583 2019; x_wconf 85' lang='lat'><strong>11.</strong></span> <span class='ocrx_word' id='word_1_183' title='bbox 598 1991 651 2019; x_wconf 74' lang='grc'><strong>44.</strong></span> <span class='ocrx_word' id='word_1_184' title='bbox 665 1990 674 2006; x_wconf 85' lang='lat'>‘</span> <span class='ocrx_word' id='word_1_185' title='bbox 691 1989 872 2029; x_wconf 85' lang='lat' dir='ltr'><strong>Relinque-</strong></span> 
     </span>
     <span class='ocr_line' id='line_1_36' title="bbox 170 2038 873 2079; baseline 0.003 -10"><span class='ocrx_word' id='word_1_186' title='bbox 170 2038 284 2079; x_wconf 82' lang='lat' dir='ltr'><strong>batur,</strong></span> <span class='ocrx_word' id='word_1_187' title='bbox 318 2045 356 2070; x_wconf 87' lang='lat' dir='ltr'><strong>nt</strong></span> <span class='ocrx_word' id='word_1_188' title='bbox 383 2044 570 2070; x_wconf 78' lang='lat' dir='ltr'><strong>extremam</strong></span> <span class='ocrx_word' id='word_1_189' title='bbox 597 2039 762 2070; x_wconf 85' lang='lat' dir='ltr'><strong>rationem</strong></span> <span class='ocrx_word' id='word_1_190' title='bbox 793 2040 873 2071; x_wconf 84' lang='lat' dir='ltr'><strong>belli</strong></span> 
     </span>
     <span class='ocr_line' id='line_1_37' title="bbox 173 2089 874 2130; baseline 0.001 -10"><span class='ocrx_word' id='word_1_191' title='bbox 173 2099 315 2130; x_wconf 80' lang='lat' dir='ltr'><strong>sequens</strong></span> <span class='ocrx_word' id='word_1_192' title='bbox 345 2090 450 2121; x_wconf 85' lang='lat' dir='ltr'><strong>colles</strong></span> <span class='ocrx_word' id='word_1_193' title='bbox 481 2089 691 2130; x_wconf 61' lang='lat' dir='ltr'><strong>occuparet!</strong></span> <span class='ocrx_word' id='word_1_194' title='bbox 736 2099 766 2121; x_wconf 92' lang='lat' dir='ltr'><strong>c.</strong></span> <span class='ocrx_word' id='word_1_195' title='bbox 800 2093 874 2121; x_wconf 80' lang='lat'><strong>109.</strong></span> 
     </span>
     <span class='ocr_line' id='line_1_38' title="bbox 170 2139 872 2181; baseline 0.001 -11"><span class='ocrx_word' id='word_1_196' title='bbox 170 2144 180 2157; x_wconf 92' lang='lat'>‘</span> <span class='ocrx_word' id='word_1_197' title='bbox 199 2140 483 2181; x_wconf 82' lang='lat' dir='ltr'><strong>Relinquebatur,</strong></span> <span class='ocrx_word' id='word_1_198' title='bbox 505 2144 543 2170; x_wconf 89' lang='lat' dir='ltr'><strong>ut</strong></span> <span class='ocrx_word' id='word_1_199' title='bbox 572 2148 608 2170; x_wconf 85' lang='lat' dir='ltr'><strong>se</strong></span> <span class='ocrx_word' id='word_1_200' title='bbox 635 2139 702 2170; x_wconf 81' lang='lat' dir='ltr'><strong>suis</strong></span> <span class='ocrx_word' id='word_1_201' title='bbox 726 2139 807 2170; x_wconf 85' lang='lat' dir='ltr'><strong>locis</strong></span> <span class='ocrx_word' id='word_1_202' title='bbox 828 2143 872 2171; x_wconf 86' lang='lat' dir='ltr'><strong>te-</strong></span> 
     </span>
     <span class='ocr_line' id='line_1_39' title="bbox 171 2189 873 2231; baseline 0.001 -11"><span class='ocrx_word' id='word_1_203' title='bbox 171 2189 279 2220; x_wconf 58' lang='lat' dir='ltr'><strong>neret?</strong></span> <span class='ocrx_word' id='word_1_204' title='bbox 321 2189 356 2220; x_wconf 91' lang='lat' dir='ltr'><strong>Si</strong></span> <span class='ocrx_word' id='word_1_205' title='bbox 373 2190 448 2231; x_wconf 89' lang='lat' dir='ltr'><strong>quis</strong></span> <span class='ocrx_word' id='word_1_206' title='bbox 464 2189 594 2220; x_wconf 84' lang='lat' dir='ltr'><strong>mavult</strong></span> <span class='ocrx_word' id='word_1_207' title='bbox 612 2190 725 2221; x_wconf 85' lang='lat' dir='ltr'><strong>Tamen</strong></span> <span class='ocrx_word' id='word_1_208' title='bbox 740 2192 794 2221; x_wconf 86' lang='lat' dir='ltr'><strong>rel.</strong></span> <span class='ocrx_word' id='word_1_209' title='bbox 811 2201 873 2230; x_wconf 91' lang='lat' dir='ltr'><strong>per</strong></span> 
     </span>
     <span class='ocr_line' id='line_1_40' title="bbox 170 2239 873 2281; baseline 0.004 -12"><span class='ocrx_word' id='word_1_210' title='bbox 170 2249 223 2270; x_wconf 89' lang='lat' dir='ltr'><strong>me</strong></span> <span class='ocrx_word' id='word_1_211' title='bbox 251 2239 342 2271; x_wconf 91' lang='lat' dir='ltr'><strong>licet.</strong></span> <span class='ocrx_word' id='word_1_212' title='bbox 387 2240 440 2270; x_wconf 89' lang='lat' dir='ltr'><strong>Ill.</strong></span> <span class='ocrx_word' id='word_1_213' title='bbox 470 2239 624 2270; x_wconf 80' lang='lat' dir='ltr'><strong>schelius</strong></span> <span class='ocrx_word' id='word_1_214' title='bbox 655 2240 873 2281; x_wconf 82' lang='lat' dir='ltr'><strong>conjiciebat,</strong></span> 
     </span>
     <span class='ocr_line' id='line_1_41' title="bbox 171 2290 874 2331; baseline 0.003 -10"><span class='ocrx_word' id='word_1_215' title='bbox 171 2290 248 2321; x_wconf 76' lang='lat' dir='ltr'><strong>loco</strong></span> <span class='ocrx_word' id='word_1_216' title='bbox 269 2291 367 2322; x_wconf 81' lang='lat' dir='ltr'><strong>medo</strong></span> <span class='ocrx_word' id='word_1_217' title='bbox 391 2291 509 2331; x_wconf 77' lang='lat' dir='ltr'><strong>citato,</strong></span> <span class='ocrx_word' id='word_1_218' title='bbox 531 2291 565 2321; x_wconf 80' lang='lat' dir='ltr'><strong>in</strong></span> <span class='ocrx_word' id='word_1_219' title='bbox 593 2300 661 2331; x_wconf 83' lang='lat' dir='ltr'><strong>per.</strong></span> <span class='ocrx_word' id='word_1_220' title='bbox 689 2295 800 2328; x_wconf 78' lang='lat' dir='ltr'><strong>erant,·</strong></span> <span class='ocrx_word' id='word_1_221' title='bbox 824 2302 874 2323; x_wconf 80' lang='lat' dir='ltr'><strong>res</strong></span> 
     </span>
     <span class='ocr_line' id='line_1_42' title="bbox 170 2341 444 2382; baseline 0.004 -11"><span class='ocrx_word' id='word_1_222' title='bbox 170 2343 237 2371; x_wconf 83' lang='lat' dir='ltr'><strong>tum</strong></span> <span class='ocrx_word' id='word_1_223' title='bbox 258 2341 444 2382; x_wconf 73' lang='lat' dir='ltr'><strong>requirebat.</strong></span> 
     </span>
    </p>

    <p class='ocr_par' dir='ltr' id='par_1_3' title="bbox 171 2390 874 2825">
     <span class='ocr_line' id='line_1_43' title="bbox 214 2390 872 2431; baseline 0.005 -11"><span class='ocrx_word' id='word_1_224' title='bbox 214 2394 252 2421; x_wconf 85' lang='lat'><strong>11</strong></span> <span class='ocrx_word' id='word_1_225' title='bbox 283 2390 420 2421; x_wconf 71' lang='lat' dir='ltr'><strong>Incitato</strong></span> <span class='ocrx_word' id='word_1_226' title='bbox 447 2391 555 2431; x_wconf 85' lang='lat' dir='ltr'><strong>eursu]</strong></span> <span class='ocrx_word' id='word_1_227' title='bbox 602 2391 658 2423; x_wconf 91' lang='lat' dir='ltr'><strong>Sic</strong></span> <span class='ocrx_word' id='word_1_228' title='bbox 689 2391 872 2423; x_wconf 80' lang='lat' dir='ltr'><strong>ediderunt</strong></span> 
     </span>
     <span class='ocr_line' id='line_1_44' title="bbox 171 2441 872 2481; baseline 0 -9"><span class='ocrx_word' id='word_1_229' title='bbox 171 2441 272 2481; x_wconf 84' lang='lat' dir='ltr'><strong>primi</strong></span> <span class='ocrx_word' id='word_1_230' title='bbox 286 2441 475 2476; x_wconf 82' lang='lat' dir='ltr'><strong>Plautinus,</strong></span> <span class='ocrx_word' id='word_1_231' title='bbox 498 2442 651 2481; x_wconf 70' lang='lat' dir='ltr'><strong>Scaliger</strong></span> <span class='ocrx_word' id='word_1_232' title='bbox 674 2447 710 2473; x_wconf 83' lang='lat' dir='ltr'><strong>et</strong></span> <span class='ocrx_word' id='word_1_233' title='bbox 728 2441 806 2472; x_wconf 85' lang='lat' dir='ltr'><strong>dein</strong></span> <span class='ocrx_word' id='word_1_234' title='bbox 823 2452 872 2472; x_wconf 88' lang='lat' dir='ltr'><strong>re-</strong></span> 
     </span>
     <span class='ocr_line' id='line_1_45' title="bbox 171 2491 873 2532; baseline 0.001 -10"><span class='ocrx_word' id='word_1_235' title='bbox 171 2491 268 2532; x_wconf 72' lang='lat' dir='ltr'><strong>liqui.</strong></span> <span class='ocrx_word' id='word_1_236' title='bbox 315 2491 452 2522; x_wconf 77' lang='lat' dir='ltr'><strong>Priores</strong></span> <span class='ocrx_word' id='word_1_237' title='bbox 487 2501 561 2522; x_wconf 88' lang='lat' dir='ltr'><strong>cum</strong></span> <span class='ocrx_word' id='word_1_238' title='bbox 594 2492 678 2524; x_wconf 81' lang='lat' dir='ltr'><strong>Mss.</strong></span> <span class='ocrx_word' id='word_1_239' title='bbox 718 2492 873 2523; x_wconf 91' lang='lat' dir='ltr'><strong>omnibus</strong></span> 
     </span>
     <span class='ocr_line' id='line_1_46' title="bbox 172 2541 874 2582; baseline 0.003 -10"><span class='ocrx_word' id='word_1_240' title='bbox 172 2541 314 2572; x_wconf 72' lang='lat' dir='ltr'><strong>incitati:</strong></span> <span class='ocrx_word' id='word_1_241' title='bbox 339 2542 506 2582; x_wconf 81' lang='lat' dir='ltr'><strong>quomodo</strong></span> <span class='ocrx_word' id='word_1_242' title='bbox 526 2542 666 2572; x_wconf 83' lang='lat' dir='ltr'><strong>Hotom.</strong></span> <span class='ocrx_word' id='word_1_243' title='bbox 687 2542 874 2581; x_wconf 79' lang='lat' dir='ltr'><strong>reponebat</strong></span> 
     </span>
     <span class='ocr_line' id='line_1_47' title="bbox 173 2591 872 2623; baseline 0.001 -2"><span class='ocrx_word' id='word_1_244' title='bbox 173 2591 277 2622; x_wconf 83' lang='lat' dir='ltr'><strong>etiam</strong></span> <span class='ocrx_word' id='word_1_245' title='bbox 292 2592 334 2622; x_wconf 87' lang='lat' dir='ltr'><strong>B.</strong></span> <span class='ocrx_word' id='word_1_246' title='bbox 351 2592 395 2623; x_wconf 89' lang='lat' dir='ltr'><strong>G.</strong></span> <span class='ocrx_word' id='word_1_247' title='bbox 411 2601 452 2622; x_wconf 92' lang='lat'><strong>11.</strong></span> <span class='ocrx_word' id='word_1_248' title='bbox 470 2595 523 2623; x_wconf 79' lang='lat'><strong>26.</strong></span> <span class='ocrx_word' id='word_1_249' title='bbox 548 2595 556 2608; x_wconf 92' lang='lat'><strong>‘</strong></span> <span class='ocrx_word' id='word_1_250' title='bbox 571 2592 676 2623; x_wconf 84' lang='lat' dir='ltr'><strong>Cursu</strong></span> <span class='ocrx_word' id='word_1_251' title='bbox 694 2593 836 2623; x_wconf 85' lang='lat' dir='ltr'><strong>incitato</strong></span> <span class='ocrx_word' id='word_1_252' title='bbox 851 2592 872 2622; x_wconf 88' lang='lat'><strong>:’</strong></span> 
     </span>
     <span class='ocr_line' id='line_1_48' title="bbox 174 2640 873 2683; baseline 0.006 -12"><span class='ocrx_word' id='word_1_253' title='bbox 174 2640 254 2671; x_wconf 83' lang='lat' dir='ltr'><strong>alibi</strong></span> <span class='ocrx_word' id='word_1_254' title='bbox 277 2642 446 2674; x_wconf 88' lang='lat' dir='ltr'><strong>‘incitato</strong></span> <span class='ocrx_word' id='word_1_255' title='bbox 469 2643 580 2683; x_wconf 86' lang='lat' dir='ltr'><strong>equo.&#39;</strong></span> <span class='ocrx_word' id='word_1_256' title='bbox 609 2644 649 2673; x_wconf 89' lang='lat' dir='ltr'><strong>B.</strong></span> <span class='ocrx_word' id='word_1_257' title='bbox 669 2643 740 2674; x_wconf 80' lang='lat' dir='ltr'><strong>Civ.</strong></span> <span class='ocrx_word' id='word_1_258' title='bbox 763 2651 803 2673; x_wconf 86' lang='grc' dir='ltr'><strong>ιι.</strong></span> <span class='ocrx_word' id='word_1_259' title='bbox 821 2646 873 2675; x_wconf 70' lang='grc'><strong>14.</strong></span> 
     </span>
     <span class='ocr_line' id='line_1_49' title="bbox 173 2689 872 2724; baseline 0.004 -4"><span class='ocrx_word' id='word_1_260' title='bbox 173 2692 182 2707; x_wconf 89' lang='lat'>‘</span> <span class='ocrx_word' id='word_1_261' title='bbox 198 2689 351 2722; x_wconf 79' lang='lat' dir='ltr'><strong>incitant&#39;</strong></span> <span class='ocrx_word' id='word_1_262' title='bbox 368 2692 426 2722; x_wconf 84' lang='lat' dir='ltr'><strong>se.’</strong></span> <span class='ocrx_word' id='word_1_263' title='bbox 469 2692 557 2723; x_wconf 84' lang='lat' dir='ltr'><strong>Vide</strong></span> <span class='ocrx_word' id='word_1_264' title='bbox 582 2693 686 2723; x_wconf 85' lang='lat' dir='ltr'><strong>etiam</strong></span> <span class='ocrx_word' id='word_1_265' title='bbox 703 2693 744 2723; x_wconf 77' lang='lat' dir='ltr'><strong>ad</strong></span> <span class='ocrx_word' id='word_1_266' title='bbox 768 2693 808 2723; x_wconf 76' lang='lat' dir='ltr'><strong>B.</strong></span> <span class='ocrx_word' id='word_1_267' title='bbox 827 2693 872 2724; x_wconf 89' lang='lat' dir='ltr'><strong>G.</strong></span> 
     </span>
     <span class='ocr_line' id='line_1_50' title="bbox 174 2742 873 2774; baseline 0.004 -3"><span class='ocrx_word' id='word_1_268' title='bbox 174 2749 229 2771; x_wconf 85' lang='grc' dir='ltr'><strong>ιιι.</strong></span> <span class='ocrx_word' id='word_1_269' title='bbox 244 2743 294 2772; x_wconf 77' lang='grc'><strong>12.</strong></span> <span class='ocrx_word' id='word_1_270' title='bbox 340 2742 495 2773; x_wconf 62' lang='lat' dir='ltr'><strong>Et&lt;certe</strong></span> <span class='ocrx_word' id='word_1_271' title='bbox 517 2743 642 2774; x_wconf 80' lang='lat' dir='ltr'><strong>incitati</strong></span> <span class='ocrx_word' id='word_1_272' title='bbox 664 2744 787 2774; x_wconf 87' lang='lat' dir='ltr'><strong>mutari</strong></span> <span class='ocrx_word' id='word_1_273' title='bbox 806 2753 873 2774; x_wconf 91' lang='lat' dir='ltr'><strong>non</strong></span> 
     </span>
     <span class='ocr_line' id='line_1_51' title="bbox 173 2789 871 2825; baseline 0.006 -4"><span class='ocrx_word' id='word_1_274' title='bbox 173 2789 305 2822; x_wconf 81' lang='lat' dir='ltr'><strong>debuit.</strong></span> <span class='ocrx_word' id='word_1_275' title='bbox 349 2791 405 2822; x_wconf 84' lang='lat' dir='ltr'><strong>Sic</strong></span> <span class='ocrx_word' id='word_1_276' title='bbox 430 2792 519 2823; x_wconf 88' lang='lat' dir='ltr'><strong>enim</strong></span> <span class='ocrx_word' id='word_1_277' title='bbox 549 2802 664 2825; x_wconf 82' lang='lat' dir='ltr'><strong>rursus</strong></span> <span class='ocrx_word' id='word_1_278' title='bbox 689 2799 806 2825; x_wconf 82' lang='lat' dir='ltr'><strong>auctor</strong></span> <span class='ocrx_word' id='word_1_279' title='bbox 830 2794 871 2825; x_wconf 88' lang='lat' dir='ltr'><strong>B.</strong></span> 
     </span>
    </p>
   </div>
   <div class='ocr_carea' id='block_1_3' title="bbox 1518 227 1628 267">
    <p class='ocr_par' dir='ltr' id='par_1_4' title="bbox 1518 227 1628 267">
     <span class='ocr_line' id='line_1_52' title="bbox 1518 227 1628 267; baseline -0.009 0"><span class='ocrx_word' id='word_1_280' title='bbox 1518 227 1628 267; x_wconf 70' lang='lat'><strong>1395</strong></span> 
     </span>
    </p>
   </div>
   <div class='ocr_carea' id='block_1_4' title="bbox 917 327 1631 2834">
    <p class='ocr_par' dir='ltr' id='par_1_5' title="bbox 927 327 1631 711">
     <span class='ocr_line' id='line_1_53' title="bbox 929 327 1627 360; baseline 0.003 -2"><span class='ocrx_word' id='word_1_281' title='bbox 929 328 967 358; x_wconf 89' lang='lat' dir='ltr'><strong>C.</strong></span> <span class='ocrx_word' id='word_1_282' title='bbox 988 337 1042 358; x_wconf 91' lang='grc' dir='ltr'><strong>ιιι.</strong></span> <span class='ocrx_word' id='word_1_283' title='bbox 1057 332 1108 359; x_wconf 77' lang='grc'><strong>40.</strong></span> <span class='ocrx_word' id='word_1_284' title='bbox 1135 329 1143 345; x_wconf 89' lang='lat'>‘</span> <span class='ocrx_word' id='word_1_285' title='bbox 1159 328 1321 359; x_wconf 75' lang='lat' dir='ltr'><strong>adversus</strong></span> <span class='ocrx_word' id='word_1_286' title='bbox 1351 327 1472 358; x_wconf 84' lang='lat' dir='ltr'><strong>clivum</strong></span> <span class='ocrx_word' id='word_1_287' title='bbox 1497 329 1627 360; x_wconf 79' lang='lat' dir='ltr'><strong>incitati</strong></span> 
     </span>
     <span class='ocr_line' id='line_1_54' title="bbox 928 377 1628 416; baseline 0.004 -10"><span class='ocrx_word' id='word_1_288' title='bbox 928 377 1052 408; x_wconf 75' lang='lat' dir='ltr'><strong>eursu.¹</strong></span> <span class='ocrx_word' id='word_1_289' title='bbox 1068 386 1153 408; x_wconf 49' lang='grc' dir='ltr'><strong>«ει-,ε</strong></span> <span class='ocrx_word' id='word_1_290' title='bbox 1181 384 1216 409; x_wconf 93' lang='lat' dir='ltr'><strong>ut</strong></span> <span class='ocrx_word' id='word_1_291' title='bbox 1233 385 1284 408; x_wconf 61' lang='lat' dir='ltr'><strong>est</strong></span> <span class='ocrx_word' id='word_1_292' title='bbox 1302 379 1334 408; x_wconf 89' lang='lat' dir='ltr'><strong>in</strong></span> <span class='ocrx_word' id='word_1_293' title='bbox 1360 379 1438 409; x_wconf 57' lang='lat' dir='ltr'><strong>Mss.</strong></span> <span class='ocrx_word' id='word_1_294' title='bbox 1455 379 1628 416; x_wconf 37' lang='lat' dir='ltr'><strong>omnibu„</strong></span> 
     </span>
     <span class='ocr_line' id='line_1_55' title="bbox 927 427 1628 467; baseline 0.004 -10"><span class='ocrx_word' id='word_1_295' title='bbox 927 436 966 457; x_wconf 87' lang='lat' dir='ltr'><strong>ac</strong></span> <span class='ocrx_word' id='word_1_296' title='bbox 982 427 1070 458; x_wconf 81' lang='lat' dir='ltr'><strong>Hirt.</strong></span> <span class='ocrx_word' id='word_1_297' title='bbox 1088 429 1126 458; x_wconf 86' lang='lat' dir='ltr'><strong>B.</strong></span> <span class='ocrx_word' id='word_1_298' title='bbox 1141 428 1238 458; x_wconf 68' lang='lat' dir='ltr'><strong>Alex.</strong></span> <span class='ocrx_word' id='word_1_299' title='bbox 1255 439 1284 458; x_wconf 82' lang='lat' dir='ltr'><strong>c.</strong></span> <span class='ocrx_word' id='word_1_300' title='bbox 1298 433 1350 459; x_wconf 72' lang='lat'><strong>20.</strong></span> <span class='ocrx_word' id='word_1_301' title='bbox 1369 431 1377 445; x_wconf 90' lang='lat'>‘</span> <span class='ocrx_word' id='word_1_302' title='bbox 1393 439 1512 467; x_wconf 65' lang='lat' dir='ltr'><strong>magno</strong></span> <span class='ocrx_word' id='word_1_303' title='bbox 1529 439 1628 460; x_wconf 65' lang='lat' dir='ltr'><strong>cursu</strong></span> 
     </span>
     <span class='ocr_line' id='line_1_56' title="bbox 929 476 1629 510; baseline 0.006 -4"><span class='ocrx_word' id='word_1_304' title='bbox 929 476 1061 507; x_wconf 84' lang='lat' dir='ltr'><strong>incitati</strong></span> <span class='ocrx_word' id='word_1_305' title='bbox 1078 478 1118 507; x_wconf 63' lang='lat' dir='ltr'><strong>ail</strong></span> <span class='ocrx_word' id='word_1_306' title='bbox 1141 487 1242 508; x_wconf 65' lang='lat' dir='ltr'><strong>naves</strong></span> <span class='ocrx_word' id='word_1_307' title='bbox 1260 478 1533 510; x_wconf 62' lang='lat' dir='ltr'><strong>contenderunt!</strong></span> <span class='ocrx_word' id='word_1_308' title='bbox 1577 481 1629 510; x_wconf 73' lang='lat' dir='ltr'><strong>Si-</strong></span> 
     </span>
     <span class='ocr_line' id='line_1_57' title="bbox 928 526 1631 561; baseline 0.007 -5"><span class='ocrx_word' id='word_1_309' title='bbox 928 526 1054 557; x_wconf 82' lang='lat' dir='ltr'><strong>militer</strong></span> <span class='ocrx_word' id='word_1_310' title='bbox 1070 536 1183 557; x_wconf 68' lang='lat' dir='ltr'><strong>rursus</strong></span> <span class='ocrx_word' id='word_1_311' title='bbox 1212 528 1252 557; x_wconf 74' lang='lat' dir='ltr'><strong>ll.</strong></span> <span class='ocrx_word' id='word_1_312' title='bbox 1271 530 1344 559; x_wconf 79' lang='lat' dir='ltr'><strong>Cir.</strong></span> <span class='ocrx_word' id='word_1_313' title='bbox 1371 539 1424 560; x_wconf 93' lang='grc' dir='ltr'><strong>ιιι.</strong></span> <span class='ocrx_word' id='word_1_314' title='bbox 1443 533 1494 560; x_wconf 65' lang='lat' dir='ltr'><strong>w.</strong></span> <span class='ocrx_word' id='word_1_315' title='bbox 1520 533 1528 546; x_wconf 88' lang='lat'>‘</span> <span class='ocrx_word' id='word_1_316' title='bbox 1543 531 1631 561; x_wconf 80' lang='lat' dir='ltr'><strong>cete-</strong></span> 
     </span>
     <span class='ocr_line' id='line_1_58' title="bbox 930 577 1629 611; baseline 0.004 -4"><span class='ocrx_word' id='word_1_317' title='bbox 930 577 1032 607; x_wconf 80' lang='lat' dir='ltr'><strong>ritate</strong></span> <span class='ocrx_word' id='word_1_318' title='bbox 1057 583 1092 607; x_wconf 83' lang='lat' dir='ltr'><strong>et</strong></span> <span class='ocrx_word' id='word_1_319' title='bbox 1120 577 1234 608; x_wconf 76' lang='lat' dir='ltr'><strong>studio</strong></span> <span class='ocrx_word' id='word_1_320' title='bbox 1252 578 1410 609; x_wconf 60' lang='lat' dir='ltr'><strong>incitatus</strong></span> <span class='ocrx_word' id='word_1_321' title='bbox 1434 579 1629 611; x_wconf 62' lang='lat' dir='ltr'><strong>ferebatur:</strong></span> 
     </span>
     <span class='ocr_line' id='line_1_59' title="bbox 928 627 1629 671; baseline 0.006 -13"><span class='ocrx_word' id='word_1_322' title='bbox 928 637 960 659; x_wconf 84' lang='lat' dir='ltr'><strong>c.</strong></span> <span class='ocrx_word' id='word_1_323' title='bbox 991 630 1043 659; x_wconf 85' lang='lat'><strong>93.</strong></span> <span class='ocrx_word' id='word_1_324' title='bbox 1076 627 1239 658; x_wconf 86' lang='lat' dir='ltr'><strong>‘Incitati</strong></span> <span class='ocrx_word' id='word_1_325' title='bbox 1267 628 1345 667; x_wconf 65' lang='lat' dir='ltr'><strong>fuga</strong></span> <span class='ocrx_word' id='word_1_326' title='bbox 1373 636 1504 660; x_wconf 82' lang='lat' dir='ltr'><strong>montes</strong></span> <span class='ocrx_word' id='word_1_327' title='bbox 1535 639 1629 671; x_wconf 83' lang='lat' dir='ltr'><strong>pete·</strong></span> 
     </span>
     <span class='ocr_line' id='line_1_60' title="bbox 928 678 1547 711; baseline 0.005 -3"><span class='ocrx_word' id='word_1_328' title='bbox 928 678 1028 709; x_wconf 74' lang='lat' dir='ltr'><strong>rent.²</strong></span> <span class='ocrx_word' id='word_1_329' title='bbox 1063 679 1104 710; x_wconf 92' lang='lat' dir='ltr'><strong>V.</strong></span> <span class='ocrx_word' id='word_1_330' title='bbox 1123 679 1224 709; x_wconf 65' lang='lat' dir='ltr'><strong>vtiam</strong></span> <span class='ocrx_word' id='word_1_331' title='bbox 1243 679 1283 709; x_wconf 88' lang='lat' dir='ltr'><strong>ad</strong></span> <span class='ocrx_word' id='word_1_332' title='bbox 1302 680 1341 709; x_wconf 88' lang='lat' dir='ltr'><strong>B.</strong></span> <span class='ocrx_word' id='word_1_333' title='bbox 1361 680 1403 709; x_wconf 80' lang='lat' dir='ltr'><strong>(j.</strong></span> <span class='ocrx_word' id='word_1_334' title='bbox 1421 689 1475 710; x_wconf 85' lang='grc' dir='ltr'><strong>ιιι.</strong></span> <span class='ocrx_word' id='word_1_335' title='bbox 1497 684 1547 711; x_wconf 83' lang='lat'><strong>10.</strong></span> 
     </span>
    </p>

    <p class='ocr_par' dir='ltr' id='par_1_6' title="bbox 924 731 1629 1817">
     <span class='ocr_line' id='line_1_61' title="bbox 974 731 1629 773; baseline 0.008 -13"><span class='ocrx_word' id='word_1_336' title='bbox 974 733 1012 760; x_wconf 79' lang='lat'><strong>12</strong></span> <span class='ocrx_word' id='word_1_337' title='bbox 1029 731 1238 761; x_wconf 73' lang='lat' dir='ltr'><strong>Demitterent</strong></span> <span class='ocrx_word' id='word_1_338' title='bbox 1348 732 1563 773; x_wconf 68' lang='lat' dir='ltr'><strong>consistcrent]</strong></span> <span class='ocrx_word' id='word_1_339' title='bbox 1573 734 1629 765; x_wconf 83' lang='lat' dir='ltr'><strong>Sic</strong></span> 
     </span>
     <span class='ocr_line' id='line_1_62' title="bbox 927 780 1629 820; baseline 0.004 -10"><span class='ocrx_word' id='word_1_340' title='bbox 927 789 969 810; x_wconf 81' lang='lat' dir='ltr'><strong>ex</strong></span> <span class='ocrx_word' id='word_1_341' title='bbox 999 780 1081 810; x_wconf 62' lang='lat' dir='ltr'><strong>M-s.</strong></span> <span class='ocrx_word' id='word_1_342' title='bbox 1115 781 1199 820; x_wconf 72' lang='lat' dir='ltr'><strong>Reg.</strong></span> <span class='ocrx_word' id='word_1_343' title='bbox 1235 781 1362 811; x_wconf 87' lang='lat' dir='ltr'><strong>Eliens.</strong></span> <span class='ocrx_word' id='word_1_344' title='bbox 1394 788 1427 812; x_wconf 89' lang='lat' dir='ltr'><strong>et</strong></span> <span class='ocrx_word' id='word_1_345' title='bbox 1458 783 1558 813; x_wconf 63' lang='lat' dir='ltr'><strong>Voss.</strong></span> <span class='ocrx_word' id='word_1_346' title='bbox 1593 790 1629 816; x_wconf 86' lang='lat' dir='ltr'><strong>et</strong></span> 
     </span>
     <span class='ocr_line' id='line_1_63' title="bbox 928 831 1629 872; baseline 0.006 -11"><span class='ocrx_word' id='word_1_347' title='bbox 928 831 1020 861; x_wconf 84' lang='lat' dir='ltr'><strong>Edit.</strong></span> <span class='ocrx_word' id='word_1_348' title='bbox 1054 832 1151 862; x_wconf 86' lang='lat' dir='ltr'><strong>Rom.</strong></span> <span class='ocrx_word' id='word_1_349' title='bbox 1184 832 1332 870; x_wconf 84' lang='lat' dir='ltr'><strong>restitui,</strong></span> <span class='ocrx_word' id='word_1_350' title='bbox 1368 834 1561 872; x_wconf 85' lang='lat' dir='ltr'><strong>postulante</strong></span> <span class='ocrx_word' id='word_1_351' title='bbox 1593 839 1629 865; x_wconf 85' lang='lat' dir='ltr'><strong>et</strong></span> 
     </span>
     <span class='ocr_line' id='line_1_64' title="bbox 927 881 1629 920; baseline 0.006 -9"><span class='ocrx_word' id='word_1_352' title='bbox 927 881 1000 920; x_wconf 89' lang='lat' dir='ltr'><strong>ipsa</strong></span> <span class='ocrx_word' id='word_1_353' title='bbox 1028 882 1224 913; x_wconf 76' lang='lat' dir='ltr'><strong>Latinitate.</strong></span> <span class='ocrx_word' id='word_1_354' title='bbox 1282 882 1374 914; x_wconf 76' lang='lat' dir='ltr'><strong>Editi</strong></span> <span class='ocrx_word' id='word_1_355' title='bbox 1403 882 1629 916; x_wconf 84' lang='lat' dir='ltr'><strong>Recentiores</strong></span> 
     </span>
     <span class='ocr_line' id='line_1_65' title="bbox 927 932 1629 965; baseline 0.006 -4"><span class='ocrx_word' id='word_1_356' title='bbox 927 941 1043 962; x_wconf 85' lang='lat' dir='ltr'><strong>omnes</strong></span> <span class='ocrx_word' id='word_1_357' title='bbox 1060 932 1223 963; x_wconf 58' lang='lat' dir='ltr'><strong>exhibent</strong></span> <span class='ocrx_word' id='word_1_358' title='bbox 1239 932 1404 963; x_wconf 70' lang='lat' dir='ltr'><strong>demittere</strong></span> <span class='ocrx_word' id='word_1_359' title='bbox 1420 951 1503 956; x_wconf 92' lang='grc'><strong>---</strong></span> <span class='ocrx_word' id='word_1_360' title='bbox 1517 936 1629 965; x_wconf 71' lang='lat' dir='ltr'><strong>consis-</strong></span> 
     </span>
     <span class='ocr_line' id='line_1_66' title="bbox 926 982 1627 1024; baseline 0.004 -11"><span class='ocrx_word' id='word_1_361' title='bbox 926 986 1003 1014; x_wconf 81' lang='lat' dir='ltr'><strong>tere.</strong></span> <span class='ocrx_word' id='word_1_362' title='bbox 1049 984 1148 1016; x_wconf 79' lang='lat' dir='ltr'><strong>Quod</strong></span> <span class='ocrx_word' id='word_1_363' title='bbox 1172 982 1254 1015; x_wconf 87' lang='lat' dir='ltr'><strong>ferri</strong></span> <span class='ocrx_word' id='word_1_364' title='bbox 1273 994 1336 1015; x_wconf 87' lang='lat' dir='ltr'><strong>non</strong></span> <span class='ocrx_word' id='word_1_365' title='bbox 1355 990 1479 1024; x_wconf 81' lang='lat' dir='ltr'><strong>potest.</strong></span> <span class='ocrx_word' id='word_1_366' title='bbox 1520 986 1627 1016; x_wconf 74' lang='lat' dir='ltr'><strong>Clarlc.</strong></span> 
     </span>
     <span class='ocr_line' id='line_1_67' title="bbox 928 1026 1629 1067; baseline 0.004 -4"><span class='ocrx_word' id='word_1_367' title='bbox 928 1033 1091 1064; x_wconf 86' lang='lat' dir='ltr'><strong>Rescribe</strong></span> <span class='ocrx_word' id='word_1_368' title='bbox 1107 1043 1171 1064; x_wconf 68' lang='lat' dir='ltr'><strong>sese</strong></span> <span class='ocrx_word' id='word_1_369' title='bbox 1191 1034 1223 1064; x_wconf 83' lang='lat' dir='ltr'><strong>in</strong></span> <span class='ocrx_word' id='word_1_370' title='bbox 1248 1035 1338 1065; x_wconf 72' lang='lat' dir='ltr'><strong>ealles</strong></span> <span class='ocrx_word' id='word_1_371' title='bbox 1358 1026 1491 1065; x_wconf 51' lang='lat' dir='ltr'><strong>universi·</strong></span> <span class='ocrx_word' id='word_1_372' title='bbox 1508 1035 1629 1067; x_wconf 83' lang='lat' dir='ltr'><strong>demit-</strong></span> 
     </span>
     <span class='ocr_line' id='line_1_68' title="bbox 927 1084 1629 1124; baseline 0.004 -11"><span class='ocrx_word' id='word_1_373' title='bbox 927 1088 1054 1121; x_wconf 82' lang='lat' dir='ltr'><strong>terent,</strong></span> <span class='ocrx_word' id='word_1_374' title='bbox 1089 1087 1179 1124; x_wconf 78' lang='lat' dir='ltr'><strong>atque</strong></span> <span class='ocrx_word' id='word_1_375' title='bbox 1202 1084 1247 1114; x_wconf 77' lang='lat' dir='ltr'><strong>ita</strong></span> <span class='ocrx_word' id='word_1_376' title='bbox 1378 1086 1629 1123; x_wconf 73' lang='lat' dir='ltr'><strong>consisterent3</strong></span> 
     </span>
     <span class='ocr_line' id='line_1_69' title="bbox 928 1133 1628 1172; baseline 0.006 -11"><span class='ocrx_word' id='word_1_377' title='bbox 928 1142 1026 1172; x_wconf 86' lang='lat' dir='ltr'><strong>quam</strong></span> <span class='ocrx_word' id='word_1_378' title='bbox 1044 1133 1210 1164; x_wconf 84' lang='lat' dir='ltr'><strong>rationem</strong></span> <span class='ocrx_word' id='word_1_379' title='bbox 1227 1134 1382 1165; x_wconf 82' lang='lat' dir='ltr'><strong>Clarkius</strong></span> <span class='ocrx_word' id='word_1_380' title='bbox 1403 1135 1435 1165; x_wconf 92' lang='lat' dir='ltr'><strong>in</strong></span> <span class='ocrx_word' id='word_1_381' title='bbox 1453 1135 1520 1165; x_wconf 85' lang='lat' dir='ltr'><strong>suis</strong></span> <span class='ocrx_word' id='word_1_382' title='bbox 1537 1135 1628 1166; x_wconf 81' lang='lat' dir='ltr'><strong>codi-</strong></span> 
     </span>
     <span class='ocr_line' id='line_1_70' title="bbox 925 1183 1625 1222; baseline 0.007 -11"><span class='ocrx_word' id='word_1_383' title='bbox 925 1183 1034 1220; x_wconf 72' lang='lat' dir='ltr'><strong>cibus,</strong></span> <span class='ocrx_word' id='word_1_384' title='bbox 1058 1183 1130 1222; x_wconf 82' lang='lat' dir='ltr'><strong>ipse</strong></span> <span class='ocrx_word' id='word_1_385' title='bbox 1148 1183 1181 1212; x_wconf 91' lang='lat' dir='ltr'><strong>in</strong></span> <span class='ocrx_word' id='word_1_386' title='bbox 1200 1184 1337 1214; x_wconf 83' lang='lat' dir='ltr'><strong>Norvic.</strong></span> <span class='ocrx_word' id='word_1_387' title='bbox 1365 1194 1404 1215; x_wconf 80' lang='lat' dir='ltr'><strong>ac</strong></span> <span class='ocrx_word' id='word_1_388' title='bbox 1428 1185 1536 1216; x_wconf 85' lang='lat' dir='ltr'><strong>tribus</strong></span> <span class='ocrx_word' id='word_1_389' title='bbox 1553 1185 1625 1216; x_wconf 83' lang='lat' dir='ltr'><strong>aliis</strong></span> 
     </span>
     <span class='ocr_line' id='line_1_71' title="bbox 926 1232 1628 1275; baseline 0.006 -13"><span class='ocrx_word' id='word_1_390' title='bbox 926 1232 1026 1263; x_wconf 80' lang='lat' dir='ltr'><strong>Mstis</strong></span> <span class='ocrx_word' id='word_1_391' title='bbox 1053 1238 1088 1264; x_wconf 88' lang='lat' dir='ltr'><strong>et</strong></span> <span class='ocrx_word' id='word_1_392' title='bbox 1112 1232 1144 1262; x_wconf 91' lang='lat' dir='ltr'><strong>in</strong></span> <span class='ocrx_word' id='word_1_393' title='bbox 1167 1233 1327 1264; x_wconf 84' lang='lat' dir='ltr'><strong>Beroald.</strong></span> <span class='ocrx_word' id='word_1_394' title='bbox 1355 1234 1484 1275; x_wconf 60' lang='grc' dir='ltr'><strong>(ἄη-μὴ.</strong></span> <span class='ocrx_word' id='word_1_395' title='bbox 1507 1240 1542 1266; x_wconf 88' lang='lat' dir='ltr'><strong>et</strong></span> <span class='ocrx_word' id='word_1_396' title='bbox 1566 1236 1628 1266; x_wconf 70' lang='lat' dir='ltr'><strong>Fr-</strong></span> 
     </span>
     <span class='ocr_line' id='line_1_72' title="bbox 924 1283 1625 1323; baseline 0.006 -11"><span class='ocrx_word' id='word_1_397' title='bbox 924 1283 986 1312; x_wconf 83' lang='lat' dir='ltr'><strong>sin.</strong></span> <span class='ocrx_word' id='word_1_398' title='bbox 1004 1288 1175 1322; x_wconf 82' lang='lat' dir='ltr'><strong>repertam</strong></span> <span class='ocrx_word' id='word_1_399' title='bbox 1192 1283 1384 1323; x_wconf 78' lang='lat' dir='ltr'><strong>probamus.</strong></span> <span class='ocrx_word' id='word_1_400' title='bbox 1417 1285 1529 1316; x_wconf 69' lang='lat' dir='ltr'><strong>Datis.</strong></span> <span class='ocrx_word' id='word_1_401' title='bbox 1553 1295 1625 1316; x_wconf 87' lang='lat' dir='ltr'><strong>cnr.</strong></span> 
     </span>
     <span class='ocr_line' id='line_1_73' title="bbox 925 1333 1627 1367; baseline 0.006 -5"><span class='ocrx_word' id='word_1_402' title='bbox 925 1342 993 1363; x_wconf 78' lang='lat' dir='ltr'><strong>sec.</strong></span> <span class='ocrx_word' id='word_1_403' title='bbox 1037 1333 1181 1364; x_wconf 84' lang='lat' dir='ltr'><strong>Temere</strong></span> <span class='ocrx_word' id='word_1_404' title='bbox 1202 1334 1316 1364; x_wconf 83' lang='lat' dir='ltr'><strong>Ursini</strong></span> <span class='ocrx_word' id='word_1_405' title='bbox 1340 1334 1424 1365; x_wconf 90' lang='lat' dir='ltr'><strong>Cod.</strong></span> <span class='ocrx_word' id='word_1_406' title='bbox 1447 1335 1627 1367; x_wconf 82' lang='lat' dir='ltr'><strong>lectionem</strong></span> 
     </span>
     <span class='ocr_line' id='line_1_74' title="bbox 925 1383 1628 1423; baseline 0.006 -10"><span class='ocrx_word' id='word_1_407' title='bbox 925 1383 1074 1423; x_wconf 80' lang='lat' dir='ltr'><strong>adripuit</strong></span> <span class='ocrx_word' id='word_1_408' title='bbox 1097 1383 1262 1423; x_wconf 73' lang='lat' dir='ltr'><strong>Scaliger,</strong></span> <span class='ocrx_word' id='word_1_409' title='bbox 1285 1390 1406 1414; x_wconf 86' lang='lat' dir='ltr'><strong>contra</strong></span> <span class='ocrx_word' id='word_1_410' title='bbox 1426 1385 1509 1416; x_wconf 86' lang='lat' dir='ltr'><strong>Mss.</strong></span> <span class='ocrx_word' id='word_1_411' title='bbox 1538 1390 1628 1417; x_wconf 85' lang='lat' dir='ltr'><strong>cete-</strong></span> 
     </span>
     <span class='ocr_line' id='line_1_75' title="bbox 925 1433 1628 1474; baseline 0.004 -11"><span class='ocrx_word' id='word_1_412' title='bbox 925 1443 978 1464; x_wconf 85' lang='lat' dir='ltr'><strong>ros</strong></span> <span class='ocrx_word' id='word_1_413' title='bbox 996 1440 1032 1465; x_wconf 92' lang='lat' dir='ltr'><strong>et</strong></span> <span class='ocrx_word' id='word_1_414' title='bbox 1049 1433 1133 1464; x_wconf 71' lang='lat' dir='ltr'><strong>Edu.</strong></span> <span class='ocrx_word' id='word_1_415' title='bbox 1180 1434 1266 1464; x_wconf 66' lang='lat' dir='ltr'><strong>Nam</strong></span> <span class='ocrx_word' id='word_1_416' title='bbox 1284 1434 1419 1464; x_wconf 85' lang='lat' dir='ltr'><strong>omnino</strong></span> <span class='ocrx_word' id='word_1_417' title='bbox 1432 1434 1628 1474; x_wconf 75' lang='lat' dir='ltr'><strong>dependent</strong></span> 
     </span>
     <span class='ocr_line' id='line_1_76' title="bbox 925 1482 1627 1524; baseline 0.003 -11"><span class='ocrx_word' id='word_1_418' title='bbox 925 1492 944 1513; x_wconf 85' lang='lat' dir='ltr'><strong>a</strong></span> <span class='ocrx_word' id='word_1_419' title='bbox 962 1482 1180 1523; x_wconf 71' lang='lat' dir='ltr'><strong>praecedente</strong></span> <span class='ocrx_word' id='word_1_420' title='bbox 1197 1482 1454 1524; x_wconf 76' lang='lat' dir='ltr'><strong>Relinquebatur,</strong></span> <span class='ocrx_word' id='word_1_421' title='bbox 1474 1487 1520 1514; x_wconf 82' lang='lat' dir='ltr'><strong>ut.</strong></span> <span class='ocrx_word' id='word_1_422' title='bbox 1570 1485 1627 1515; x_wconf 85' lang='lat' dir='ltr'><strong>In·</strong></span> 
     </span>
     <span class='ocr_line' id='line_1_77' title="bbox 925 1532 1627 1575; baseline 0.004 -12"><span class='ocrx_word' id='word_1_423' title='bbox 925 1532 1090 1564; x_wconf 82' lang='lat' dir='ltr'><strong>finitivum</strong></span> <span class='ocrx_word' id='word_1_424' title='bbox 1114 1533 1141 1564; x_wconf 88' lang='lat' dir='ltr'><strong>si</strong></span> <span class='ocrx_word' id='word_1_425' title='bbox 1167 1533 1305 1565; x_wconf 79' lang='lat' dir='ltr'><strong>adhibet</strong></span> <span class='ocrx_word' id='word_1_426' title='bbox 1327 1534 1374 1565; x_wconf 81' lang='lat' dir='ltr'><strong>ita</strong></span> <span class='ocrx_word' id='word_1_427' title='bbox 1395 1534 1521 1575; x_wconf 82' lang='lat' dir='ltr'><strong>Caesar,</strong></span> <span class='ocrx_word' id='word_1_428' title='bbox 1544 1533 1627 1566; x_wconf 81' lang='lat' dir='ltr'><strong>facit</strong></span> 
     </span>
     <span class='ocr_line' id='line_1_78' title="bbox 925 1583 1627 1624; baseline 0.003 -11"><span class='ocrx_word' id='word_1_429' title='bbox 925 1583 967 1614; x_wconf 90' lang='lat' dir='ltr'><strong>ab</strong></span> <span class='ocrx_word' id='word_1_430' title='bbox 984 1583 1081 1615; x_wconf 87' lang='lat' dir='ltr'><strong>initio</strong></span> <span class='ocrx_word' id='word_1_431' title='bbox 1098 1583 1241 1624; x_wconf 84' lang='lat' dir='ltr'><strong>periodi,</strong></span> <span class='ocrx_word' id='word_1_432' title='bbox 1264 1584 1369 1615; x_wconf 84' lang='lat' dir='ltr'><strong>rarius</strong></span> <span class='ocrx_word' id='word_1_433' title='bbox 1385 1590 1510 1616; x_wconf 85' lang='lat' dir='ltr'><strong>tamen.</strong></span> <span class='ocrx_word' id='word_1_434' title='bbox 1548 1585 1627 1616; x_wconf 81' lang='lat' dir='ltr'><strong>Adi</strong></span> 
     </span>
     <span class='ocr_line' id='line_1_79' title="bbox 924 1633 1626 1674; baseline 0.003 -10"><span class='ocrx_word' id='word_1_435' title='bbox 924 1633 966 1664; x_wconf 81' lang='lat' dir='ltr'><strong>ad</strong></span> <span class='ocrx_word' id='word_1_436' title='bbox 985 1642 1050 1666; x_wconf 84' lang='lat' dir='ltr'><strong>vn.</strong></span> <span class='ocrx_word' id='word_1_437' title='bbox 1067 1636 1118 1665; x_wconf 87' lang='lat' dir='ltr'><strong>Sl.</strong></span> <span class='ocrx_word' id='word_1_438' title='bbox 1158 1634 1243 1665; x_wconf 82' lang='lat' dir='ltr'><strong>Post</strong></span> <span class='ocrx_word' id='word_1_439' title='bbox 1265 1634 1494 1674; x_wconf 71' lang='lat' dir='ltr'><strong>exciperet-etur</strong></span> <span class='ocrx_word' id='word_1_440' title='bbox 1516 1640 1569 1666; x_wconf 86' lang='lat' dir='ltr'><strong>est</strong></span> <span class='ocrx_word' id='word_1_441' title='bbox 1591 1636 1626 1666; x_wconf 89' lang='lat' dir='ltr'><strong>in</strong></span> 
     </span>
     <span class='ocr_line' id='line_1_80' title="bbox 924 1683 1628 1724; baseline 0.001 -9"><span class='ocrx_word' id='word_1_442' title='bbox 924 1683 1019 1716; x_wconf 83' lang='lat' dir='ltr'><strong>Leid.</strong></span> <span class='ocrx_word' id='word_1_443' title='bbox 1036 1693 1106 1715; x_wconf 85' lang='lat' dir='ltr'><strong>sec.</strong></span> <span class='ocrx_word' id='word_1_444' title='bbox 1149 1684 1216 1715; x_wconf 83' lang='lat' dir='ltr'><strong>Sed</strong></span> <span class='ocrx_word' id='word_1_445' title='bbox 1237 1684 1364 1724; x_wconf 85' lang='lat' dir='ltr'><strong>optime</strong></span> <span class='ocrx_word' id='word_1_446' title='bbox 1386 1694 1501 1716; x_wconf 82' lang='lat' dir='ltr'><strong>rursus</strong></span> <span class='ocrx_word' id='word_1_447' title='bbox 1524 1695 1628 1716; x_wconf 88' lang='lat' dir='ltr'><strong>mem·</strong></span> 
     </span>
     <span class='ocr_line' id='line_1_81' title="bbox 924 1735 1625 1777; baseline 0.001 -11"><span class='ocrx_word' id='word_1_448' title='bbox 924 1735 1039 1766; x_wconf 80' lang='lat' dir='ltr'><strong>branae</strong></span> <span class='ocrx_word' id='word_1_449' title='bbox 1067 1736 1185 1777; x_wconf 80' lang='lat' dir='ltr'><strong>primae</strong></span> <span class='ocrx_word' id='word_1_450' title='bbox 1209 1736 1433 1776; x_wconf 69' lang='lat' dir='ltr'><strong>excipaerentur.</strong></span> <span class='ocrx_word' id='word_1_451' title='bbox 1478 1737 1565 1768; x_wconf 88' lang='lat' dir='ltr'><strong>Vide</strong></span> <span class='ocrx_word' id='word_1_452' title='bbox 1582 1737 1625 1767; x_wconf 82' lang='lat' dir='ltr'><strong>ad</strong></span> 
     </span>
     <span class='ocr_line' id='line_1_82' title="bbox 925 1789 1047 1817; baseline 0.008 -1"><span class='ocrx_word' id='word_1_453' title='bbox 925 1794 976 1817; x_wconf 73' lang='lat' dir='ltr'><strong>vr.</strong></span> <span class='ocrx_word' id='word_1_454' title='bbox 997 1789 1047 1817; x_wconf 85' lang='lat' dir='ltr'><strong>ll.</strong></span> 
     </span>
    </p>

    <p class='ocr_par' dir='ltr' id='par_1_7' title="bbox 917 1836 1628 2624">
     <span class='ocr_line' id='line_1_83' title="bbox 967 1836 1627 1876; baseline 0.006 -10"><span class='ocrx_word' id='word_1_455' title='bbox 967 1844 1077 1866; x_wconf 79' lang='lat' dir='ltr'><strong>Lxxx.</strong></span> <span class='ocrx_word' id='word_1_456' title='bbox 1102 1838 1122 1866; x_wconf 75' lang='lat'>4</span> <span class='ocrx_word' id='word_1_457' title='bbox 1150 1837 1219 1867; x_wconf 80' lang='lat' dir='ltr'><strong>Una</strong></span> <span class='ocrx_word' id='word_1_458' title='bbox 1234 1836 1385 1876; x_wconf 79' lang='lat' dir='ltr'><strong>afr-onte]</strong></span> <span class='ocrx_word' id='word_1_459' title='bbox 1412 1837 1468 1868; x_wconf 85' lang='lat' dir='ltr'><strong>Ita</strong></span> <span class='ocrx_word' id='word_1_460' title='bbox 1483 1847 1525 1869; x_wconf 81' lang='lat' dir='ltr'><strong>ex</strong></span> <span class='ocrx_word' id='word_1_461' title='bbox 1549 1848 1627 1870; x_wconf 87' lang='lat' dir='ltr'><strong>con-</strong></span> 
     </span>
     <span class='ocr_line' id='line_1_84' title="bbox 917 1886 1624 1929; baseline 0.003 -13"><span class='ocrx_word' id='word_1_462' title='bbox 917 1886 1055 1926; x_wconf 87' lang='lat' dir='ltr'><strong>jectura</strong></span> <span class='ocrx_word' id='word_1_463' title='bbox 1075 1886 1250 1918; x_wconf 85' lang='lat' dir='ltr'><strong>Ciacconii</strong></span> <span class='ocrx_word' id='word_1_464' title='bbox 1272 1886 1426 1918; x_wconf 72' lang='lat' dir='ltr'><strong>exhibuit</strong></span> <span class='ocrx_word' id='word_1_465' title='bbox 1452 1888 1624 1929; x_wconf 82' lang='lat' dir='ltr'><strong>Scaliger:</strong></span> 
     </span>
     <span class='ocr_line' id='line_1_85' title="bbox 923 1937 1626 1970; baseline 0.004 -3"><span class='ocrx_word' id='word_1_466' title='bbox 923 1941 961 1967; x_wconf 86' lang='lat' dir='ltr'><strong>ut</strong></span> <span class='ocrx_word' id='word_1_467' title='bbox 976 1947 1037 1968; x_wconf 83' lang='grc' dir='ltr'><strong>ωια</strong></span> <span class='ocrx_word' id='word_1_468' title='bbox 1060 1937 1104 1968; x_wconf 84' lang='lat' dir='ltr'><strong>sit</strong></span> <span class='ocrx_word' id='word_1_469' title='bbox 1126 1937 1335 1970; x_wconf 78' lang='lat' dir='ltr'><strong>adverbium.</strong></span> <span class='ocrx_word' id='word_1_470' title='bbox 1382 1939 1626 1970; x_wconf 73' lang='lat' dir='ltr'><strong>Praecedentes</strong></span> 
     </span>
     <span class='ocr_line' id='line_1_86' title="bbox 923 1986 1626 2020; baseline 0.004 -3"><span class='ocrx_word' id='word_1_471' title='bbox 923 1986 1010 2017; x_wconf 87' lang='lat' dir='ltr'><strong>Edd.</strong></span> <span class='ocrx_word' id='word_1_472' title='bbox 1025 1992 1060 2017; x_wconf 86' lang='lat' dir='ltr'><strong>et</strong></span> <span class='ocrx_word' id='word_1_473' title='bbox 1077 1987 1203 2018; x_wconf 86' lang='lat' dir='ltr'><strong>Cellar.</strong></span> <span class='ocrx_word' id='word_1_474' title='bbox 1218 1997 1258 2018; x_wconf 91' lang='lat' dir='ltr'><strong>ac</strong></span> <span class='ocrx_word' id='word_1_475' title='bbox 1271 1988 1356 2019; x_wconf 80' lang='lat' dir='ltr'><strong>Mss.</strong></span> <span class='ocrx_word' id='word_1_476' title='bbox 1370 1997 1484 2019; x_wconf 84' lang='lat' dir='ltr'><strong>omnes</strong></span> <span class='ocrx_word' id='word_1_477' title='bbox 1496 1988 1626 2020; x_wconf 81' lang='lat' dir='ltr'><strong>habeut</strong></span> 
     </span>
     <span class='ocr_line' id='line_1_87' title="bbox 927 2036 1627 2078; baseline 0.007 -11"><span class='ocrx_word' id='word_1_478' title='bbox 927 2037 997 2068; x_wconf 80' lang='lat' dir='ltr'><strong>Una</strong></span> <span class='ocrx_word' id='word_1_479' title='bbox 1011 2036 1136 2074; x_wconf 83' lang='lat' dir='ltr'><strong>fronte.-</strong></span> <span class='ocrx_word' id='word_1_480' title='bbox 1159 2038 1247 2078; x_wconf 90' lang='lat' dir='ltr'><strong>quod</strong></span> <span class='ocrx_word' id='word_1_481' title='bbox 1264 2039 1388 2069; x_wconf 85' lang='lat' dir='ltr'><strong>mutari</strong></span> <span class='ocrx_word' id='word_1_482' title='bbox 1412 2049 1476 2069; x_wconf 88' lang='lat' dir='ltr'><strong>non</strong></span> <span class='ocrx_word' id='word_1_483' title='bbox 1496 2039 1627 2072; x_wconf 87' lang='lat' dir='ltr'><strong>debuit.</strong></span> 
     </span>
     <span class='ocr_line' id='line_1_88' title="bbox 924 2085 1627 2130; baseline 0.004 -14"><span class='ocrx_word' id='word_1_484' title='bbox 924 2085 1091 2126; x_wconf 88' lang='lat' dir='ltr'><strong>Intelligit</strong></span> <span class='ocrx_word' id='word_1_485' title='bbox 1107 2087 1235 2125; x_wconf 83' lang='lat' dir='ltr'><strong>Caesar,</strong></span> <span class='ocrx_word' id='word_1_486' title='bbox 1251 2092 1361 2118; x_wconf 84' lang='lat' dir='ltr'><strong>castra</strong></span> <span class='ocrx_word' id='word_1_487' title='bbox 1377 2097 1456 2127; x_wconf 88' lang='lat' dir='ltr'><strong>non,</strong></span> <span class='ocrx_word' id='word_1_488' title='bbox 1479 2095 1516 2119; x_wconf 88' lang='lat' dir='ltr'><strong>nt</strong></span> <span class='ocrx_word' id='word_1_489' title='bbox 1532 2089 1627 2130; x_wconf 85' lang='lat' dir='ltr'><strong>alias,</strong></span> 
     </span>
     <span class='ocr_line' id='line_1_89' title="bbox 924 2138 1625 2179; baseline 0.004 -11"><span class='ocrx_word' id='word_1_490' title='bbox 924 2147 942 2168; x_wconf 80' lang='lat' dir='ltr'><strong>a</strong></span> <span class='ocrx_word' id='word_1_491' title='bbox 963 2142 1108 2179; x_wconf 88' lang='lat' dir='ltr'><strong>quatuor</strong></span> <span class='ocrx_word' id='word_1_492' title='bbox 1130 2138 1286 2178; x_wconf 81' lang='lat' dir='ltr'><strong>partibus</strong></span> <span class='ocrx_word' id='word_1_493' title='bbox 1310 2148 1383 2169; x_wconf 82' lang='lat' dir='ltr'><strong>esse</strong></span> <span class='ocrx_word' id='word_1_494' title='bbox 1401 2139 1541 2178; x_wconf 85' lang='lat' dir='ltr'><strong>munita,</strong></span> <span class='ocrx_word' id='word_1_495' title='bbox 1564 2139 1625 2171; x_wconf 84' lang='lat' dir='ltr'><strong>sed</strong></span> 
     </span>
     <span class='ocr_line' id='line_1_90' title="bbox 924 2188 1626 2229; baseline 0.003 -11"><span class='ocrx_word' id='word_1_496' title='bbox 924 2193 1057 2219; x_wconf 85' lang='lat' dir='ltr'><strong>tantum</strong></span> <span class='ocrx_word' id='word_1_497' title='bbox 1073 2188 1115 2218; x_wconf 88' lang='lat' dir='ltr'><strong>ab</strong></span> <span class='ocrx_word' id='word_1_498' title='bbox 1133 2198 1211 2227; x_wconf 81' lang='lat' dir='ltr'><strong>nna,</strong></span> <span class='ocrx_word' id='word_1_499' title='bbox 1236 2198 1312 2229; x_wconf 79' lang='lat' dir='ltr'><strong>qnae</strong></span> <span class='ocrx_word' id='word_1_500' title='bbox 1335 2188 1378 2218; x_wconf 90' lang='lat' dir='ltr'><strong>ad</strong></span> <span class='ocrx_word' id='word_1_501' title='bbox 1404 2189 1534 2219; x_wconf 77' lang='lat' dir='ltr'><strong>hostem</strong></span> <span class='ocrx_word' id='word_1_502' title='bbox 1554 2199 1626 2221; x_wconf 88' lang='lat' dir='ltr'><strong>ver·</strong></span> 
     </span>
     <span class='ocr_line' id='line_1_91' title="bbox 923 2236 1628 2278; baseline 0.003 -10"><span class='ocrx_word' id='word_1_503' title='bbox 923 2236 1046 2278; x_wconf 51' lang='lat' dir='ltr'><strong>gebat}</strong></span> <span class='ocrx_word' id='word_1_504' title='bbox 1071 2243 1108 2269; x_wconf 92' lang='lat' dir='ltr'><strong>ut</strong></span> <span class='ocrx_word' id='word_1_505' title='bbox 1125 2237 1203 2268; x_wconf 88' lang='lat' dir='ltr'><strong>dnm</strong></span> <span class='ocrx_word' id='word_1_506' title='bbox 1228 2237 1467 2276; x_wconf 76' lang='lat' dir='ltr'><strong>subsisterent,</strong></span> <span class='ocrx_word' id='word_1_507' title='bbox 1492 2239 1556 2270; x_wconf 86' lang='lat' dir='ltr'><strong>tuti</strong></span> <span class='ocrx_word' id='word_1_508' title='bbox 1578 2249 1628 2270; x_wconf 82' lang='lat' dir='ltr'><strong>es-</strong></span> 
     </span>
     <span class='ocr_line' id='line_1_92' title="bbox 924 2288 1625 2330; baseline 0.003 -12"><span class='ocrx_word' id='word_1_509' title='bbox 924 2293 1000 2319; x_wconf 89' lang='lat' dir='ltr'><strong>sent</strong></span> <span class='ocrx_word' id='word_1_510' title='bbox 1012 2298 1022 2325; x_wconf 74' lang='grc' dir='ltr'><strong>ς</strong></span> <span class='ocrx_word' id='word_1_511' title='bbox 1041 2288 1074 2319; x_wconf 90' lang='lat' dir='ltr'><strong>in</strong></span> <span class='ocrx_word' id='word_1_512' title='bbox 1085 2289 1196 2319; x_wconf 87' lang='lat' dir='ltr'><strong>animo</strong></span> <span class='ocrx_word' id='word_1_513' title='bbox 1209 2288 1376 2320; x_wconf 79' lang='lat' dir='ltr'><strong>habentes</strong></span> <span class='ocrx_word' id='word_1_514' title='bbox 1389 2293 1514 2329; x_wconf 84' lang='lat' dir='ltr'><strong>tamen,</strong></span> <span class='ocrx_word' id='word_1_515' title='bbox 1527 2300 1625 2330; x_wconf 85' lang='lat' dir='ltr'><strong>quam</strong></span> 
     </span>
     <span class='ocr_line' id='line_1_93' title="bbox 923 2337 1627 2379; baseline 0.003 -11"><span class='ocrx_word' id='word_1_516' title='bbox 923 2337 1069 2378; x_wconf 86' lang='lat' dir='ltr'><strong>primum</strong></span> <span class='ocrx_word' id='word_1_517' title='bbox 1087 2338 1285 2379; x_wconf 85' lang='lat' dir='ltr'><strong>procedere.</strong></span> <span class='ocrx_word' id='word_1_518' title='bbox 1331 2339 1434 2369; x_wconf 82' lang='lat' dir='ltr'><strong>Frons</strong></span> <span class='ocrx_word' id='word_1_519' title='bbox 1456 2343 1627 2370; x_wconf 77' lang='lat' dir='ltr'><strong>castrorum</strong></span> 
     </span>
     <span class='ocr_line' id='line_1_94' title="bbox 924 2388 1625 2428; baseline 0.004 -10"><span class='ocrx_word' id='word_1_520' title='bbox 924 2388 1047 2428; x_wconf 67' lang='lat' dir='ltr'><strong>saepius</strong></span> <span class='ocrx_word' id='word_1_521' title='bbox 1074 2389 1236 2428; x_wconf 87' lang='lat' dir='ltr'><strong>occurrit,</strong></span> <span class='ocrx_word' id='word_1_522' title='bbox 1271 2393 1310 2419; x_wconf 90' lang='lat' dir='ltr'><strong>ut</strong></span> <span class='ocrx_word' id='word_1_523' title='bbox 1347 2389 1388 2420; x_wconf 91' lang='lat' dir='ltr'><strong>B.</strong></span> <span class='ocrx_word' id='word_1_524' title='bbox 1417 2390 1456 2421; x_wconf 92' lang='lat' dir='ltr'><strong>C.</strong></span> <span class='ocrx_word' id='word_1_525' title='bbox 1488 2398 1544 2420; x_wconf 79' lang='grc' dir='ltr'><strong>ιιι.</strong></span> <span class='ocrx_word' id='word_1_526' title='bbox 1572 2393 1625 2421; x_wconf 79' lang='grc'><strong>37.</strong></span> 
     </span>
     <span class='ocr_line' id='line_1_95' title="bbox 924 2439 1626 2471; baseline 0.001 -1"><span class='ocrx_word' id='word_1_527' title='bbox 924 2440 1042 2470; x_wconf 83' lang='lat' dir='ltr'><strong>From.</strong></span> <span class='ocrx_word' id='word_1_528' title='bbox 1072 2449 1130 2470; x_wconf 85' lang='grc' dir='ltr'><strong>ιιι.</strong></span> <span class='ocrx_word' id='word_1_529' title='bbox 1163 2443 1216 2471; x_wconf 84' lang='grc'><strong>17.</strong></span> <span class='ocrx_word' id='word_1_530' title='bbox 1241 2445 1273 2471; x_wconf 91' lang='grc'><strong>5.</strong></span> <span class='ocrx_word' id='word_1_531' title='bbox 1309 2439 1424 2471; x_wconf 78' lang='lat' dir='ltr'><strong>‘fossa</strong></span> <span class='ocrx_word' id='word_1_532' title='bbox 1454 2441 1488 2470; x_wconf 87' lang='lat' dir='ltr'><strong>in</strong></span> <span class='ocrx_word' id='word_1_533' title='bbox 1513 2439 1626 2471; x_wconf 83' lang='lat' dir='ltr'><strong>fronte</strong></span> 
     </span>
     <span class='ocr_line' id='line_1_96' title="bbox 925 2491 1624 2531; baseline -0.001 -10"><span class='ocrx_word' id='word_1_534' title='bbox 925 2494 1110 2530; x_wconf 84' lang='lat' dir='ltr'><strong>percussa.’</strong></span> <span class='ocrx_word' id='word_1_535' title='bbox 1143 2491 1229 2523; x_wconf 83' lang='lat' dir='ltr'><strong>Quae</strong></span> <span class='ocrx_word' id='word_1_536' title='bbox 1246 2491 1441 2531; x_wconf 74' lang='lat' dir='ltr'><strong>praepositio</strong></span> <span class='ocrx_word' id='word_1_537' title='bbox 1455 2491 1510 2521; x_wconf 88' lang='lat' dir='ltr'><strong>hic</strong></span> <span class='ocrx_word' id='word_1_538' title='bbox 1523 2491 1624 2520; x_wconf 80' lang='lat' dir='ltr'><strong>etiam</strong></span> 
     </span>
     <span class='ocr_line' id='line_1_97' title="bbox 925 2540 1626 2583; baseline -0.006 -9"><span class='ocrx_word' id='word_1_539' title='bbox 925 2543 1034 2583; x_wconf 84' lang='lat' dir='ltr'><strong>possit</strong></span> <span class='ocrx_word' id='word_1_540' title='bbox 1060 2542 1291 2582; x_wconf 79' lang='lat' dir='ltr'><strong>subintelligi:</strong></span> <span class='ocrx_word' id='word_1_541' title='bbox 1329 2540 1489 2582; x_wconf 74' lang='grc' dir='ltr'>πρόσωπον</span> <span class='ocrx_word' id='word_1_542' title='bbox 1523 2541 1626 2571; x_wconf 84' lang='lat' dir='ltr'><strong>etiam</strong></span> 
     </span>
     <span class='ocr_line' id='line_1_98' title="bbox 926 2593 1211 2624; baseline -0.004 -1"><span class='ocrx_word' id='word_1_543' title='bbox 926 2593 1058 2624; x_wconf 82' lang='lat' dir='ltr'><strong>Graecis</strong></span> <span class='ocrx_word' id='word_1_544' title='bbox 1073 2593 1211 2623; x_wconf 88' lang='lat' dir='ltr'><strong>dicitur.</strong></span> 
     </span>
    </p>

    <p class='ocr_par' dir='ltr' id='par_1_8' title="bbox 925 2640 1628 2834">
     <span class='ocr_line' id='line_1_99' title="bbox 967 2640 1627 2682; baseline -0.005 -9"><span class='ocrx_word' id='word_1_545' title='bbox 967 2645 986 2673; x_wconf 85' lang='grc'><strong>7</strong></span> <span class='ocrx_word' id='word_1_546' title='bbox 1010 2642 1163 2673; x_wconf 76' lang='lat' dir='ltr'><strong>Dimissus</strong></span> <span class='ocrx_word' id='word_1_547' title='bbox 1178 2643 1307 2682; x_wconf 82' lang='lat' dir='ltr'><strong>equites,</strong></span> <span class='ocrx_word' id='word_1_548' title='bbox 1328 2640 1495 2680; x_wconf 77' lang='lat' dir='ltr'><strong>pabulandi</strong></span> <span class='ocrx_word' id='word_1_549' title='bbox 1506 2650 1627 2678; x_wconf 72' lang='lat' dir='ltr'><strong>caitssa,</strong></span> 
     </span>
     <span class='ocr_line' id='line_1_100' title="bbox 925 2691 1625 2732; baseline -0.004 -9"><span class='ocrx_word' id='word_1_550' title='bbox 925 2692 1184 2732; x_wconf 74' lang='lat' dir='ltr'><strong>animadvertere]</strong></span> <span class='ocrx_word' id='word_1_551' title='bbox 1209 2692 1316 2723; x_wconf 87' lang='lat' dir='ltr'><strong>Editt.</strong></span> <span class='ocrx_word' id='word_1_552' title='bbox 1335 2692 1430 2722; x_wconf 82' lang='lat' dir='ltr'><strong>Rom.</strong></span> <span class='ocrx_word' id='word_1_553' title='bbox 1448 2691 1534 2720; x_wconf 68' lang='lat' dir='ltr'><strong>Ven.</strong></span> <span class='ocrx_word' id='word_1_554' title='bbox 1558 2691 1625 2721; x_wconf 87' lang='lat' dir='ltr'><strong>Be-</strong></span> 
     </span>
     <span class='ocr_line' id='line_1_101' title="bbox 926 2740 1625 2782; baseline -0.001 -10"><span class='ocrx_word' id='word_1_555' title='bbox 926 2742 1032 2774; x_wconf 84' lang='lat' dir='ltr'><strong>roald.</strong></span> <span class='ocrx_word' id='word_1_556' title='bbox 1071 2743 1333 2779; x_wconf 76' lang='lat' dir='ltr'><strong>arzinmdrertunt,</strong></span> <span class='ocrx_word' id='word_1_557' title='bbox 1379 2740 1467 2782; x_wconf 90' lang='lat' dir='ltr'><strong>quod</strong></span> <span class='ocrx_word' id='word_1_558' title='bbox 1504 2740 1625 2772; x_wconf 85' lang='lat' dir='ltr'><strong>melius</strong></span> 
     </span>
     <span class='ocr_line' id='line_1_102' title="bbox 925 2790 1628 2834; baseline -0.001 -11"><span class='ocrx_word' id='word_1_559' title='bbox 925 2798 979 2824; x_wconf 85' lang='lat' dir='ltr'><strong>est</strong></span> <span class='ocrx_word' id='word_1_560' title='bbox 1014 2793 1062 2825; x_wconf 77' lang='lat' dir='ltr'><strong>,ub</strong></span> <span class='ocrx_word' id='word_1_561' title='bbox 1098 2793 1203 2824; x_wconf 86' lang='lat' dir='ltr'><strong>verba</strong></span> <span class='ocrx_word' id='word_1_562' title='bbox 1229 2791 1410 2834; x_wconf 61' lang='lat' dir='ltr'><strong>praesentis</strong></span> <span class='ocrx_word' id='word_1_563' title='bbox 1452 2790 1628 2832; x_wconf 82' lang='lat' dir='ltr'><strong>temporis,</strong></span> 
     </span>
    </p>
   </div>
   <div class='ocr_carea' id='block_1_5' title="bbox 1249 748 1334 753">
    <p class='ocr_par' dir='ltr' id='par_1_9' title="bbox 1249 748 1334 753">
     <span class='ocr_line' id='line_1_103' title="bbox 1249 748 1334 753; baseline 0 0"><span class='ocrx_word' id='word_1_564' title='bbox 1249 748 1334 753; x_wconf 95' lang='lat' dir='ltr'><strong> </strong></span> 
     </span>
    </p>
   </div>
   <div class='ocr_carea' id='block_1_6' title="bbox 1269 1102 1354 1106">
    <p class='ocr_par' dir='ltr' id='par_1_10' title="bbox 1269 1102 1354 1106">
     <span class='ocr_line' id='line_1_104' title="bbox 1269 1102 1354 1106; baseline 0 0"><span class='ocrx_word' id='word_1_565' title='bbox 1269 1102 1354 1106; x_wconf 95' lang='lat' dir='ltr'><strong> </strong></span> 
     </span>
    </p>
   </div>
  </div>
 </body>
</html>
