1818 3131
248 198 364 243 1058

248 304 374 337 Primae
403 304 457 335 Sc.
484 303 613 344 oblique,
640 309 678 335 ut
717 313 778 344 pro
815 305 947 344 pariete

249 354 414 395 subjectae
452 354 518 384 vim
553 352 698 384 fluminis
736 354 949 395 exciperent,

248 404 365 434 altera»
396 403 429 432 in
458 401 581 434 ssiunen
613 404 772 436 mediocri
795 406 885 437 inter
913 416 948 436 se

247 454 358 494 spatio
372 452 483 483 forsan
495 454 611 484 directe
626 459 724 495 actae,
736 460 771 485 ut
789 454 949 486 defende-

247 508 326 538 rent
354 513 373 533 a
399 509 504 543 ponte
529 504 684 535 arborum
713 509 865 543 truncos,
890 510 949 535 aut

246 554 311 585 alia
323 553 506 593 dejiciendi
524 555 636 594 pontis
654 564 773 586 caussa
789 555 830 585 ab
846 555 949 585 hosti-

245 603 309 638 bus
335 604 447 635 missa.
493 604 653 636 Ceterum
679 606 773 636 Vett.
801 605 888 636 Edd.
914 609 950 635 et

245 654 344 688 multi
374 654 532 694 Codices,
563 655 594 686 in
625 655 745 696 quibus
773 656 871 686 Voss.
898 665 948 694 pr.

247 704 405 736 scribunt
421 715 481 745 per
497 705 740 745 diphthongum
765 716 802 736 α’.
850 704 949 737 Quod

245 755 388 796 perinde
404 760 468 786 est.
514 755 592 786 Dici
615 756 704 785 enini
729 760 843 795 potest
866 754 952 784 trabs

245 805 363 845 obliqua
394 806 515 845 agitur,
541 811 609 836 tam
638 805 824 843 commode,
849 814 949 844 quam

244 855 388 895 oblique:
427 860 464 886 ut
506 856 620 895 paullo
651 859 730 885 ante
761 854 951 893 habuimus,

244 905 334 943 tigna
339 905 467 946 fistucis
481 907 641 943 adegerat,
663 915 721 935 non
739 906 874 942 derecta,
897 904 949 934 sed

241 963 361 993 prona:
386 955 442 986 ubi
466 955 564 993 vide;
590 955 649 986 sed
674 960 707 986 et
732 966 792 995 pro
811 955 949 995 vulgato

244 1004 462 1045 adigebantur,
483 1006 742 1037 convenientius
767 1016 851 1036 rneae
877 1015 950 1035 sen-

245 1054 364 1085 tentiae
402 1060 561 1086 exaratur
588 1057 620 1086 in
659 1057 741 1088 Mss.
781 1056 950 1094 omnibus,

245 1103 473 1137 Petavianum
497 1111 532 1137 ct
554 1106 783 1138 Oxouiensem
808 1107 834 1137 si
862 1106 950 1137 sorte

244 1155 410 1196 excipias,
427 1157 477 1187 uti
501 1162 536 1187 et
561 1157 648 1189 Edd.
674 1158 791 1198 priscis
817 1157 949 1195 ageban-

243 1210 306 1238 tur.
351 1207 451 1238 Quod
483 1208 621 1238 verbum
663 1208 782 1239 crebro
814 1208 951 1248 quidem

244 1262 428 1296 usurpatur
451 1266 511 1297 pro
535 1259 684 1297 adigere:
708 1263 746 1289 ut
768 1267 859 1297 agere
883 1258 951 1295 gla-

244 1307 344 1346 dium,
360 1308 467 1345 telum,
483 1312 546 1339 occ,
593 1308 720 1340 Confer
737 1309 848 1339 Celer.
867 1308 952 1337 Bur-

242 1365 333 1388 man.
359 1357 402 1387 ad
429 1357 552 1389 Vellei.
575 1366 615 1388 11.
641 1361 693 1389 80.
719 1362 754 1388 et
777 1357 818 1388 ad
847 1355 950 1387 Ovid.

245 1407 387 1438 Metam.
411 1415 449 1439 x.
482 1410 553 1438 179.
594 1412 629 1439 et
667 1416 720 1438 me
751 1406 795 1437 ad
826 1407 950 1436 Lucan.

245 1465 301 1488 ΙΙΙ.
330 1459 406 1488 469.
443 1458 452 1473 ‘
471 1457 603 1497 ingenti
643 1457 795 1488 verberis
839 1461 917 1486 actu
932 1454 951 1485 z'

244 1507 333 1549 quod
350 1517 439 1538 nunc
466 1508 570 1539 etiam
593 1517 668 1538 cum
692 1506 765 1537 aliis
790 1504 950 1546 praefero.

244 1557 301 1588 Sic
317 1557 326 1573 ‘
338 1566 439 1597 agere
456 1557 571 1588 ictum’
589 1558 662 1588 Liv.
681 1565 766 1587 an.
780 1558 832 1586 63.
860 1556 950 1586 1³1·ae-

245 1607 364 1638 sertim
381 1612 496 1638 tamen
521 1608 563 1638 de
581 1608 620 1638 iis
638 1607 809 1647 operibus,
826 1616 899 1647 quae
918 1606 950 1637 in

242 1657 491 1697 longitudinem
514 1658 568 1688 vel
595 1656 812 1688 latitudinem
835 1659 952 1686 exten·

243 1707 393 1745 duntur;
418 1713 455 1739 ut
474 1708 598 1748 passim
612 1717 703 1747 agere
715 1710 951 1745 tarrem,agge-

242 1768 308 1789 rem
322 1758 417 1799 (vide
441 1759 483 1789 ad
506 1760 548 1791 B.
571 1758 672 1791 Alex.
688 1768 717 1790 c.
736 1756 804 1798 73.)
818 1757 950 1795 fossam,

243 1810 388 1848 limitem,
418 1810 535 1848 vineas,
574 1812 638 1840 διε.
699 1809 787 1848 Ergo
821 1807 952 1838 sublicas

243 1859 361 1899 oblique
374 1868 468 1897 agere
491 1862 601 1898 notat,
622 1867 682 1897 per
705 1862 810 1888 totam
838 1857 951 1897 pontis

244 1909 492 1950 longitudinem
517 1909 618 1949 tignis
642 1908 812 1949 fastigatis
830 1907 951 1938 adnec-

244 1963 331 1990 tere.
377 1958 441 1990 His
461 1959 532 1999 jam
551 1958 600 1989 ita
621 1957 829 1995 constitutis,
851 1955 950 1986 facilc

244 2013 357 2050 patet,
386 2008 566 2040 lectionem
595 2008 708 2046 istam,
747 2018 805 2047 pro
840 2007 950 2043 ariete,

244 2069 320 2101 quae
332 2064 486 2091 servatur
499 2059 533 2090 in
546 2060 629 2090 Mss.
639 2058 823 2099 plerisque,
837 2066 951 2098 quam-

244 2119 310 2152 que
327 2110 481 2149 Ursinus,
503 2109 563 2141 sed
586 2110 685 2149 plane
701 2106 951 2148 ἀπροσδιόνυσον,

244 2160 418 2200 explicare
435 2164 590 2199 conatur,
607 2158 725 2192 fabam
749 2169 823 2190 esse
839 2169 846 2196 ;
871 2158 949 2189 reti-

244 2211 471 2253 nendamque‚
500 2217 539 2243 ut
566 2212 665 2243 bodie
703 2216 797 2244 recte
829 2209 948 2250 odunt,

239 2263 387 2302 parieta
409 2262 498 2302 quod
522 2263 647 2293 habent
673 2261 807 2300 Faerni,
832 2261 948 2292 Ursini

244 2316 283 2345 et
298 2311 404 2351 Lipsii
422 2311 528 2342 Codd.
545 2312 593 2343 uti
611 2316 646 2342 et
669 2312 781 2343 Oxon.
807 2311 949 2342 Arietem

242 2360 454 2393 fabricarunt
470 2372 511 2392 ex
529 2361 638 2402 figura
653 2362 864 2402 obliquarum
883 2366 948 2392 tra-

244 2411 351 2451 bium,
378 2421 476 2452 quani
503 2411 566 2442 sibi
591 2421 750 2452 perverse
776 2411 948 2443 finxerunt

242 2460 386 2493 librarii.
432 2461 479 2492 At
496 2462 548 2492 cui
574 2462 646 2493 usui
672 2463 728 2493 ille
753 2463 853 2502 arim,
873 2473 949 2503 qua-

243 2511 311 2545 lem
333 2511 520 2542 machinam
546 2518 712 2544 nostrates
735 2519 859 2544 vocant
885 2514 949 2543 hir-

244 2572 313 2594 cum
325 2571 379 2593 een
394 2561 506 2601 bok,in
522 2562 658 2592 sinistra
671 2568 773 2603 atque
788 2562 948 2594 inferiore

246 2612 358 2653 pontis
376 2613 490 2653 parte?
508 2613 578 2652 Ego
593 2611 746 2653 profecto
758 2623 822 2643 non
838 2614 948 2645 video.

247 2662 416 2704 Obliquas
440 2663 512 2703 egit
539 2662 665 2702 trabes,
690 2667 726 2693 et
752 2663 830 2695 inde
855 2664 949 2704 quasi

246 2713 414 2752 parietem
439 2712 535 2753 fecit,
551 2717 600 2752 ut,
625 2717 711 2744 aestu
734 2712 880 2744 fluminis
903 2714 949 2746 ibi

247 2772 405 2808 represso
441 2767 478 2797 et
510 2766 649 2807 excepto,
677 2763 727 2796 vis
763 2763 950 2807 ingruentis

721 210 862 241 NOTAE
896 210 1160 242 VARIORUM
1195 211 1246 242 ΙΝ

1002 314 1096 346 aqum
1120 304 1163 335 ad
1191 304 1400 345 superiorem
1428 305 1541 346 pontis
1570 311 1703 348 partem

1002 365 1042 386 ea
1077 365 1210 396 qnoque
1242 365 1277 386 re
1308 355 1564 388 inminueretnr.
1612 358 1704 390 Hinc

1002 406 1103 436 ctiam
1133 406 1283 444 subjectas
1312 406 1419 436 dicit:
1461 416 1563 447 quum
1591 407 1705 447 aliter,

1001 455 1134 493 objectas
1164 457 1216 486 vel
1245 457 1398 495 projectas
1425 457 1576 488 scribere
1604 457 1709 490 debus

1002 505 1096 544 isset,
1113 516 1148 536 ac
1160 515 1226 536 cum
1241 508 1321 537 omui
1337 516 1427 546 opere
1442 507 1638 544 conjunctas.-
1671 511 1707 539 at

1004 565 1082 586 vero
1113 556 1145 586 in
1177 557 1324 596 vulgaris
1359 557 1624 588 constructionis
1657 562 1707 589 ta·

1004 605 1083 635 bula
1097 606 1175 636 solis
1199 605 1298 643 tignis
1315 607 1547 638 tantummodo
1563 607 1705 639 adnexae

1002 659 1079 685 sunt
1096 655 1171 686 istae
1187 654 1338 686 sublic‘ae.
1388 657 1451 687 Pro
1472 657 1594 697 pariete
1617 657 1706 689 idem

1002 703 1072 734 fere
1089 704 1181 745 quod
1197 704 1298 735 instar
1313 706 1393 736 nimi
1409 715 1447 736 ιι.
1465 709 1515 737 17.
1562 707 1623 738 Est
1639 706 1707 738 for-

1004 764 1076 793 san,
1104 755 1194 795 quod
1224 755 1314 786 hisce
1340 755 1464 794 obponi
1490 757 1622 796 possit3
1646 758 1706 788 sed

1003 805 1081 844 qnia
1109 805 1171 835 boc
1197 810 1297 844 pacto
1330 806 1496 837 Msmrum
1524 807 1707 840 lectionem

1003 863 1113 893 servo,
1131 859 1166 884 et
1193 855 1311 894 majori
1339 853 1534 887 difficultati
1558 856 1709 896 medeor,

1003 903 1035 933 in
1051 909 1182 936 textum
1199 905 1372 936 inmittere
1389 915 1486 936 ausus
1502 906 1564 938 fui.

1045 957 1085 984 27
1123 955 1166 985 Et
1193 954 1280 994 aliae]
1323 955 1378 986 Sic
1407 956 1638 996 rescripsimus
1664 967 1707 989 ex

1005 1003 1072 1034 Ms.
1099 1004 1203 1035 Norv.
1232 1010 1266 1036 ct
1292 1004 1389 1036 editt.
1422 1005 1603 1046 veteribus,
1629 1015 1706 1039 cum

1003 1053 1216 1085 manifestum
1233 1055 1275 1085 sit
1290 1055 1419 1086 sublicas
1439 1054 1596 1097 intelligi.
1642 1057 1708 1088 Re-

1002 1104 1170 1136 centiores
1182 1115 1361 1145 perperam
1372 1106 1498 1137 liabent
1507 1108 1581 1138 alia.
1594 1107 1707 1139 Dacis.

1002 1154 1057 1185 Ita
1074 1155 1203 1194 optime
1219 1155 1369 1186 restituit
1386 1155 1546 1187 Davisius
1562 1166 1605 1187 ex
1622 1157 1708 1189 Mss.

1002 1208 1036 1235 et
1055 1204 1141 1235 Edd.
1159 1206 1255 1235 Yett.
1279 1206 1431 1245 Scaliger
1449 1207 1708 1248 typographico,

1002 1254 1055 1295 (ut
1069 1254 1205 1295 opinor)
1221 1265 1335 1286 errore
1352 1256 1459 1287 edidit
1476 1257 1519 1296 (et
1539 1257 1604 1288 alia
1616 1256 1708 1299 item)

1004 1313 1103 1344 quem
1119 1304 1229 1335 secuti
1253 1309 1330 1335 sunt
1353 1306 1571 1337 recentiores.
1599 1307 1707 1340 Clark.

1002 1354 1073 1384 Has
1089 1364 1221 1395 quoque
1245 1356 1358 1386 trabes
1382 1356 1479 1387 nimis
1503 1367 1611 1397 prope
1629 1367 1710 1398 pon-

1003 1409 1070 1434 tem
1103 1405 1272 1436 collocant
1298 1405 1522 1445 Interpretes.
1570 1407 1624 1439 Ne
1650 1417 1709 1439 no-

1002 1459 1119 1485 cerent
1135 1454 1282 1493 inmissa,
1295 1455 1375 1486 mihi
1393 1456 1553 1488 videntur
1566 1458 1709 1499 longiori

1002 1506 1112 1546 spatio
1127 1516 1145 1537 a
1162 1511 1266 1546 ponte
1283 1506 1384 1538 fnisse
1398 1508 1588 1540 statuenda:
1604 1520 1612 1540 z
1636 1522 1709 1550 προ·

1001 1553 1115 1590 βόλους
1131 1565 1188 1586 eas
1206 1560 1304 1586 vocat
1321 1557 1536 1598 Plutarchus,
1552 1559 1609 1600 qui
1632 1569 1710 1591 con-

1002 1606 1176 1637 sulendus.
1223 1606 1263 1637 In
1290 1606 1371 1637 Vita
1402 1607 1543 1639 Caesaris
1573 1619 1607 1650 p.
1633 1612 1708 1643 719.

1002 1656 1066 1687 Ed.
1081 1657 1192 1687 Paris..

1045 1708 1086 1736 28
1104 1705 1281 1744 Βιῄὶεἰεηάἱ
1297 1707 1395 1747 operis
1405 1709 1529 1749 caussa]
1541 1710 1709 1751 Bongars.

1002 1756 1101 1796 prim.
1121 1756 1302 1788 Vossianus
1319 1758 1416 1798 prim.
1445 1768 1522 1790 cum
1545 1760 1707 1800 secundo,

1003 1805 1160 1837 Leidens.
1199 1807 1335 1846 tertius,
1375 1808 1608 1850 Lovaniensis,
1643 1812 1709 1851 Eg-

1001 1855 1161 1886 mnndan.
1177 1854 1299 1887 Petav.
1318 1866 1336 1886 a
1353 1867 1452 1888 manu
1471 1859 1579 1899 prima
1600 1863 1635 1891 et
1651 1860 1707 1891 alii

1001 1916 1078 1938 cum
1109 1907 1268 1938 Editione
1300 1908 1431 1940 incerta
1467 1915 1503 1941 et
1533 1912 1708 1952 excerptis

1002 1957 1183 1987 Pulmanni
1191 1967 1256 1988 non
1267 1963 1457 1997 agnoscunt
1465 1969 1582 1991 vocem
1590 1971 1709 1994 caussa.

1002 2007 1114 2038 Docte
1130 2017 1210 2038 sane
1235 2013 1269 2038 et
1297 2008 1482 2048 eleganter.
1528 2010 1618 2042 Vide
1639 2020 1707 2042 om·

1000 2056 1079 2087 nino
1096 2056 1138 2088 ad
1156 2057 1211 2088 lib.
1228 2058 1325 2098 hujus
1350 2068 1380 2089 c.
1397 2062 1426 2091 1.
1449 2059 1581 2092 bellandi
1600 2071 1707 2093 caussa

999 2106 1143 2147 efinibus
1157 2108 1299 2138 educunt.

1043 2159 1083 2188 30
1115 2157 1249 2197 Earum]
1276 2158 1332 2190 Sic
1358 2159 1424 2190 Ms.
1450 2160 1536 2202 Reg.
1559 2162 1704 2193 Graecus

999 2208 1080 2239 item
1099 2207 1229 2239 ἐκείνων.
1268 2209 1324 2240 ΑΙ.
1341 2220 1446 2241 earum
1461 2221 1574 2243 rerum.
1603 2212 1704 2245 Quod

999 2258 1141 2298 perinde
1156 2264 1219 2289 cst.
1245 2260 1352 2290 Clark.
1377 2261 1454 2292 Non
1469 2271 1549 2294 sane
1561 2262 1704 2303 perinde

999 2316 1063 2341 est.
1117 2311 1206 2342 Nam
1235 2311 1389 2343 Julianus
1427 2314 1534 2354 stylus
1569 2312 1703 2354 flagitat

1000 2359 1079 2390 addi
1116 2370 1239 2391 rerum:
1284 2370 1382 2402 quam
1413 2372 1529 2394 vocem
1566 2367 1702 2394 servant

1000 2410 1085 2440 Mss.
1102 2411 1167 2440 mei
1182 2420 1320 2449 omnes;
1344 2416 1378 2442 ct
1399 2412 1487 2443 solet
1510 2411 1636 2443 addere
1654 2412 1703 2443 in-

998 2459 1102 2491 finitis
1129 2460 1211 2491 locis
1233 2466 1268 2492 et
1285 2461 1423 2501 singulis
1443 2461 1514 2493 fere
1531 2462 1701 2502 capitibus

999 2511 1127 2550 Caesar,
1144 2511 1227 2543 licet
1247 2511 1337 2542 aliud
1355 2511 1601 2544 substantivum
1615 2522 1701 2553 prze-

999 2560 1110 2599 cedat,
1138 2570 1204 2601 quo
1229 2570 1413 2600 pronomen
1437 2566 1554 2602 posset
1572 2561 1701 2596 referri.

997 2611 1054 2642 Sic
1080 2611 1113 2642 h.
1137 2611 1160 2641 1.
1177 2620 1206 2641 c.
1225 2614 1255 2641 ⁵2.
1287 2613 1295 2627 ‘
1314 2611 1435 2642 Vinum
1452 2612 1616 2653 inportari
1633 2623 1700 2644 non

998 2662 1123 2700 sinunt,
1147 2661 1236 2702 quod
1253 2671 1293 2692 ea
1310 2672 1347 2693 rc
1359 2661 1366 2674 ’
1393 2661 1453 2693 i.e.
1478 2662 1553 2694 vino
1573 2664 1583 2679 ‘
1597 2662 1639 2693 ad
1654 2663 1702 2696 la-

999 2713 1112 2744 borem
1126 2711 1324 2751 ferendum,’
1341 2714 1406 2743 Cve.
1421 2718 1456 2743 et
1473 2712 1608 2753 passim.
1632 2712 1701 2745 Im·

998 2773 1053 2798 mo
1064 2764 1127 2798 hoc
1141 2764 1216 2797 loco
1228 2764 1380 2805 pertinet
1394 2769 1463 2796 tam
1472 2764 1516 2796 ad
1526 2765 1535 2782 ‘
1544 2763 1700 2798 arborum
