1818 3131
223 195 336 238 1322

219 300 358 332 conrersi
396 299 496 338 equis:
542 302 578 328 ut
613 297 770 329 videatur
807 303 922 330 natum

220 351 305 390 equis
332 360 350 380 e
369 349 488 379 Glossa
511 353 545 378 et
572 358 611 378 ex
636 348 921 388 praecedentibus.

223 402 374 431 converso
391 408 464 438 equo
481 398 596 429 Ursini
621 398 705 429 Cod.
733 400 924 441 antiquissi-

219 458 304 480 mus.
358 448 414 478 Nil
441 453 545 486 muto,
568 458 643 478 cum
667 448 756 479 idem
779 449 822 480 sit
849 459 921 480 seu-

220 507 287 529 sus.

262 551 304 579 20
329 547 433 587 Pulsi]
449 548 505 579 Sic
520 549 654 589 quidem
674 551 792 581 Petav.
809 550 919 580 Oxou.

218 606 255 632 et
285 600 375 631 And.
432 602 497 632 Sed
530 603 705 642 praercessit
732 603 857 642 pellere,
886 607 921 632 et

220 651 304 681 Mss.
329 651 449 692 reliqui
477 661 591 683 omnes
612 659 715 693 atque
742 652 922 683 Ed‹1.P1·i-

220 711 297 740 mae,
327 701 429 732 Vasc.
461 702 578 742 Steph.
624 703 766 742 aliaeque
795 702 921 731 hubent

214 751 361 791 perculsi,
384 751 404 781 i.
433 752 525 792 cquis
556 752 696 792 dejecti,
722 757 756 782 ut
783 761 800 781 e
826 760 920 791 seqq.

219 807 334 842 patet:
365 811 467 843 quare
488 803 520 832 id
544 803 710 833 revocavi.
762 801 851 831 vide
879 802 921 831 ad

218 862 244 883 e.
266 856 314 883 19.
338 853 346 868 ‘
359 853 450 882 Victi
467 857 577 882 tamen
597 851 835 892 perculsique!

261 904 299 931 21
326 902 415 936 Quod
432 901 621 942 ubimulum]
636 901 785 931 Mediam
803 910 921 931 vocem

218 951 347 982 omittit
368 952 435 982 Ms.
452 952 593 982 Norvic.
623 951 774 992 Optime.
841 950 922 982 Dis·

218 1001 335 1041 tingue
349 1007 383 1031 et
399 1002 472 1041 lege
486 1001 604 1041 purtim
618 1002 651 1032 in
660 1000 744 1041 suga
757 1005 921 1041 proterun-

217 1055 281 1091 tur,
302 1053 418 1091 partim
436 1052 686 1092 intercipiuntur,
707 1053 784 1092 quod
809 1053 922 1083 malum

216 1103 281 1132 dux
309 1102 480 1143 (Comius)
508 1103 577 1143 equi
601 1103 763 1133 velocitate
781 1103 921 1133 evitavit.

218 1151 272 1183 lbi
295 1152 401 1183 τελεία
427 1154 545 1192 στιγμὴ
573 1154 742 1194 pingatur.
788 1154 854 1186 Qui
879 1154 922 1184 lo-

217 1212 293 1233 cum
317 1204 520 1243 perpendet,
548 1203 623 1234 huic
642 1203 780 1234 lectioni
805 1208 840 1233 et
857 1203 921 1233 dis-

218 1253 372 1284 tinctioni
387 1263 451 1284 non
467 1252 707 1293 refragabitur.
746 1254 856 1284 Dat-ie.

258 1306 300 1334 22
327 1303 476 1334 Graviter
491 1302 682 1341 vulneratus]
698 1303 738 1332 In
756 1302 864 1341 primo
880 1303 920 1332 B.

215 1353 288 1383 haec
306 1353 394 1383 inter
417 1353 521 1382 lineas
550 1352 756 1392 adjiciuntur
781 1352 923 1391 evitavit,

215 1414 251 1434 ac
272 1403 299 1433 si
312 1403 422 1443 proelio
436 1404 566 1433 secundo
585 1403 727 1441 graviter
749 1402 786 1432 ab
808 1412 841 1432 eo
858 1403 923 1432 rul-

214 1456 352 1484 mratus.
397 1453 511 1484 Etiam
535 1454 568 1483 in
585 1452 732 1483 secundo
749 1457 802 1483 est
826 1463 861 1483 ac
877 1453 921 1483 sic

211 1503 321 1543 proelio
335 1504 466 1540 secundo
475 1503 619 1542 graviter
630 1503 667 1533 ab
684 1513 717 1533 eo
729 1503 918 1534 vulneratus.

221 1554 352 1584 Vossius.
397 1554 475 1584 Duo
492 1554 577 1584 Msti
592 1554 756 1594 Bongars.
770 1559 806 1583 et
820 1553 918 1585 editt.

215 1603 316 1635 Rom.
332 1604 418 1634 Ven.
463 1604 511 1634 Ac
534 1604 562 1634 si
575 1604 683 1644 pralio
699 1605 830 1634 secundo
843 1614 919 1643 gra-

212 1654 295 1685 τίω·
317 1653 354 1684 ab
376 1663 409 1684 eo
431 1655 610 1685 vulneratus
632 1653 808 1693 proefectus.
863 1654 918 1684 Ita

215 1708 251 1735 et
290 1704 356 1735 Ms.
395 1704 535 1735 Norvic.
569 1708 605 1735 et
638 1704 723 1734 edit.
758 1704 916 1735 Beroald.

212 1754 277 1785 nisi
292 1754 382 1795 quod
398 1755 473 1785 haec
486 1754 559 1785 acsi
574 1757 641 1785 erat
649 1754 757 1794 proelio
770 1755 918 1790 secundm

213 1806 271 1837 ille
293 1816 330 1837 ac
345 1806 390 1837 sic
413 1807 522 1846 proelz'o
543 1807 684 1845 secundo,
704 1808 756 1842 &a
802 1806 856 1836 An
874 1806 918 1836 le-

214 1856 361 1895 gendum
379 1856 470 1893 sacto
491 1857 601 1896 proelio
623 1857 763 1894 secundo,
775 1856 918 1893 graviter

213 1906 288 1936 adeo
309 1906 487 1935 vulneratus
510 1904 687 1944 pra-sectus,
713 1904 792 1943 εἲς-ί)
834 1905 917 1934 Sen-

213 1962 269 1984 sus
283 1958 378 1985 certe
395 1954 564 1993 congruit,
585 1963 647 1984 nec
663 1954 766 1984 nimia
781 1958 832 1984 est
850 1964 917 1984 mu-

213 2004 310 2035 tatio.
355 2004 468 2035 Dacis.
514 2003 671 2043 Vulgaris
689 2003 792 2034 lectio
809 2009 916 2034 restat

212 2054 421 2085 solummodo
449 2053 482 2083 in
510 2052 598 2084 And.
616 2053 729 2083 Oxou.
749 2057 783 2083 ct
808 2054 916 2093 Bong.

213 2113 266 2145 pr.
281 2113 354 2135 am.
370 2113 419 2143 pr.
467 2103 507 2133 In
525 2102 676 2143 Reliquis
694 2106 729 2132 et
750 2102 838 2133 Edd.
856 2112 914 2143 pp.

212 2163 250 2184 ac
263 2154 291 2184 si
309 2154 419 2194 proelio
433 2154 564 2183 secundo
577 2153 718 2191 graviter
729 2152 766 2183 ab
783 2163 816 2183 eo
833 2154 915 2184 ruln.

211 2205 262 2243 ὅγε.
309 2203 418 2234 Addit
443 2203 538 2234 Leid.
555 2202 617 2233 icto
631 2203 669 2233 ab
686 2213 731 2234 eo.
777 2204 913 2234 Carrar.

212 2253 301 2284 Edd.
324 2254 424 2285 Vasc.
440 2254 510 2285 Str.
534 2253 652 2294 steph.
676 2254 807 2293 Gryph.
825 2257 912 2294 post.

210 2303 268 2335 Sic
292 2304 398 2344 proelio
424 2314 483 2334 sec.
511 2305 653 2343 graviter
676 2304 714 2334 ab
738 2314 782 2335 eo.
836 2304 914 2335 Non

211 2353 349 2384 dubium
367 2354 446 2384 mihi
464 2359 528 2393 est,
543 2354 623 2395 quin
641 2354 817 2394 scripserit
835 2354 914 2385 Hir-

211 2403 298 2434 tius:
346 2404 437 2438 Quod
466 2406 580 2435 malum
603 2405 671 2445 (ubi.
697 2404 841 2444 inrepsit
871 2415 913 2435 ex

213 2463 317 2494 praec.
331 2455 408 2493 quod
420 2455 471 2484 ubi
485 2455 610 2493 accidit,
623 2460 657 2484 et
671 2454 797 2485 delevit
811 2455 913 2485 ctiam

212 2503 379 2543 Faernus)
395 2504 424 2535 d.
442 2514 466 2534 e.
487 2515 515 2534 v.
538 2504 684 2535 evitavit:
707 2515 743 2535 ac
757 2505 784 2534 si
805 2506 914 2545 proelio

211 2554 339 2583 secundo
362 2552 452 2590 sacto
478 2553 621 2592 graviter
646 2555 728 2584 culn.
755 2556 807 2588 &c-
823 2555 913 2592 sacto

211 2603 334 2634 abiisse
351 2603 383 2633 in
399 2603 436 2634 ab
450 2613 484 2633 eo
501 2607 595 2643 patet
611 2613 653 2634 ex
670 2604 751 2635 icto.-
768 2615 828 2644 pro
846 2615 912 2646 quo

211 2655 299 2685 male
325 2656 400 2685 adeo
431 2655 581 2695 conjecit
608 2657 768 2687 Davisius
795 2658 838 2688 ob
862 2668 912 2689 se-

212 2714 318 2746 quens
344 2708 390 2735 ut.
443 2705 512 2736 Sed
539 2706 625 2736 solet
649 2715 690 2736 ea
717 2707 912 2747 conjunctio

211 2755 304 2796 poni,
333 2755 573 2789 subintellecto
596 2758 683 2799 adeo,
709 2757 776 2790 ita:
801 2763 838 2790 ut
864 2759 912 2791 di-

691 205 830 236 NOTAE
864 206 1087 237 VARIORU
1098 208 1128 237 M
1163 206 1215 236 IN

974 300 1117 332 cendum
1153 301 1224 342 jam
1251 299 1428 332 habuimus
1458 299 1500 332 ad
1533 306 1587 332 ιῐῐ.
1619 302 1670 335 14,-

975 351 1124 392 Eamque
1153 351 1332 382 lectionem
1359 351 1392 380 in
1418 355 1548 382 textum
1578 357 1676 382 rece>

973 401 1118 440 pissem;
1143 401 1204 431 nisi
1228 402 1415 432 vetuissent
1441 401 1524 432 Mss.
1551 401 1675 432 mordr-

973 460 1032 481 cus
1045 452 1232 482 retinentes
1249 452 1368 482 vitiose
1385 452 1446 482 ubi.

1016 504 1055 531 27
1085 502 1187 532 Unum
1203 503 1278 534 illud
1294 502 1377 542 orat]
1403 503 1459 533 Sic
1477 502 1610 542 reposui
1628 508 1671 532 e'x

975 551 1069 581 Msto
1087 551 1225 583 Nervae.
1250 558 1283 582 et
1301 554 1384 583 edit.
1406 553 1492 583 Rob.
1510 551 1672 592 Stephani

973 600 1071 631 Ad).
1090 603 1183 632 1544.
1229 602 1268 632 In
1293 603 1365 633 aliis
1389 607 1456 634 tam
1483 603 1672 644 veteribus,

972 659 1070 690 quam
1109 651 1245 690 nuperis
1275 652 1455 692 legebatur
1482 663 1576 683 unum
1605 657 1671 683 erat

972 701 1051 730 illud
1073 701 1127 730 vel
1150 711 1244 731 unum
1259 701 1337 731 illud
1353 705 1431 738 erat,
1457 712 1499 732 ex
1526 711 1593 742 quo
1615 703 1671 742 qui

972 750 1093 781 bonam
1124 756 1271 782 mentem
1301 751 1488 790 extuderit,
1529 761 1590 792 per
1619 761 1673 782 me

971 800 1064 839 licet,
1083 801 1240 831 retineat.
1269 801 1382 832 Dacis.
1426 801 1481 831 Ita
1505 805 1600 832 recte
1624 810 1674 831 re-

971 851 1083 881 stituit
1115 851 1276 882 Davisius
1310 861 1350 881 ex
1382 851 1448 882 Ms.
1481 851 1606 881 Eliens.
1638 856 1674 882 et

972 900 1064 932 Edit.
1074 901 1238 941 Stephani
1253 912 1261 938 ;
1277 910 1352 931 cum
1364 900 1516 940 Scaliger
1530 900 1674 941 (errore,

972 955 1010 982 ut
1026 951 1159 992 opinor,
1176 950 1440 992 typographico)
1464 951 1587 991 aliique
1603 951 1673 982 edi-

972 1001 1114 1040 dissent,
1144 1002 1246 1032 L'mtm
1271 1002 1352 1032 illud
1377 1004 1454 1032 erat.
1500 1001 1600 1034 Quod
1616 1011 1674 1032 au-

973 1056 1042 1082 tem
1075 1052 1171 1082 addit
1198 1052 1250 1082 vir
1278 1052 1505 1091 doctissimus,
1540 1052 1573 1082 in
1602 1052 1675 1083 aliis

971 1104 1123 1133 omnibus
1138 1107 1385 1144 (praeterquznn
1402 1102 1582 1144 Stephani)
1606 1108 1673 1135 tam

972 1154 1142 1185 veteribus
1167 1163 1266 1194 quam
1292 1154 1429 1193 nuperis
1457 1153 1673 1184 Editionibns

971 1203 1037 1242 legi
1053 1207 1142 1238 erat;
1158 1204 1191 1233 in
1208 1213 1248 1234 eo
1264 1207 1398 1234 demum
1413 1202 1552 1234 fallitur.
1583 1204 1671 1234 Nam

971 1258 1005 1283 et
1029 1253 1265 1284 Hotomannus
1289 1258 1325 1284 et
1340 1253 1490 1285 Joannes
1515 1254 1672 1284 Russelus

970 1308 1006 1333 et
1022 1303 1173 1334 Joannes
1190 1303 1295 1334 Mich.
1324 1303 1451 1335 Brutus
1475 1308 1509 1335 et
1535 1303 1672 1344 Anony-

970 1362 1044 1382 mus
1060 1353 1152 1392 apud
1169 1352 1365 1383 Plautinum
1383 1356 1477 1384 1586.
1500 1357 1535 1383 et
1557 1352 1673 1383 Godu·

970 1402 1045 1432 inus
1063 1407 1097 1432 et
1116 1402 1295 1442 Cellarius,
1317 1402 1348 1432 in
1365 1403 1434 1433 suis
1453 1411 1570 1433 omnes
1596 1402 1675 1433 Edi-

971 1452 1119 1483 tionibus
1156 1453 1378 1493 scripserunt,
1413 1456 1492 1484 orat.
1564 1453 1672 1485 Clark.

972 1506 1052 1534 Orat
1082 1504 1166 1534 Mss.
1197 1513 1226 1534 0.
1259 1508 1295 1534 et
1321 1503 1408 1534 Edd.
1441 1503 1607 1544 plurimae,
1637 1504 1671 1534 in

970 1555 1090 1595 quibus
1114 1555 1270 1594 Yenetae,
1293 1555 1391 1586 Vasc.
1418 1554 1566 1595 Stradae,
1591 1554 1670 1586 Ald.

970 1606 1099 1646 Grypli.
1117 1605 1230 1637 Plant.
1249 1608 1342 1636 157⁴.
1358 1607 1422 1636 ἃς.
1568 1630 1570 1632 ,

1011 1658 1053 1686 28
1078 1656 1115 1686 In
1130 1655 1337 1696 conspectum]
1371 1656 1454 1686 Mss.
1481 1656 1608 1686 Eliens.
1636 1660 1672 1686 et

969 1706 1033 1737 Ed.
1062 1707 1158 1737 Rom.
1185 1706 1218 1736 in
1244 1709 1416 1746 conspectu.
1459 1704 1549 1736 Vide
1570 1714 1671 1745 supra

969 1756 1011 1787 ad
1040 1765 1089 1787 xv.
1122 1760 1172 1788 12.
1207 1757 1317 1788 Clark.
1361 1759 1520 1796 conspectu
1544 1756 1670 1787 Lovan.

969 1807 1076 1837 Dorv.
1098 1807 1160 1837 Ed.
1178 1806 1272 1838 Med.

1010 1859 1052 1886 33
1087 1856 1126 1886 L.
1157 1857 1281 1894 Paullo,
1315 1856 1352 1886 C.
1388 1857 1535 1887 Marcello
1568 1857 1674 1897 Coss-J

969 1905 1218 1944 Pantagathus,
1243 1906 1398 1944 Ursinus,
1422 1910 1457 1936 et
1475 1906 1606 1936 Manut.
1625 1906 1670 1937 le-

969 1960 1052 1996 gunt
1077 1956 1114 1985 L.
1132 1956 1280 1986 Lentulo:
1306 1960 1408 1996 atque.
1434 1956 1482 1986 ita
1505 1956 1670 1987 exhibent

970 2006 1036 2035 Ms.
1055 2006 1131 2036 Urs.
1150 2006 1259 2036 Dorv.
1288 2010 1325 2036 et
1351 2005 1436 2036 Edd.
1462 2006 1558 2036 Rom.
1582 2005 1668 2037 Ven.

967 2065 1006 2086 ac
1033 2055 1127 2085 Med.
1153 2055 1194 2085 P.
1220 2055 1350 2086 Lentulo
1384 2056 1466 2086 Lov.
1495 2055 1554 2086 sed
1581 2055 1669 2087 bene

968 2104 1170 2136 Ciacconius
1207 2110 1244 2136 et
1292 2104 1528 2137 Hotomannus
1567 2105 1672 2137 docu—

967 2160 1067 2186 erunt
1093 2164 1209 2186 errare
1234 2156 1334 2186 Viros
1358 2155 1490 2195 doctos,
1515 2165 1555 2187 ac
1580 2164 1668 2187 nono

968 2207 1113 2237 Caesaris
1130 2207 1164 2237 in
1189 2207 1304 2238 Gallia
1318 2217 1405 2238 anno
1422 2207 1579 2238 Paullum
1591 2217 1667 2239 cum

967 2256 1005 2287 C.
1024 2257 1205 2297 Marcello,
1233 2257 1271 2288 C.
1302 2258 1339 2288 F.
1366 2256 1472 2289 fuisse
1500 2259 1667 2289 consules.

965 2306 1129 2347 Sequenti
1154 2317 1247 2346 vero,
1271 2307 1314 2338 de
1344 2318 1410 2349 quo
1437 2309 1551 2349 paullo
1576 2312 1666 2349 post,

966 2358 1003 2387 L.
1015 2358 1196 2388 Lentulum
1212 2362 1247 2388 et
1263 2358 1302 2389 C.
1315 2358 1530 2397 Marcellum,
1547 2359 1595 2390 M.
1612 2359 1665 2388 Fi-

966 2409 1060 2449 lium,
1085 2409 1181 2450 hujus
1201 2409 1274 2440 Caii
1305 2411 1503 2450 patruelem,
1532 2414 1568 2440 et
1591 2417 1665 2449 ger-

964 2469 1099 2489 manum
1124 2459 1236 2490 Marci
1261 2459 1430 2497 Marcelli,
1452 2458 1508 2499 qui
1531 2457 1662 2488 dnobus

965 2511 1061 2540 annis
1100 2514 1178 2540 ante
1210 2510 1326 2541 consul
1359 2509 1480 2539 fuerat.
1536 2507 1664 2539 Confer

964 2561 1082 2591 Fastos
1099 2566 1136 2591 et
1150 2561 1289 2591 Sueton.
1307 2560 1375 2591 Jul.
1393 2562 1445 2590 29.
1492 2558 1582 2589 Hinc
1604 2568 1663 2599 pa-

965 2615 1016 2641 tet
1034 2620 1166 2651 quoque
1183 2620 1245 2650 pro
1267 2610 1306 2639 L.
1334 2608 1367 2639 in
1392 2609 1474 2639 Mss.
1499 2608 1570 2639 fcre
1595 2618 1664 2639 om-

962 2660 1059 2691 nibus
1078 2669 1256 2700 perperam
1273 2658 1375 2689 scribi
1396 2659 1464 2688 Tito
1480 2668 1537 2688 scu
1565 2658 1600 2690 T.
1627 2658 1660 2689 iu

962 2710 1058 2740 Voss.
1075 2718 1142 2740 sec.
1159 2710 1196 2739 C.
1242 2708 1329 2740 Vide
1351 2709 1447 2751 plura
1471 2710 1534 2741 llue
1558 2710 1660 2751 perti-

963 2759 1078 2792 nentia
1093 2759 1133 2791 ad
1151 2769 1181 2791 c.
1198 2763 1250 2791 55.
1606 2764 1630 2787 ἱ
1665 2783 1670 2786 ,
