1818 3131
223 240 334 282 1364

223 355 294 385 eus,
310 354 376 385 quo
392 343 565 384 expositus
582 343 615 373 in
640 346 767 374 terram
791 346 855 382 est,
870 343 926 374 de-

221 397 387 436 signatur,
425 404 524 434 quam
557 395 632 434 ipsa
670 394 769 425 actio.
824 393 926 435 Apud

222 446 342 476 Vellei.
362 450 473 474 tamen
492 453 529 474 11.
546 447 598 475 79.
624 444 738 475 editur
754 444 926 485 ‘legiones

222 496 387 535 expositae
405 496 438 525 in
457 500 543 525 terra
557 496 576 525 :'
603 500 638 525 et
656 495 702 525 sic
720 495 821 526 etiam
839 496 925 535 opti-

222 547 266 577 mi
285 545 363 576 libri
388 546 471 576 Mss.
497 546 536 575 B.
556 546 629 576 Civ.
649 554 702 576 ιιι.
720 548 773 576 23.
797 547 805 562 ‘
824 546 926 585 sagit-

223 596 319 627 tariis
332 597 365 627 in
376 596 589 635 terra(vulgo
602 594 925 635 terrae1m)expositis.'

268 653 391 676 xxxix.
422 648 442 675 9
471 645 607 676 Dicendi
624 645 721 684 mora]
754 645 831 675 Hoc
858 643 928 675 fac·

222 699 294 726 tum
312 705 330 725 a
348 695 576 734 Senatoribus,
593 695 712 735 quibus
732 703 799 724 non
817 694 929 724 arrisit

221 755 290 784 reS,
305 745 348 776 de
366 755 432 786 qua
447 745 626 786 agebatur.
667 744 788 775 Ateius
806 743 928 783 Capito

220 796 264 826 de
301 794 401 826 Offic.
429 796 544 826 Sonat.
581 794 671 834 apud
709 793 751 824 A.
780 793 927 824 Gellium

221 846 329 878 Noct.
347 846 455 876 Attio.
474 848 588 876 1v.10.
614 846 622 861 ‘
636 845 722 875 Cato
738 852 929 884 remquam

222 895 476 934 consulebatur,
491 894 650 935 quoniam
666 902 732 923 non
755 902 772 923 e
791 893 929 932 Repub-

220 946 291 976 lica
307 944 502 982 videbatur,
520 942 637 984 perfici
661 942 811 974 nolebat.
847 943 929 982 Ejus

221 995 270 1025 rei
302 995 411 1035 gratia
438 993 616 1031 ducendae,
646 994 747 1034 longa
776 993 930 1023 oratione

221 1045 396 1083 utebatur,
409 1044 651 1084 eximebatque
661 1043 807 1074 dicendo
822 1043 909 1073 diem
921 1053 929 1080 ;

223 1100 299 1126 crat
315 1095 402 1126 enim
415 1095 473 1135 jus
489 1095 659 1134 Senatori‚
677 1098 714 1125 ut
728 1094 931 1125 sententiam

223 1151 376 1187 rogatus,
401 1146 532 1176 diceret
553 1149 632 1175 ante
650 1144 810 1185 quicquid
827 1144 930 1174 vellet

224 1196 352 1235 aliirei,
371 1200 407 1226 et
423 1195 532 1236 quoad
552 1195 677 1226 vellet.’
697 1195 759 1225 Et‘
774 1194 933 1225 Senatus-

224 1247 427 1285 cousultum,
443 1250 522 1275 ante
539 1249 696 1275 exortum
714 1248 771 1274 aut
786 1250 861 1284 post
879 1253 934 1274 oc-

223 1307 334 1327 casum
344 1297 446 1327 solem
461 1295 600 1330 factum,
615 1299 726 1325 ratuni
738 1303 804 1324 non
816 1293 931 1324 fuisse'

225 1356 267 1377 ex
285 1347 438 1377 Varrone
456 1345 586 1376 notavit
609 1344 698 1374 idem
716 1345 861 1384 scriptor
888 1344 932 1374 N.

226 1397 268 1426 A.
291 1406 366 1427 xu‘.
381 1394 424 1426 7.'
455 1395 566 1425 Daris.

268 1446 347 1476 Dies
366 1444 564 1486 extrahente]
601 1444 657 1475 Sic
682 1444 845 1475 exhibent
868 1453 934 1475 om-

225 1505 284 1527 nes
317 1496 401 1527 Cod.
429 1505 572 1536 quorum
596 1495 837 1526 auctoritatem
862 1504 934 1525 sum

226 1552 384 1586 secutus3
409 1547 481 1579 Jos.
501 1547 592 1578 enim
615 1547 770 1588 Scaliger
791 1557 833 1578 ex
857 1557 934 1578 con-

219 1599 358 1638 jectura
395 1602 595 1638 reposuerat
632 1598 713 1628 diem
744 1598 934 1629 extrahente.

227 1649 440 1688 Perperam3
471 1658 549 1679 nam
561 1648 634 1679 veri
647 1653 700 1679 est
714 1649 821 1679 simile
839 1658 879 1679 ea
893 1648 935 1680 de
951 1685 956 1694 .

225 1708 261 1730 re
279 1699 402 1740 saepius
426 1704 539 1730 actum
564 1698 687 1731 fuisse:
713 1709 818 1741 quare
835 1700 935 1739 Cato,

226 1760 269 1782 ne
285 1750 385 1782 fieret
403 1751 466 1782 SC.
484 1750 629 1782 dicendo
643 1751 757 1792 plures
771 1751 842 1782 dies
859 1759 936 1781 exe-

225 1802 300 1841 mit,
316 1807 355 1833 ut
377 1801 480 1833 etiam
505 1801 591 1832 vidit
613 1801 713 1834 Joan.
731 1801 826 1832 Frid.
850 1801 936 1833 Gro-

225 1852 346 1884 novius
363 1852 406 1883 ad
424 1852 511 1883 Livii
524 1861 617 1884 xxn.
635 1855 686 1884 18.
714 1852 828 1884 Dacis.
859 1852 938 1883 Dies

231 1903 333 1934 etiam
349 1903 432 1933 Mss.
450 1903 517 1933 mei
535 1912 660 1933 omnes,

272 1956 312 1984 16
356 1953 559 1994 Permisccri]
611 1953 707 1993 Lego
738 1952 937 1993 permiscere.

230 2003 343 2035 Daris.
361 2013 433 2035 cur.
445 2013 512 2034 sec.
524 2004 672 2034 Frustra.
698 2001 830 2033 AdiCl.
844 2003 936 2033 Cort.

228 2053 271 2084 ad
299 2053 438 2084 Sallust.
468 2054 508 2084 B.
534 2052 634 2084 Catil.
663 2055 715 2083 51.
732 2053 749 2092 ς
779 2055 831 2083 40.
857 2052 937 2093 Jug.

229 2108 280 2136 1⁶2.
316 2109 356 2135 5:
390 2107 443 2135 97.
477 2106 509 2135 4.
539 2104 580 2135 Ἰ.
619 2103 794 2144 Wopkens
851 2103 939 2134 Tull.

232 2156 330 2186 Lect.
341 2164 397 2193 nt
411 2157 461 2186 13.
493 2155 603 2186 Drak.
616 2154 658 2185 ad
673 2154 747 2186 Liv.
766 2163 822 2185 111.
833 2157 886 2185 51.
902 2159 939 2185 et

230 2205 334 2236 alibi:
366 2205 426 2236 ubi
451 2205 494 2236 ad
516 2206 710 2236 satietatem
726 2204 858 2236 videbis
882 2213 938 2235 ex-

232 2256 345 2296 empla
367 2256 563 2296 junctarum
582 2254 715 2286 Activae
733 2259 768 2285 et
789 2254 939 2286 Passivae

231 2305 429 2337 formarum.
475 2306 563 2337 Vide
591 2305 692 2336 etiam
725 2305 766 2335 ad
795 2315 858 2337 vn.
887 2308 940 2337 60.

230 2356 417 2397 ‘progredi
449 2361 485 2387 et
522 2365 559 2387 se
590 2355 785 2396 exspectari
812 2354 939 2395 jussit.'

232 2406 321 2437 Item
339 2407 382 2437 ad
406 2407 448 2438 B.
464 2406 538 2438 Civ.
555 2416 580 2437 1.
595 2409 648 2437 61.
665 2410 701 2437 et
725 2405 766 2436 ad
782 2406 938 2437 Frontin.

233 2467 273 2488 11.
292 2460 320 2488 l.
336 2460 389 2488 18.
421 2456 513 2489 Infra
530 2458 571 2489 B.
589 2458 664 2489 Civ.
685 2465 725 2488 11.
742 2460 792 2488 31.
827 2458 836 2474 ‘
855 2457 941 2489 Haec

232 2507 443 2539 dissimulare
471 2512 507 2539 et
535 2508 721 2546 occultare,
750 2517 850 2548 quam
881 2518 942 2548 per

234 2568 295 2589 nos
321 2557 513 2589 confirmari
539 2558 717 2598 praestat?
746 2558 804 2588 ubi
829 2567 943 2588 rursus

234 2608 350 2639 Clark.
368 2611 405 2639 et
426 2608 546 2639 Davis.
564 2607 731 2648 passivum
759 2607 944 2639 inculcant.

233 2659 364 2691 Contra
404 2659 446 2690 B.
473 2658 582 2690 Afric.
611 2668 641 2689 c.
672 2661 725 2689 51.
759 2658 768 2674 ‘
794 2658 945 2689 instituit

236 2709 376 2740 brachia
389 2709 467 2740 duci
484 2715 518 2740 et
535 2709 584 2740 ita
597 2708 752 2749 erigere:
782 2708 945 2740 Davisius

235 2761 309 2791 vult
325 2761 447 2799 ducere,
463 2769 656 2800 perperam.
703 2759 842 2799 Apulei.
859 2760 946 2790 Met.

235 2806 257 2839 l.
273 2818 336 2840 vu.
361 2819 396 2850 p.
415 2812 487 2841 137.
512 2810 521 2826 ⁴
538 2810 632 2841 illum
649 2809 793 2842 adscisci
810 2816 846 2842 et
863 2810 946 2842 alios

679 247 821 278 NOTAE
861 246 1124 278 VARIORUM
1167 247 1218 277 IN

978 344 1147 383 vestigare
1165 345 1317 373 statuunt
1333 341 1352 372 :’
1385 341 1441 372 ubi
1463 340 1565 372 ctiam
1588 341 1677 375 male

978 404 1020 425 ex
1037 395 1148 425 Oxou.
1167 394 1251 426 Cou.
1280 393 1433 424 Pricaeus
1456 392 1596 433 praefert
1614 404 1678 425 ves·

978 444 1088 483 ligari.

1019 498 1060 525 23
1090 494 1157 525 Illis
1182 505 1212 527 se
1241 496 1325 526 oneri
1348 506 1406 525 non
1426 495 1589 535 futurum]
1623 495 1680 526 Sic

977 544 1076 575 editt.
1094 544 1193 576 Rom.
1216 550 1252 577 et
1274 545 1430 576 Beroaid.
1456 550 1492 576 at
1507 546 1594 576 Ven.
1611 545 1682 577 Illis

977 604 1008 624 se
1038 595 1145 624 honori
1178 605 1237 625 uon
1260 595 1417 632 futurum.
1456 596 1538 627 Mss.
1567 600 1680 627 autem

979 644 1115 674 Carrar.
1133 648 1167 674 et
1184 645 1299 676 Ciacc.
1328 646 1423 676 lilise
1444 646 1529 676 oneri
1548 656 1607 677 non
1630 647 1682 676 de-

970 694 1128 733 futurum,
1159 694 1214 725 cui
1243 695 1379 725 lectioni
1412 696 1483 727 fere
1513 696 1686 727 accedunt

980 743 1080 775 editt.
1109 744 1220 774 Paris.
1241 749 1276 774 et
1298 744 1429 784 Grypli.
1447 745 1479 775 in
1495 746 1615 786 quibus
1630 750 1683 776 est

979 794 1026 824 illi
1041 804 1072 825 se
1087 795 1194 825 honori
1209 805 1269 825 non
1283 794 1474 835 defuturum,
1489 804 1551 826 nec
1567 795 1687 826 abhor-

980 849 1032 875 ret
1061 845 1124 876 ΜΒ.
1149 845 1289 876 Norvic.
1320 845 1425 876 habet
1452 845 1540 875 enim
1569 845 1633 876 illis
1653 855 1685 876 se

979 897 1065 928 oneri
1081 907 1140 927 ηοιι
1155 896 1346 934 defuturum.
1392 896 1447 927 Sic
1471 905 1573 937 supra
1594 896 1688 927 locu-

982 952 1036 978 tus
1052 950 1103 978 est
1121 947 1236 977 Caesar
1259 946 1398 986 hujusce
1416 945 1491 977 libri
1515 956 1544 976 c.
1559 949 1589 978 1.
1624 947 1633 962 ‘
1648 947 1685 977 L.

981 997 1147 1028 Lentulus
1173 997 1295 1028 Consul
1320 997 1437 1028 Senatu
1461 996 1579 1036 Reique
1598 996 1686 1036 publ.

980 1058 1012 1078 se
1028 1057 1085 1078 uon
1100 1046 1278 1084 defuturum
1303 1047 1506 1086 pollicetur.'
1549 1046 1635 1077 Vide
1652 1051 1688 1078 et

982 1098 1023 1128 B.
1043 1098 1083 1129 C.
1099 1107 1154 1128 ιιι.
1172 1100 1224 1128 93.
1255 1098 1367 1127 Dacis.
1407 1097 1561 1138 Utraque
1581 1096 1688 1128 lectio

983 1157 1077 1187 :rque
1093 1148 1179 1178 bona
1192 1147 1339 1178 videtur.
1366 1148 1472 1178 Clark.
1497 1147 1689 1184 Desuturum

984 1197 1083 1228 etiam
1112 1198 1207 1227 Voss.
1233 1202 1268 1228 ct
1295 1197 1389 1228 Busl.
1426 1197 1525 1228 Unde
1550 1197 1576 1228 si
1607 1197 1686 1239 quid

984 1252 1103 1277 contra
1117 1251 1249 1277 ceteros
1268 1247 1388 1285 histos,
1404 1247 1490 1287 quod
1509 1256 1575 1277 non
1594 1251 1689 1286 puto,

984 1296 1181 1326 mutandum
1217 1296 1317 1334 foret,
1350 1297 1496 1335 legerem
1524 1295 1689 1335 defugiunt

983 1347 1043 1384 illi,
1062 1356 1091 1376 se
1105 1346 1189 1375 oneri
1205 1355 1262 1376 non
1277 1345 1465 1383 defuturum.
1501 1346 1690 1377 Glareanus

985 1394 1134 1425 malebat
1156 1394 1217 1432 def.
1232 1395 1293 1435 illi,
1314 1405 1345 1425 se
1367 1405 1420 1426 suo
1436 1396 1543 1426 honori
1564 1406 1623 1427 non
1638 1397 1691 1426 ‹Ie-

977 1444 1135 1482 suturnm.
1172 1444 1295 1475 'l‘utius
1320 1445 1527 1476 retinebitur
1551 1446 1691 1486 vulgata

987 1495 1028 1525 ab
1046 1494 1184 1535 optimis
1209 1499 1243 1525 et
1269 1494 1436 1536 plerisque
1464 1496 1546 1528 Mss.
1570 1494 1691 1528 confir-

986 1550 1089 1576 mata.
1126 1543 1251 1576 Confer
1275 1551 1387 1576 tamen
1412 1555 1476 1576 vn.
1501 1549 1553 1577 66.
1586 1548 1594 1563 ‘
1611 1547 1692 1578 Ter-

987 1597 1054 1627 rori
1077 1595 1227 1627 hostibus
1251 1595 1402 1627 futurum
1416 1596 1435 1627 :'
1464 1596 1522 1627 ubi
1545 1597 1579 1627 in
1604 1597 1690 1628 Mss.

988 1647 1089 1678 etiam
1106 1657 1166 1678 non
1180 1647 1369 1685 defuturum.

1031 1701 1073 1734 29
1104 1698 1147 1729 Ut
1162 1698 1303 1738 operibus
1317 1700 1436 1729 anteire
1450 1699 1620 1740 studuerit]
1637 1699 1692 1731 Sic

989 1748 1081 1779 edidi
1103 1748 1205 1780 tidem
1229 1753 1365 1780 secutus
1388 1750 1473 1781 Mss.
1491 1751 1631 1782 Norvic.
1657 1754 1693 1781 et

988 1799 1103 1830 Ursin.
1116 1798 1408 1840 quamlectionem
1423 1804 1457 1831 et
1470 1791 1541 1840 ipse
1556 1800 1694 1831 Fulvius

989 1849 1159 1889 probavit.
1188 1848 1356 1880 Alludunt
1377 1849 1476 1880 editt.
1492 1850 1588 1881 Rom.
1606 1851 1693 1881 Ven.

989 1899 1148 1930 Beroald.
1184 1899 1216 1929 in
1248 1899 1369 1940 quibus
1399 1900 1525 1940 legitur
1552 1900 1695 1941 operibus

989 1954 1061 1981 ante
1074 1950 1240 1981 studuerit.
1269 1950 1387 1990 Opera
1403 1954 1482 1980 sunt
1506 1959 1558 1981 res
1575 1956 1696 1991 gestae.

989 2001 1045 2032 Sic
1075 2001 1232 2033 Justinus
1267 2009 1306 2031 11.
1338 2003 1370 2031 6.
1396 2003 1425 2032 1.
1470 2001 1478 2017 ‘
1509 2001 1694 2042 Operaque

991 2051 1248 2082 Atheniensium
1285 2049 1418 2082 effectu
1439 2051 1568 2091 majora
1595 2061 1695 2091 quam

991 2107 1071 2133 vota
1100 2101 1219 2133 fuere!
1249 2102 1401 2133 Velleius
1423 2103 1626 2134 Paterculus
1654 2111 1694 2134 ιι.

993 2156 1065 2184 106.
1090 2153 1098 2169 ‘
1116 2153 1186 2184 Pro
1202 2152 1263 2183 Dii
1278 2152 1372 2192 boni,
1389 2153 1507 2193 quanti
1520 2153 1696 2184 voluminis

990 2213 1083 2244 opera
1112 2202 1304 2243 insequenti
1342 2206 1473 2242 aestate,
1509 2202 1571 2233 sub
1609 2202 1696 2235 duce

990 2252 1127 2284 Tiberio
1146 2253 1296 2291 Caesare,
1313 2252 1501 2293 gessimus?
1527 2253 1601 2285 Jos.
1621 2253 1698 2284 Sca-

992 2304 1078 2345 liger
1094 2313 1135 2335 ex
1153 2303 1321 2335 nonnullis
1337 2303 1446 2335 Codd.
1465 2303 1574 2335 edidit
1585 2307 1617 2334 ut
1633 2305 1697 2344 opi-

993 2355 1046 2386 bus
1062 2355 1181 2386 anteire
1193 2355 1358 2395 studuerit,
1373 2354 1529 2387 nimirum
1544 2354 1698 2395 Pompei-

993 2416 1055 2444 us;
1083 2405 1218 2437 inflecte
1249 2415 1408 2446 prorsus:
1444 2405 1565 2437 abbae
1582 2410 1696 2436 tamen

992 2456 1142 2487 lectione
1158 2465 1198 2486 ne
1212 2457 1316 2487 latum
1331 2455 1468 2497 quidem
1483 2464 1626 2496 unguem
1646 2465 1698 2486 re-

994 2510 1172 2537 cesserunt
1185 2506 1334 2537 editores
1351 2505 1480 2546 nuperi.
1510 2505 1620 2537 Davis.
1654 2505 1697 2536 U

994 2556 1153 2597 operibus
1168 2556 1285 2586 anteire
1297 2554 1464 2586 studuerit.
1488 2554 1545 2585 Ita
1559 2555 1699 2595 optime,

995 2617 1037 2638 ex
1054 2607 1139 2638 Mss.
1159 2606 1283 2637 Eliensi
1305 2610 1342 2636 et
1357 2604 1483 2642 Ursini,
1499 2604 1607 2636 edidit
1630 2605 1698 2636 Da-

995 2657 1109 2689 visius.
1140 2659 1208 2689 Cur
1225 2661 1337 2687 autem
1351 2655 1576 2696 Scaligerum,
1591 2656 1648 2696 qui
1663 2659 1698 2686 ut

996 2707 1117 2747 opibus
1133 2707 1253 2737 anteire
1275 2705 1395 2744 edidit,
1411 2705 1475 2736 hoc
1496 2704 1538 2737 de
1555 2705 1699 2746 Pompeio

997 2749 1134 2789 dictum>
1142 2756 1349 2788 intellexisse
1360 2752 1698 2796 existimaret‚(quod

997 2818 1041 2841 ne
1066 2808 1229 2841 Latinitas
1244 2806 1379 2849 quidem
1403 2806 1473 2840 ullo
1495 2805 1595 2838 modo
1612 2805 1700 2847 pati-
