1872 3115
265 213 352 255 956

268 323 400 357 matur,
416 321 451 349 et
466 327 485 349 α
500 326 543 355 se,
558 316 622 346 hoc
638 318 702 354 est,
721 325 738 344 a
757 314 872 345 Senatu
887 314 969 345 seri-

268 370 382 401 batur.
413 369 448 398 J.
479 368 526 397 M.
549 366 680 397 Brutus.
727 365 782 395 Ita
795 364 968 404 exhibent,

266 424 306 450 nt
331 419 438 450 voluit
465 418 515 447 vir
543 416 709 454 eruditum,
736 416 834 446 editt.
869 416 963 446 Rom.

268 471 358 501 Ven.
375 470 439 500 Ms.
458 473 571 498 autem
591 468 694 498 Norv.
741 468 831 502 Quod
844 467 966 505 fratres

270 520 396 551 Heauos
411 519 578 558 appellatos
596 518 722 548 diceret.
747 518 856 548 Daris.
882 518 964 548 Mss.

266 570 351 610 Reg.
383 573 418 599 et
451 569 572 606 Vossii,
601 569 820 608 interponunt
848 578 964 598 vocem

259 620 402 659 fratres:
427 624 475 658 et,
498 629 559 659 pro
575 629 614 650 est
640 619 674 649 S.
692 620 727 650 C.
753 619 964 650 substituunt

265 681 284 702 u
306 671 434 710 Senatu,
456 671 520 701 isto
542 670 660 700 modo:
689 670 778 705 Quod
799 669 921 701 fratres
946 679 965 700 a

267 721 394 752 Senatu
409 724 444 751 et
463 720 576 750 amicos
591 721 709 750 sEduos
723 721 901 760 appellatos,
913 722 965 759 δέ.

267 774 378 805 Quam
408 772 590 802 lectionem
622 771 755 801 erudite
787 776 902 802 tuetur
932 771 965 803 J.

266 822 317 854 M.
334 823 471 853 Brutus.
520 821 700 860 Nimirum,
723 821 813 861 quod
833 822 864 851 in
882 822 965 852 Mss.

265 872 419 913 plurimis
443 875 516 902 erat
542 871 718 911 seriptum,
742 881 761 901 a
785 870 838 908 Se,
860 871 932 901 scil.
949 881 967 900 α

266 921 406 957 Senatu;
432 921 465 951 id
483 931 502 951 a
519 920 684 951 Librariis
707 930 778 951 esse
801 924 967 951 mutatum

265 972 312 1012 in,
327 982 367 1002 ex
382 971 416 1003 S.
436 972 473 1003 C.
491 972 558 1002 Ms.
577 971 734 1011 Eliensis,
752 972 878 1002 omissis
895 972 968 1002 istis

267 1022 418 1061 vocibus,
433 1022 536 1052 habet
551 1033 560 1060 ς
583 1022 592 1038 ‘
609 1023 708 1055 Quod
731 1021 852 1053 fratres
869 1022 969 1054 AEdu-

268 1082 304 1104 os
331 1072 546 1113 appellatos,'
573 1075 638 1104 otc.
685 1073 791 1104 Clark.
853 1073 969 1104 Primo

267 1122 340 1154 sine
367 1123 470 1154 dubio
498 1123 728 1163 reponendum
758 1127 810 1154 est
835 1122 968 1162 fratres,

266 1184 345 1206 nam
371 1167 499 1217 praeter
526 1177 667 1206 aliorum
697 1175 804 1207 (odd.
832 1181 868 1206 et
893 1174 970 1206 Edi-

268 1225 380 1256 tiones
397 1227 577 1267 plerasque
595 1233 743 1265 veteres,
758 1226 892 1258 codices
905 1226 970 1256 mei

267 1276 441 1308 sexdecim
467 1282 501 1307 et
526 1277 646 1308 Celsus
672 1287 745 1307 eam
770 1286 888 1307 vocem
916 1286 970 1317 ag-

268 1333 425 1360 noscunt.
492 1328 580 1358 Vide
619 1327 661 1359 de
699 1337 739 1358 ea
783 1328 970 1358 lli-antium.

268 1378 361 1410 Dein
387 1389 427 1409 ex
450 1377 484 1409 S.
508 1379 545 1409 C.
575 1378 677 1409 habet
705 1378 813 1407 nullus
838 1378 969 1408 Mstus:

269 1438 346 1460 nam
375 1429 429 1458 vel
456 1429 619 1459 omittunt
643 1428 789 1466 omnino,
815 1428 868 1458 vel
896 1438 914 1458 a
939 1437 971 1457 se

270 1477 433 1509 exhibent
464 1487 598 1516 novem,
628 1478 716 1508 inter
743 1487 826 1518 quos
856 1477 971 1517 Cujac.

268 1528 393 1568 Scalig.
409 1532 445 1558 et
460 1528 635 1558 Leidensis
652 1527 777 1567 primus
792 1537 868 1558 eum
886 1526 972 1557 Edd.

271 1578 367 1608 Rom.
382 1577 466 1607 Ven.
479 1582 515 1607 et
529 1577 666 1607 Incerta
681 1587 687 1606 :
706 1576 739 1605 id
757 1581 809 1606 est
823 1587 841 1605 a
853 1579 972 1614 senata,

269 1626 320 1657 uti
332 1627 404 1667 jam
421 1625 529 1657 edidit
546 1627 748 1666 Stephanus,
793 1626 849 1656 Sic
871 1635 972 1665 supra

267 1677 278 1693 ‘
292 1676 381 1717 quod
398 1685 457 1706 rex
475 1675 666 1715 adpellatus
687 1681 776 1706 esset
793 1685 812 1705 a
827 1675 971 1705 senatu.'

269 1727 378 1758 Porro
395 1727 506 1757 nullus
530 1726 647 1757 Codex
664 1726 842 1767 sequentia
867 1725 973 1756 habet

270 1787 311 1809 eo
327 1777 458 1815 ordine,
471 1786 537 1817 quo
550 1777 649 1816 vulgo
668 1782 838 1816 ponuntur
855 1777 974 1806 sEdnos

271 1829 342 1869 adp.
358 1828 480 1858 amicos.
524 1827 592 1858 Sed
609 1831 741 1867 septem
766 1826 972 1857 recentiores

273 1879 357 1909 dant
383 1887 461 1908 eum
486 1877 572 1908 Edd.
590 1877 685 1907 Rom.
702 1877 788 1907 Ven.
814 1875 907 1907 Med.
932 1885 971 1906 ae

272 1930 411 1959 Vascos.
427 1932 463 1958 et
483 1927 615 1958 Stradae
633 1930 661 1958 et
677 1928 790 1958 amicos
809 1928 880 1967 adp.
898 1927 972 1957 AEd.

271 1980 326 2011 vel
342 1980 417 2010 AEd.
434 1980 505 2019 adp.
544 1979 670 2009 Verum
688 1978 718 2008 in
737 1978 901 2018 Bongars.
919 1987 971 2017 pr.

274 2040 342 2063 see.
359 2031 458 2062 Voss.
487 2030 584 2070 prim.
611 2030 731 2059 Petav.
759 2029 883 2059 Lovan.
909 2028 974 2068 Eg-

274 2080 389 2112 mond.
421 2080 582 2119 Gottorp.
613 2084 647 2109 et
678 2078 786 2109 tribus
815 2078 901 2117 aliis,
933 2086 972 2107 ac

273 2131 338 2163 Ed.
356 2131 429 2162 Ine.
452 2135 487 2161 et
503 2130 602 2162 Celso
618 2139 686 2159 non
710 2133 887 2169 comparet
908 2137 973 2158 vox

273 2181 398 2212 amicos.
441 2181 619 2210 Praeterea
642 2179 824 2209 Vossianus
847 2178 974 2218 primus

274 2240 335 2273 pro
352 2231 443 2262 varia
465 2230 614 2261 lectione
640 2230 849 2270 adscriptum
869 2228 975 2259 habet

271 2283 299 2313 si
314 2282 435 2320 amicos,
458 2280 647 2312 certissimo
669 2284 884 2320 argumento,
899 2289 974 2310 eam

273 2341 392 2363 vocem
418 2331 473 2362 hic
506 2331 572 2361 loci
603 2330 706 2361 fuisse
736 2330 888 2361 Glossam
919 2329 976 2358 τοῦ

270 2382 410 2424 fratres:
447 2391 550 2423 quare
581 2381 642 2412 hae
677 2381 828 2421 reposita
862 2380 976 2410 amicos

272 2433 394 2465 delevi.

280 2497 285 2499 ·
316 2487 357 2515 32
383 2483 489 2522 Neque
505 2483 579 2513 bello
595 2483 799 2522 Allobrogum
817 2482 975 2523 proximo]

272 2536 352 2569 Non
380 2535 554 2574 intelligit,
579 2541 615 2565 ut
648 2536 807 2576 imperite
839 2535 974 2566 censuit

271 2588 373 2621 Joan.
401 2586 592 2624 Goduinus,
619 2585 757 2626 bellum,
783 2585 873 2626 quod
899 2594 974 2616 cum

273 2635 515 2677 Allobrogibus
531 2644 668 2673 gessere
688 2636 862 2666 Domitius
877 2634 975 2665 AEno—

274 2687 400 2718 barbus
428 2692 464 2718 et
497 2686 619 2717 Fabius
650 2686 830 2717 Maximus.
885 2686 974 2730 Vide

275 2737 410 2768 Florum
428 2747 482 2768 111.
500 2739 550 2768 ll.
593 2736 662 2767 Sed
689 2737 723 2768 id
749 2747 813 2778 quo
838 2747 895 2767 eos
919 2736 975 2767 de-

275 2786 417 2819 bellavit
434 2788 494 2819 Cn.
514 2787 690 2819 Pontinus.
735 2787 822 2819 Vide
839 2792 910 2819 not.
934 2787 975 2818 ad

729 219 869 250 NOTAE
902 217 1163 248 VARIORUM
1197 217 1249 248 IN

1013 329 1044 350 c.
1062 323 1091 351 6.
1126 319 1236 350 Davis.

1055 372 1094 400 35
1113 369 1233 400 Debere
1246 378 1278 399 se
1292 366 1459 408 suspicari]
1481 366 1631 398 Verbum
1648 367 1712 399 De-

1013 421 1082 451 bere
1107 421 1256 451 Faernus
1282 419 1477 450 auctoribus
1503 419 1648 460 antiquis
1675 417 1714 449 li-

1015 471 1083 502 bris
1113 470 1297 501 tollendum
1323 470 1474 510 putabat.
1527 469 1713 500 Hotoman-

1014 532 1076 552 nus
1093 531 1134 552 ex
1155 522 1201 551 Ea
1217 531 1249 551 re
1266 518 1447 551 conflatum
1463 519 1714 556 arbitrabatur;

1014 581 1080 603 non
1105 576 1219 602 autem
1241 580 1379 601 neeesse
1401 575 1466 609 est,
1491 574 1529 600 ut
1555 569 1610 600 vel
1635 569 1714 599 huic

1015 623 1067 652 vel
1086 622 1133 652 illi
1158 630 1256 651 aures
1279 619 1512 660 praebealnus3
1537 617 1715 650 commoda

1015 671 1104 702 enim
1131 675 1185 701 est
1211 670 1349 709 vulgata
1374 669 1488 708 lectio,
1514 678 1655 710 eamque
1682 669 1715 698 in

1015 732 1076 753 suo
1119 720 1245 752 Codice
1280 720 1410 750 invenit
1450 719 1714 759 Metapnrastes.

1017 773 1114 803 Idem.

1059 826 1098 853 37
1126 822 1215 857 Quod
1237 821 1298 851 uisi
1320 820 1445 850 decedat
1468 821 1524 849 aut
1547 818 1718 849 exercitum

1015 874 1254 904 ‹leducat—-sese
1276 872 1462 911 illam—pro
1488 870 1572 900 hoste
1597 868 1718 899 habitu-

1016 924 1099 963 rum]
1123 922 1224 953 Mssti
1241 926 1276 952 et
1293 925 1377 951 vett.
1393 920 1489 960 editi,
1510 919 1562 959 qui
1585 918 1646 949 nisi
1667 919 1718 950 de-

1018 974 1120 1011 cedat,
1140 975 1230 1012 atque
1251 971 1432 1009 exercitum,
1451 970 1505 1008 &a
1552 969 1643 1009 Lege
1659 968 1718 999 mi-

1018 1023 1109 1054 nima
1132 1022 1320 1052 mutatione
1348 1020 1433 1055 Quin
1447 1019 1509 1050 nisi
1530 1019 1655 1050 decedat
1671 1022 1720 1050 at·

1019 1082 1083 1114 que
1110 1071 1282 1104 exercitum
1304 1071 1511 1101 deducat—se
1535 1069 1719 1109 illum—pro

1019 1123 1103 1152 hoste
1129 1121 1315 1152 habitarum.
1368 1121 1480 1151 Dacis.
1545 1128 1619 1150 cur.
1649 1127 1717 1150 sec.

1019 1173 1088 1203 Cur
1103 1172 1169 1202 nbn
1187 1171 1300 1212 potius
1318 1179 1488 1201 servamus
1504 1172 1718 1200 constantem

1019 1223 1167 1255 omnium
1196 1223 1363 1253 Mstorum
1390 1221 1572 1252 lectionem
1597 1220 1649 1260 qui
1671 1229 1719 1251 sc.

1020 1275 1135 1306 Caesar
1150 1276 1240 1313 atque
1256 1273 1356 1303 etiam
1375 1281 1490 1303 omnes
1507 1271 1582 1302 mei.

1061 1327 1102 1356 43
1121 1324 1211 1359 Quod
1226 1324 1253 1353 si
1268 1323 1470 1363 discessisset]
1495 1321 1563 1352 Alii
1578 1319 1720 1351 recessis-

1019 1378 1086 1411 set;
1102 1373 1161 1405 sed
1178 1374 1349 1413 rescripsi,
1365 1378 1402 1403 ut
1423 1373 1528 1413 jussit
1545 1371 1586 1402 ad
1603 1370 1723 1410 margi-

1021 1434 1096 1455 nem
1113 1424 1163 1454 sui
1179 1423 1255 1453 libri
1283 1424 1325 1454 N.
1349 1423 1521 1460 Heinsius,
1544 1421 1720 1452 decessisset

1022 1473 1226 1504 auctoritate
1257 1472 1366 1503 Codd.
1398 1471 1617 1509 oxoniensis,
1647 1470 1724 1501 Lei·

1022 1523 1135 1554 densis
1151 1522 1262 1562 primi,
1278 1521 1384 1561 tertii,
1400 1526 1435 1552 et
1453 1521 1604 1551 Vossiani
1624 1520 1722 1560 primi

1023 1583 1084 1614 pro
1100 1583 1171 1604 var.
1193 1574 1272 1603 lect.
1297 1581 1336 1603 ac
1355 1571 1416 1602 Ed.
1441 1571 1594 1602 incertae.
1656 1569 1722 1600 Re-

1023 1624 1124 1664 spicit
1141 1623 1228 1654 enim
1246 1623 1289 1653 ad
1304 1632 1406 1662 supra
1423 1621 1550 1652 dictum
1573 1622 1581 1637 ‘
1595 1621 1724 1661 quinisi

1023 1674 1170 1705 decedat
1185 1673 1204 1712 ;'
1223 1678 1257 1704 et
1275 1673 1368 1714 quasi
1385 1672 1443 1702 sibi
1458 1673 1545 1702 cedat
1561 1673 1598 1702 de
1616 1671 1724 1701 Gallia

1022 1730 1061 1756 ut
1084 1734 1134 1757 Vl.
1152 1728 1200 1755 1⁴.
1226 1726 1234 1741 ‘
1249 1724 1295 1755 Iis
1319 1732 1433 1755 onmes
1456 1722 1624 1753 decedunt
1639 1721 1660 1751 :’
1684 1730 1724 1752 ae

1023 1777 1146 1817 passim
1164 1776 1289 1807 Livius.
1308 1776 1349 1805 V.
1369 1783 1410 1806 11.
1427 1777 1478 1805 26.
1502 1776 1511 1790 ⁴
1529 1774 1562 1803 ni
1579 1772 1723 1804 deceda-

1022 1833 1078 1858 tur
1103 1827 1228 1858 Volsco
1251 1824 1358 1865 agro?
1403 1823 1470 1855 Sed
1494 1829 1529 1855 et
1559 1825 1595 1855 B.
1624 1824 1724 1855 Alex.

1023 1887 1053 1908 c.
1071 1880 1121 1907 35.
1146 1878 1154 1893 ‘
1171 1875 1392 1916 Cappadocia
1415 1884 1492 1905 eum
1515 1873 1724 1914 decessisse:

1023 1932 1058 1958 et
1074 1937 1177 1968 seqq„
1194 1933 1228 1957 ut
1248 1931 1283 1957 et
1299 1935 1328 1957 c,
1342 1929 1394 1957 70.
1442 1924 1554 1956 Aliter
1569 1925 1724 1955 discedere

1022 1979 1076 2009 hic
1092 1987 1158 2009 non
1180 1976 1385 2007 damnarem.
1432 1975 1519 2006 Vide
1536 1975 1579 2005 ad
1596 1976 1724 2007 Lucan.

1023 2039 1046 2060 1.
1069 2031 1141 2059 335.
1186 2028 1242 2058 Sic
1273 2027 1316 2058 de
1348 2032 1431 2057 axstu
1462 2026 1564 2056 maris
1595 2025 1725 2057 dicitur

1021 2080 1030 2096 ⁴
1047 2077 1226 2109 deeedere’
1253 2081 1287 2108 et
1314 2078 1322 2094 ‘
1338 2076 1534 2108 discedere?
1580 2076 1725 2107 Consule

1023 2133 1140 2160 notata
1157 2128 1198 2159 ad
1215 2137 1270 2159 111.
1290 2131 1339 2158 13.
1385 2128 1477 2159 Cort.
1495 2127 1536 2157 ad
1553 2127 1630 2158 Sall.
1645 2127 1725 2168 Jug.

1024 2183 1076 2211 21.
1099 2179 1240 2219 ‘Legati
1259 2178 1377 2209 Africa
1393 2177 1606 2210 discessisse.'

1069 2238 1150 2260 xnv.
1168 2232 1186 2260 3
1212 2230 1346 2260 Meritus
1372 2228 1423 2269 S.]
1446 2228 1501 2259 lta
1525 2228 1653 2259 habent
1678 2237 1721 2259 ex

1026 2281 1108 2311 meis
1137 2279 1261 2311 Audin.
1286 2279 1410 2319 Scalig.
1438 2278 1532 2310 Leid.
1563 2278 1662 2319 prim.
1691 2283 1726 2309 et

1026 2331 1138 2363 Oxou.
1162 2340 1238 2361 eum
1256 2331 1420 2370 Bongars.
1449 2333 1527 2360 tert.
1550 2328 1639 2370 quod
1661 2327 1729 2369 pri-

1026 2391 1098 2413 mus
1136 2381 1265 2412 invexit
1294 2379 1421 2410 Aldus:
1465 2379 1573 2411 ceteri
1612 2387 1728 2408 omnes

1025 2431 1146 2471 scripti
1162 2435 1196 2461 et
1215 2430 1306 2461 Editi
1330 2430 1456 2470 priores
1471 2431 1639 2463 merentes;
1664 2436 1726 2458 nec

1025 2483 1124 2513 male.
1170 2482 1248 2513 Non
1264 2481 1342 2511 olim
1358 2479 1456 2511 modo
1473 2479 1599 2519 optime
1615 2477 1727 2508 meriti

1023 2537 1142 2564 erant:
1169 2531 1226 2561 sed
1246 2530 1356 2561 adhuc
1373 2529 1451 2559 dum
1469 2528 1668 2567 merebant;
1692 2526 1730 2558 li-

1026 2587 1083 2614 eet
1100 2592 1154 2613 res
1171 2580 1241 2612 fere
1259 2579 1377 2610 eodem
1395 2577 1537 2609 recidat.

1068 2636 1089 2663 6
1111 2630 1281 2670 Arvernos]
1317 2629 1402 2661 Mss.
1429 2627 1565 2669 plurimi
1588 2631 1624 2658 et
1640 2625 1728 2658 Edd.

1026 2684 1105 2715 Vet.
1123 2682 1177 2713 hic
1198 2687 1234 2712 et
1256 2679 1336 2711 alibi
1361 2680 1521 2711 Ater-nos:
1547 2677 1606 2709 sed
1632 2682 1727 2708 recte

1028 2735 1191 2773 Bongars.
1215 2732 1314 2772 prim.
1339 2731 1460 2762 Petav.
1482 2733 1518 2760 et
1533 2729 1588 2759 alii
1611 2729 1729 2759 Arver-

1027 2794 1082 2815 nos
1109 2786 1299 2815 servarunt.
1361 2781 1404 2813 V.
1436 2781 1486 2811 Cl.
1518 2779 1652 2811 Duker.
1684 2777 1726 2809 ad
