1818 3131
227 212 341 256 1230

228 327 299 350 xu.
328 316 370 348 de
388 325 528 347 exserere
550 314 693 345 humeros
719 312 856 344 consule
886 312 929 343 ad

229 370 348 402 Front.
365 375 404 396 11.
424 369 454 396 1.
470 367 502 396 2.

273 418 399 457 Insigne
413 414 548 456 pacatis]
571 414 638 452 Sic,
656 418 694 446 ut
709 413 857 451 videtur,
872 421 928 443 ex-

230 468 349 500 hibent
367 467 450 497 Mss.
470 466 586 505 Cujac.
604 465 716 495 Ursiu.
735 464 822 496 And.
839 464 929 495 Scal.

233 518 346 549 Oxon.
363 526 404 547 ex
429 516 550 556 quibus
576 515 654 545 nihil
682 515 854 546 varietatis
873 514 929 544 ad-

230 573 380 602 notatum
398 574 471 604 est;
495 566 555 598 sed
583 568 716 608 Reliqui
734 568 799 598 mei
815 576 930 597 omnes

231 629 307 652 cum
323 620 419 650 Carr.
439 624 473 650 et
490 618 577 650 Edd.
595 618 711 658 primis
729 618 811 648 dant
838 627 930 657 pacu-

229 673 316 702 fltm:
341 669 436 711 quasi
456 679 515 709 pro
539 671 740 709 pacutorum;
762 666 862 707 φίλων
877 676 931 701 ση-

229 722 315 758 μεῖον
330 721 391 752 Gr.
406 721 483 752 dein
509 725 668 753 consuerat
693 729 804 750 rursus
830 716 932 753 edidi,

231 772 435 803 auctoritate.
482 772 650 802 Mstorum
695 773 826 800 tanturn
866 775 931 797 non

231 823 392 861 omnium,
413 826 508 853 certe
534 820 836 852 vetustissimorum
864 818 934 858 plu-

232 872 329 902 rium.
356 872 445 902 Vide
463 872 504 902 ad
529 881 552 902 ι.
566 874 619 902 43.

272 924 292 952 9
317 921 447 962 Fabius]
482 921 586 952 Celso
603 929 719 950 rursus
735 918 881 956 Sabinus,
897 921 934 948 ut

233 970 339 1001 visum
365 975 400 1001 et
416 970 458 1000 ad
490 981 519 1001 e.
535 972 590 1000 47.
638 969 745 999 Immo
767 968 933 1006 Bongars.

233 1019 333 1060 prim.
352 1030 426 1051 cum
453 1020 655 1051 Dukeriano
682 1019 714 1049 ei
738 1018 791 1049 hic
816 1017 934 1048 adsen-

234 1079 305 1101 sum
324 1070 487 1111 praebent.

276 1124 315 1151 10
339 1121 389 1151 De
424 1131 509 1151 muro
543 1118 838 1161 praecipitahantur]
893 1118 934 1148 In

233 1172 318 1203 Mss.
337 1172 420 1210 Rog.
447 1171 572 1202 Elieus.
598 1175 632 1200 et
648 1169 760 1200 Vossii
779 1174 815 1199 et
843 1168 934 1198 Edit.

234 1221 390 1252 Romana
429 1220 528 1252 dees-t
568 1219 778 1260 pra-positio.
827 1219 934 1248 Clark.

234 1271 377 1302 Exsulat
394 1280 528 1311 quoque
552 1270 750 1310 praepositio
767 1280 785 1299 a
800 1269 883 1299 meis
900 1273 935 1299 et

234 1321 323 1352 Edd.
337 1321 465 1361 primis,
481 1321 506 1350 si
524 1320 676 1360 excipias
701 1319 820 1358 Cujac.
845 1318 935 1348 Scal.

235 1370 324 1401 And.
341 1371 455 1401 Oxou.
472 1374 508 1400 et
533 1369 628 1399 Leid.
659 1369 758 1408 prim.
776 1368 832 1408 qui
850 1367 937 1397 bene

233 1424 371 1451 servant
386 1430 394 1456 ;
412 1428 615 1460 quamquam
631 1423 666 1449 et
684 1419 723 1449 B.
736 1418 810 1449 Civ.
826 1426 868 1447 11.
883 1420 935 1448 ll.

233 1471 552 1512 §zproecipitataque
566 1480 664 1510 muro,
677 1474 852 1500 occurrat:
867 1478 939 1509 pos-

235 1526 289 1551 set
313 1530 447 1561 quoque
476 1530 491 1550 e
516 1530 614 1551 muro.
663 1520 751 1550 Nam
777 1525 812 1550 et
838 1529 937 1558 muro,

235 1579 252 1600 e
282 1579 379 1610 muro,
406 1571 443 1599 ‹ie
469 1580 554 1600 muro
585 1569 670 1600 bene
697 1568 822 1600 Latina
847 1573 938 1600 sunt.

237 1621 322 1653 Cum
349 1621 467 1652 iisdem
486 1626 520 1652 et
538 1622 646 1652 Dorv.
661 1630 699 1652 ac
717 1620 804 1652 Edd.
822 1619 938 1660 primis

235 1671 358 1702 retinui
377 1681 550 1711 praese1153
576 1681 636 1712 pro
667 1681 733 1712 quo
762 1670 941 1712 imperfec-

237 1727 307 1753 tum
332 1722 450 1752 maluit
468 1722 637 1759 Clarkius‚
655 1722 940 1762 adstipulantibus

235 1773 266 1803 ei
283 1773 406 1803 ceteris
421 1773 521 1803 Mstis
535 1779 569 1803 et
586 1773 673 1803 Edd.
690 1772 902 1813 quibusdam.

282 1824 329 1854 M.
348 1823 509 1862 Petreius]
557 1823 656 1853 Hauc
682 1823 864 1853 lectionem
893 1832 941 1852 re-

240 1872 328 1903 tinet
353 1873 519 1909 Graecum
558 1878 592 1903 at
624 1873 658 1902 in
690 1877 757 1902 vet.
789 1872 875 1903 Cod.
905 1875 941 1902 et

239 1924 321 1955 Mss.
339 1928 467 1961 nostro,
485 1924 603 1954 Brant.
626 1923 767 1954 Norvic.
793 1931 856 1953 nec
873 1931 938 1953 non

237 1974 412 2014 impressis
441 1974 536 2005 Rom.
567 1974 655 2004 Ven.
696 1972 854 2004 Beroald.
887 1979 940 2004 est

239 2025 419 2063 Petronius,
454 2030 489 2055 et
518 2025 565 2055 sic
581 2033 714 2065 qnoque
742 2023 940 2063 Anonymus

241 2075 331 2107 Celsi
364 2076 558 2115 exscriptor
595 2075 697 2105 habet
721 2084 754 2115 p.
786 2076 859 2105 143.
885 2074 940 2105 ed.

239 2125 384 2157 Londiu.
435 2126 569 2157 Vossius.
627 2125 770 2156 Petreius
805 2128 943 2155 servant

240 2176 357 2216 Cujac.
388 2174 477 2207 And.
505 2181 539 2206 et
571 2175 684 2206 Oxon.
714 2174 849 2214 Reliqui
867 2183 942 2203 cum

238 2227 326 2258 Mss.
357 2225 654 2257 Hot01n.0113‹ld.
682 2234 741 2265 pp.
767 2224 943 2255 Petronius.

239 2277 305 2308 nisi
333 2277 421 2317 quod
452 2276 484 2306 in
503 2276 659 2307 Leideusi
681 2285 731 2316 pr.
747 2275 792 2305 sit
815 2278 943 2315 prator.

239 2326 282 2358 Iu
299 2328 399 2367 Egm.
417 2330 447 2358 et
465 2328 643 2358 Petronius.

285 2383 324 2410 11
351 2381 464 2410 Portas
501 2378 696 2418 exscindere]
740 2379 850 2418 Bong.
889 2387 941 2418 pr.

243 2431 440 2469 Leidenses,
463 2431 632 2469 Vossiani‚
668 2430 779 2462 Oxon.
820 2431 941 2462 Petav.

243 2481 410 2521 Egmund.
425 2482 569 2512 Dorvill.
589 2482 751 2521 Gottorp.
764 2490 840 2511 cum
857 2481 941 2511 Bus-

242 2530 299 2562 lid.
316 2535 352 2562 et
368 2531 431 2563 Ed.
448 2532 521 2561 Ine.
547 2532 698 2561 excidere.
745 2530 845 2562 Quod
869 2540 941 2561 mu-

243 2581 307 2612 tari
331 2590 541 2622 nequaquam
564 2581 742 2612 debuerat.
768 2579 822 2611 Al.
838 2581 942 2611 excin-

243 2632 326 2662 dere.
362 2631 452 2662 vide
477 2631 529 2662 Cl.
557 2631 690 2662 Duker.
719 2630 761 2661 ad
787 2631 875 2661 Flor.
900 2639 941 2661 ιι.

240 2686 274 2713 2.
289 2683 307 2722 ξ
322 2685 375 2713 36.
392 2683 429 2712 de
445 2682 621 2713 excidendis
635 2681 769 2712 hostium
780 2680 944 2712 moenibns.

245 2732 408 2763 Arntzen.
424 2732 466 2763 ad
483 2731 598 2763 Aurei.
625 2732 717 2762 Vict.
738 2731 781 2762 de
797 2731 869 2761 Vir.
887 2731 944 2763 Ill.

246 2785 344 2816 c.31.
367 2783 376 2800 ‘
396 2782 559 2814 Radicem
576 2781 689 2814 excidi
705 2781 830 2823 jussit.¹
854 2783 863 2799 ‘
879 2782 946 2813 Ex-

699 216 841 249 NOTAE
872 216 1135 249 VARIORUM
1169 217 1219 248 IN

979 311 1055 344 cisis
1084 310 1283 342 arboribus·
1308 311 1349 341 B.
1367 310 1440 343 Civ.
1469 319 1510 342 ιι.
1527 313 1579 342 15.
1617 310 1678 343 At-

982 372 1045 404 que
1062 363 1109 394 ita
1128 363 1208 393 Mss.
1225 361 1438 401 jubentibus,
1455 369 1596 402 quorum
1611 360 1680 391 duo

981 422 1067 444 ame
1094 413 1195 443 etiam
1226 412 1285 442 wisi
1314 415 1402 449 sunt,
1419 410 1507 450 apud
1536 409 1681 441 Statium

980 463 1232 494 rescribendum
1248 463 1353 493 Theb.
1378 471 1413 492 x.
1437 464 1511 492 911.
1537 462 1545 477 ‘
1564 460 1680 492 Soceri

981 514 1154 545 thalamos’
1189 514 1258 553 (vel
1309 512 1433 552 turres)
1483 515 1492 529 ⁴
1520 511 1680 542 excidere

982 562 1126 593 cadmi!
1171 563 1281 601 Vulgo
1316 564 1503 595 exscindere.
1556 561 1682 592 Eadem

983 612 1125 642 variatio
1142 612 1174 642 in
1202 612 1297 642 libris
1325 622 1375 645 lv.
1401 616 1476 644 753.
1500 622 1580 644 vm.
1608 615 1682 644 515.

983 667 1018 693 et
1048 661 1171 702 passim
1200 662 1233 691 in
1263 662 1453 693 Esse-indere
1480 671 1515 694 et
1543 663 1684 694 excidere

982 712 1098 743 urbem.
1124 712 1210 742 Vide
1226 712 1403 742 Drakenb.
1422 713 1462 742 ad
1489 714 1563 743 Liv.
1577 722 1611 743 v.
1630 715 1682 744 15.

983 764 1046 804 §8.
1074 764 1229 794 Laetant.
1251 772 1285 793 v.
1310 765 1341 794 3.
1365 765 1374 779 ⁴
1389 763 1578 793 Veritatem
1602 771 1684 803 pen-

984 814 1052 844 itus
1069 813 1252 844 excidere:
1288 812 1336 844 At
1354 813 1438 844 Bon.
1470 812 1554 844 Cod.
1581 812 1684 843 excin-

983 865 1066 895 dere.
1111 864 1178 894 Sed
1208 864 1382 904 vulgatum
1415 864 1514 895 malo.
1560 863 1684 894 Horat.

983 914 1089 945 Serm.
1107 923 1131 944 1.
1144 917 1175 944 3.
1192 916 1244 944 76.
1256 915 1265 930 ⁴
1280 913 1391 944 excidi
1412 913 1547 953 penitus
1564 912 1685 944 vitium

984 965 1068 1004 irae,'
1111 964 1250 1004 Apulei.
1273 973 1307 996 v.
1334 967 1405 995 104.
1429 962 1548 994 ‘ferro
1582 967 1687 1004 caput

985 1014 1185 1046 excideres)

1030 1069 1069 1097 12
1092 1066 1140 1096 Ac
1154 1065 1231 1105 sibi]
1269 1064 1376 1096 Iidem
1395 1065 1540 1096 Codices
1559 1063 1688 1095 habent

985 1117 1042 1149 sui.
1105 1117 1214 1148 Clark.
1273 1116 1331 1146 Sui
1368 1117 1477 1155 Bong.
1519 1115 1688 1154 Vossiani‚

986 1168 1106 1198 Petav.
1124 1167 1221 1205 Egm.
1251 1165 1378 1196 Lovan.
1415 1171 1450 1196 et
1477 1169 1494 1196 5
1522 1165 1688 1196 recentio-

988 1228 1041 1249 res
1067 1227 1142 1248 cum
1160 1217 1254 1248 Carr.
1280 1222 1315 1247 et
1336 1216 1421 1247 Edd.
1447 1216 1575 1257 primis.
1620 1215 1688 1246 Sed

985 1274 1023 1299 ut
1040 1269 1152 1308 vulgo,
1164 1268 1210 1298 ita
1228 1268 1350 1307 passim
1362 1268 1482 1299 Cicero
1500 1272 1534 1298 et
1550 1266 1618 1298 alii.
1632 1275 1690 1298 ιιι.

990 1322 1040 1350 12.
1063 1320 1072 1336 ‘
1090 1318 1234 1349 fortunis
1251 1318 1456 1358 desperare.’
1504 1318 1550 1349 At
1569 1318 1599 1348 vi
1615 1327 1690 1358 par-

989 1367 1151 1407 ticipialis
1180 1368 1320 1398 nominis
1347 1367 1528 1399 Geuitivus
1546 1367 1628 1399 satis
1655 1376 1691 1398 se

989 1417 1177 1449 defendere
1215 1421 1352 1458 posset:
1379 1427 1455 1449 nam
1489 1428 1555 1449 non
1584 1418 1691 1449 solum

989 1470 1150 1509 desperare
1165 1468 1300 1508 aliquam
1327 1479 1404 1509 rem,
1419 1469 1479 1500 sed
1496 1474 1531 1501 et
1560 1470 1692 1511 aliquem

990 1519 1148 1550 occurrit.
1162 1519 1204 1549 V.
1222 1518 1264 1549 ad
1283 1519 1395 1550 Front.
1413 1528 1462 1550 ιν.
1480 1523 1511 1551 5.
1525 1520 1541 1560 ξ
1557 1522 1589 1550 6.

1035 1573 1073 1600 15
1100 1569 1232 1604 Quidem
1247 1572 1329 1600 certe
1344 1568 1463 1609 Saluti]
1507 1569 1589 1600 Mss.
1607 1570 1691 1611 Reg.

991 1624 1027 1651 et
1051 1619 1161 1651 Vossii
1191 1619 1311 1659 quidem
1342 1619 1426 1650 cieae.
1454 1619 1538 1650 Mss.
1563 1619 1690 1652 Eliens.

990 1671 1111 1712 quidem
1128 1674 1210 1701 ceree
1224 1670 1309 1700 vitoe.
1359 1670 1466 1700 Clark.
1514 1670 1690 1710 Rescripsi

990 1721 1066 1752 vitoe
1081 1721 1280 1762 jubentibus
1310 1721 1394 1751 Mss.
1423 1724 1591 1761 quotquot
1613 1725 1693 1751 sunt

991 1772 1217 1803 vetustiores:
1256 1771 1351 1801 saluti
1387 1770 1500 1801 iuveni
1538 1770 1570 1801 iu
1613 1770 1692 1801 solis

990 1822 1085 1853 Duk.
1116 1823 1222 1853 Dorv.
1250 1827 1285 1853 et
1313 1821 1407 1852 Leid.
1439 1831 1507 1852 sec.
1534 1821 1595 1852 nisi
1619 1822 1693 1852 vitm

989 1873 1084 1903 saluti
1102 1872 1248 1912 jungere
1272 1872 1367 1903 velis.

1036 1930 1080 1952 Li.
1105 1925 1124 1952 2
1149 1921 1372 1952 Intoleranlius
1402 1921 1516 1953 Galios
1537 1922 1695 1962 insequen-

990 1972 1050 2012 tes]
1075 1972 1262 2013 Cupidius:
1288 1976 1324 2003 et
1351 1977 1432 2012 apta
1459 1982 1524 2003 vox
1540 1973 1617 2004 l1uie
1646 1973 1695 2004 rei

991 2027 1055 2054 est.
1102 2023 1165 2053 Est
1181 2023 1268 2053 enim
1287 2023 1374 2063 ejus,
1398 2024 1453 2064 qui
1480 2024 1591 2055 nescit
1617 2024 1692 2064 ipse

993 2072 1188 2113 cupidinem
1217 2083 1310 2103 suam
1342 2074 1475 2104 sistere.
1521 2073 1578 2105 Sic
1613 2074 1696 2105 ‘im-

992 2123 1168 2155 moderate
1204 2123 1326 2154 laetari’
1372 2124 1405 2154 in
1442 2124 1570 2155 Severo
1607 2122 1695 2154 dixit

993 2174 1200 2216 Spartianus.
1259 2175 1268 2192 ‘
1283 2174 1484 2215 Septimium
1530 2174 1695 2206 Severum

993 2224 1320 2264 immoderatissime,
1334 2234 1409 2255 cum
1422 2228 1623 2264 moreretur,
1638 2224 1695 2255 lae-

993 2274 1126 2307 tatum!
1176 2275 1311 2306 Vossius.

1035 2328 1057 2357 9
1080 2326 1130 2356 Eo
1155 2326 1206 2356 die
1230 2326 1345 2357 milites
1367 2329 1439 2357 sunt
1457 2327 1563 2367 paullo
1592 2324 1694 2356 minus

993 2385 1062 2409 nec
1084 2375 1267 2417 desiderati]
1312 2376 1409 2408 Hanc
1426 2376 1556 2408 cladem
1572 2384 1697 2407 memo-

993 2431 1049 2458 rat
1069 2427 1249 2459 Suetonius
1265 2427 1298 2457 in
1314 2427 1382 2459 Jul.
1407 2437 1436 2458 c.
1459 2430 1511 2458 25.
1535 2426 1544 2442 ‘
1559 2425 1629 2456 Per
1642 2428 1695 2455 tot

993 2477 1194 2517 successus‚’
1213 2477 1335 2518 inquit,
1351 2477 1361 2494 ‘
1376 2482 1442 2517 ter,
1458 2486 1522 2507 nec
1538 2475 1694 2516 amplius,

993 2527 1174 2559 adversum
1202 2537 1314 2559 casum
1344 2531 1533 2567 expertum
1559 2526 1594 2556 in
1622 2525 1697 2555 Bri-

994 2579 1110 2611 tannia
1139 2579 1246 2609 classe
1271 2578 1303 2608 vi
1340 2575 1553 2616 tempestatis
1586 2584 1695 2615 prope

993 2629 1166 2666 absumta;
1189 2632 1225 2658 et
1241 2627 1274 2657 in
1289 2626 1411 2664 Gallia,
1434 2624 1475 2655 ad
1490 2624 1695 2664 Gergoviam

994 2679 1127 2720 legione
1144 2676 1242 2717 fusa‚'
1258 2678 1322 2707 διο.
1367 2675 1455 2706 Vide
1471 2676 1542 2708 Jul.
1559 2676 1695 2707 Celsum

995 2740 1030 2772 p.
1048 2731 1122 2761 144.
1167 2727 1280 2759 Dat-is.

1038 2786 1057 2814 5
1082 2779 1330 2822 Exposito,‹1uid
1346 2778 1498 2820 iniquitas
1511 2778 1569 2810 loci
1582 2775 1698 2820 posset]
