1818 3131
341 210 433 240 Lm.
466 209 552 241 vu.
584 209 689 240 οΑΡ.
719 198 790 240 27.
824 211 886 240 nr:
923 210 1076 241 nunno
1108 210 1337 242 GAmeo,

112 304 273 347 Gryphii,
306 305 470 343 Plautini,
497 307 562 336 &m
616 304 740 340 Recte,
770 307 807 333 ut

110 357 155 387 sit
173 356 348 387 Ablativus
373 365 465 386 more
491 355 646 392 Caesaris,
672 354 715 384 de
743 363 808 394 quo

111 407 166 447 egi
182 406 223 437 ad
240 416 270 437 c.
287 407 318 437 4.
365 406 438 436 Nisi
468 405 577 445 polius
605 404 659 434 laic
684 404 728 434 sit
754 412 809 434 an·

113 458 229 498 tiquus
252 457 397 488 Dativus
421 466 482 497 pro
505 456 606 485 alteri.
652 455 740 485 vide.
766 454 808 485 ad

113 515 146 538 v.
166 510 219 538 27.
243 508 251 524 ‘
266 507 383 537 altcrae
408 504 553 545 legioni:

155 561 191 588 15
209 557 237 587 A
251 554 546 596 propugnator-ihm]
572 554 807 586 Hotomannns

108 608 194 638 hanc
213 615 327 648 vocem
346 606 421 636 hinc
437 606 580 636 alienam
607 611 737 644 censet,
764 605 808 635 le-

107 657 225 698 gitque
237 656 473 697 protectoribus.
518 656 645 686 Verum
668 655 699 686 id
719 655 806 695 qnod

107 707 310 739 substituere
342 711 496 745 conatur,
526 706 807 746 interpretamen-

107 762 179 788 tum
207 761 259 787 est
282 756 499 797 elegantioris
521 756 610 786 vocis
631 765 807 796 propugna-

106 808 195 838 toris.
240 808 461 847 Propugnutor
482 805 583 844 enim,
611 811 647 837 ut
671 806 806 846 proprie

107 857 233 888 dicitur
265 857 334 896 ille,
373 857 429 898 qui
459 856 615 888 obsessus
652 856 806 887 defendit

109 908 243 946 moenia,
268 908 404 946 vallum,
430 916 568 938 navem:
594 908 640 938 ita
655 917 745 948 saepe
763 907 806 937 de

108 957 262 997 obsessis,
284 963 321 988 ut
349 958 380 988 hi
405 962 514 997 erant,
538 958 741 999 simpliciter
757 967 807 988 su-

106 1007 221 1047 mitur,
246 1007 300 1037 vel
326 1007 428 1037 ctiam
456 1017 516 1047 pro
533 1016 744 1048 quocumque
761 1008 806 1038 al-

106 1057 211 1088 terius
248 1055 428 1088 defensore
455 1058 604 1097 ponitur.
662 1059 806 1089 Consule

105 1107 139 1139 J.
169 1107 206 1138 F.
237 1107 387 1138 Gronov.
423 1107 507 1138 Obs.
539 1115 590 1138 lv.
616 1110 667 1138 17.
714 1107 805 1138 Hinc

106 1162 215 1198 patet,
239 1167 259 1189 a
286 1157 358 1188 viro
378 1157 480 1189 docto
502 1157 589 1188 male
616 1158 719 1188 etiam
751 1158 807 1188 ad-

105 1208 270 1248 scriptum
309 1199 384 1238 esse
419 1206 655 1248 projectoribns,
684 1211 743 1238 aut
773 1208 806 1238 iu

105 1257 180 1288 aliis
197 1257 278 1288 Mss.
294 1257 395 1298 abjici
406 1267 475 1299 pro.
502 1262 540 1289 ut
561 1267 653 1299 saepe
677 1256 805 1289 factum

105 1312 141 1338 et
155 1307 232 1339 hinc
249 1313 408 1339 erratum.
434 1308 476 1339 V.
492 1308 534 1339 ad
556 1308 629 1340 Liv,
654 1316 758 1339 xxw.
773 1310 805 1338 6.

105 1357 223 1388 Frout.
240 1366 290 1388 lv.
311 1361 343 1390 5.
368 1360 421 1388 13.

150 1409 189 1437 16
216 1407 309 1437 Omni
321 1406 426 1446 purte]
442 1407 526 1437 Mss.
538 1412 573 1437 et
586 1406 695 1437 Editt.
708 1406 804 1437 Vett.

105 1456 189 1487 omni
219 1465 260 1487 ea
283 1459 384 1496 parte.
431 1456 576 1488 Graecus
601 1454 724 1485 πάντων
745 1457 807 1485 τῶν

106 1506 206 1548 ταύτῃ
229 1506 335 1537 ὄντων.
362 1507 470 1537 Clark.
515 1506 677 1536 Placeret
699 1505 806 1537 Hoto-

104 1565 228 1588 manno
243 1567 270 1587 o.
287 1566 327 1587 ea·
340 1559 450 1596 parte.-
478 1561 517 1587 ut
534 1555 613 1586 alibi
632 1565 742 1596 saepe:
771 1560 806 1586 et

105 1617 137 1638 c.
160 1610 214 1638 69.
232 1617 268 1638 ea
293 1616 359 1638 non
375 1611 428 1637 est
453 1607 484 1637 iu
512 1607 591 1637 Bas.
613 1606 700 1637 Ven.
724 1605 805 1636 Ald.

107 1657 240 1699 Gryph.
255 1657 371 1688 Plant.
389 1662 425 1688 et
440 1666 532 1698 seqq.
547 1665 657 1697 neque
673 1656 706 1686 in
719 1656 803 1687 Mss.

106 1708 183 1748 Cuj.
199 1707 294 1739 Leid.
310 1717 361 1748 pr.
380 1707 493 1738 Oxou.
505 1716 554 1738 sc.
567 1706 677 1737 Aud.:
702 1715 805 1746 quare

104 1759 151 1790 nil
168 1759 302 1790 innovo.
349 1759 475 1790 Contra
489 1759 521 1789 in
535 1759 602 1789 illis
618 1759 702 1789 Mss.
726 1758 805 1788 scri-

104 1808 198 1840 bitur
222 1819 253 1840 c.
280 1811 333 1839 28.
361 1809 425 1839 ‘ex
457 1808 546 1839 omni
571 1817 611 1839 eo
640 1807 806 1845 numero3y

104 1857 162 1889 ubi
188 1857 244 1888 alii
261 1858 422 1889 omittunt
447 1866 506 1893 eo,·
528 1857 585 1888 ubi
600 1857 687 1888 vide.
732 1858 805 1888 Ma-

102 1907 162 1939 lim
178 1912 291 1939 tamen
315 1917 354 1939 ex
373 1918 405 1948 p.
435 1912 474 1939 ut
499 1907 601 1938 habet
627 1907 802 1939 Ciacconii

104 1958 212 1990 liber:
235 1961 298 1990 ‘ex
320 1957 476 1989 omnibus
501 1957 668 1998 partibus'
694 1967 724 1989 c.
748 1960 801 1988 80.

103 2009 113 2026 ‘
127 2009 257 2041 duabus
273 2018 316 2040 ex
332 2008 496 2049 partibus'
521 2009 560 2040 Β.
577 2009 651 2040 Civ.
675 2017 714 2040 11.
731 2011 803 2039 106.

103 2061 156 2093 6ο.
179 2061 238 2092 illa
251 2061 360 2102 parte'
385 2061 480 2091 Leid.
499 2070 568 2092 sec.

145 2118 248 2142 xxw.
271 2113 291 2141 2
317 2111 486 2141 Consilium
510 2113 654 2151 ceperunt
681 2119 721 2140 ea:
753 2119 803 2149 op-

100 2160 173 2200 pido
183 2159 365 2200 profugere]
387 2159 578 2190 Infinitivus
595 2164 647 2190 est
664 2169 725 2199 pro
736 2159 803 2190 Ge-

104 2209 236 2249 rnudio,
258 2209 316 2250 qui
337 2209 473 2250 quidem
501 2208 663 2250 loquendi
684 2209 802 2240 modus

105 2258 224 2290 Poetis
239 2268 282 2290 ex
309 2259 521 2290 Hellenismo
548 2264 602 2290 est
627 2259 802 2290 usitatissi-

104 2317 190 2348 mus,
203 2318 267 2340 nec
291 2313 404 2340 tamen
429 2318 505 2340 eum
529 2308 728 2349 refugerunt
744 2319 803 2349 op·

104 2359 177 2390 timi
194 2369 302 2399 prosae
318 2359 481 2390 orationis
498 2361 696 2399 scriptores.
735 2359 804 2390 Sal-

102 2410 224 2441 lustius
241 2410 340 2442 Catil.
358 2420 388 2441 c.
419 2413 470 2441 17.
495 2410 650 2442 ‘Quibus
674 2410 708 2440 iu
731 2410 802 2441 otio

103 2459 156 2490 vel
170 2459 347 2500 magnifice
370 2460 423 2490 vel
446 2460 595 2491 molliter
620 2460 723 2491 cicere
748 2469 804 2491 co-

103 2509 160 2550 pia
175 2509 273 2541 erat.'
318 2511 418 2541 Corn.
437 2511 554 2550 Nepos
585 2509 747 2550 Lysandr.
772 2519 803 2541 c.

105 2562 138 2591 3.
158 2561 169 2576 ‘
185 2560 270 2592 Iniit
292 2560 445 2599 consilia,
466 2570 565 2600 reges
588 2559 804 2591 Lacedaemo-

104 2609 232 2641 uiorum
255 2610 385 2642 tollere?
429 2610 585 2642 Justinus
610 2618 740 2641 xxxvi.
772 2614 801 2641 1.

104 2662 137 2691 ³.
173 2660 314 2692 ‘Pellere
353 2661 464 2702 ipsum
494 2671 601 2702 regno
627 2661 802 2692 consilium

106 2709 222 2750 cepit.'
276 2710 365 2743 Vide
390 2717 427 2743 et
453 2712 606 2743 Hirtium
638 2711 680 2742 de
713 2712 800 2742 Bell.

106 2756 327 2794 Afficscfllss.
357 2761 470 2795 Davis.
514 2761 603 2794 Vide
625 2761 730 2794 etiam
757 2761 801 2792 ad

107 2816 187 2841 vm.
201 2812 255 2843 44.

1445 202 1557 244 1209

901 308 920 334 8
954 306 1032 337 Cum
1066 306 1333 347 matresfamilias]
1381 307 1422 338 In
1452 318 1484 339 v.
1527 319 1557 342 c.

858 356 867 372 ‘
885 357 1170 388 matresfamiliwff
1216 359 1259 389 Et
1277 358 1322 389 ita
1343 357 1384 388 de
1401 358 1489 390 bello
1506 360 1559 392 Ci-

859 405 914 435 vili
933 414 971 435 u.
985 410 1014 436 4.
1031 408 1156 447 inquit:
1180 408 1362 438 ‘Omnium
1378 409 1558 447 seniorum,

858 455 1159 494 matrumfamilia‘3
1191 458 1356 491 virginum
1376 458 1559 498 precibus!

863 504 996 535 Vossius.
1043 506 1135 535 Bene
1153 506 1184 536 id
1203 507 1264 535 ho«-
1283 509 1368 544 loco,
1394 509 1483 548 quod
1511 513 1560 540 ta-

858 564 935 585 men
962 554 1075 585 omisit
1108 565 1222 595 snpra.
1253 558 1383 588 monuit
1407 558 1558 590 Vossius.

857 605 1002 635 Familioe
1028 610 1142 635 exstat
1172 606 1204 635 in
1238 607 1346 647 Bone.
1375 609 1558 650 Vossianus,

856 655 1093 694 hidensibus,
1111 655 1232 686 petav.
1250 657 1415 691 Efflnund.
1430 660 1557 701 Scalig-

858 705 974 745 Cujac.
1000 706 1128 736 Lovan.
1155 706 1250 737 Gott.
1283 709 1371 738 l)uk.
1400 709 1506 740 Dorv.
1523 715 1558 741 et

859 755 943 785 Edd.
975 755 1102 795 primis,
1130 756 1210 787 item
1243 757 1381 788 Vascos.
1411 760 1558 800 Stradae,

856 806 971 845 steph.
989 815 1027 836 ac
1054 806 1185 846 Gryph.
1205 813 1329 846 poster.
1376 808 1463 839 vide
1482 819 1557 840 cum

859 855 952 895 alibi,
970 861 1038 887 tum
1059 865 1082 887 1.
1108 859 1160 887 50.
1186 856 1478 890 ‘Matresfamiliae
1505 869 1558 890 eo-

857 906 955 937 rum.'

900 959 937 987 ll
964 956 1089 987 Natura
1103 961 1132 988 et
1155 958 1266 989 ririnm
1283 959 1466 1000 infirmitas]
1489 960 1558 992 Pro

856 1006 1017 1036 naturalis
1047 1007 1168 1038 virium
1192 1008 1387 1041 infirmitas:
1417 1010 1559 1042 ἁσθενεία

855 1057 911 1092 τῆς
926 1055 1045 1094 φύσεως
1068 1058 1222 1089 Graecus.
1268 1060 1386 1091 Poetis
1413 1071 1485 1093 mos
1514 1063 1560 1092 lo-

856 1107 981 1147 quendi
999 1106 1292 1139 familiarissimus.
1339 1110 1378 1140 In
1396 1120 1424 1141 c.
1450 1115 1479 1141 5.
1504 1116 1558 1142 est

855 1157 1009 1187 ‘natnrae
1026 1161 1060 1187 et
1088 1157 1210 1188 virium
1238 1158 1438 1191 infirmitas?
1488 1161 1559 1191 Vos-

854 1206 930 1236 sius.
973 1206 1125 1237 ‘Virium
1154 1207 1397 1240 infirmitatem’
1421 1210 1509 1242 dixit
1526 1221 1558 1242 e-

855 1256 935 1287 tiam
952 1256 1150 1288 Lactantius
1163 1259 1246 1290 Div.
1263 1259 1351 1291 Inst.
1368 1270 1391 1291 1.
1410 1263 1441 1292 9.
1488 1262 1558 1294 Hic

854 1311 967 1337 autem
983 1312 1033 1338 est
1050 1306 1082 1338 ἓν
1103 1308 1150 1338 διὰ
1166 1310 1258 1349 δυοῖν,
1274 1315 1386 1342 natura
1413 1311 1502 1343 enim
1527 1317 1557 1344 et

854 1356 968 1386 virium
1002 1357 1172 1398 infirmitas
1207 1360 1296 1391 idem
1331 1361 1472 1394 denotat
1517 1373 1557 1395 ac

856 1406 1020 1437 naturalis
1033 1407 1153 1437 virium
1163 1407 1351 1440 infirmitas.
1398 1411 1454 1443 Sic
1466 1412 1555 1452 apud

856 1455 1028 1488 Justinum
1051 1466 1090 1487 11.
1115 1461 1165 1489 ll.
1190 1459 1315 1491 ‘Lanae
1346 1461 1385 1492 iis
1411 1471 1488 1493 usus
1516 1472 1556 1494 ae

855 1506 1000 1536 vestium
1031 1506 1166 1546 ignotus
1198 1509 1271 1548 est‚'
1310 1519 1371 1550 pro
1403 1520 1442 1542 eo
1464 1512 1555 1552 quod

856 1558 920 1594 est,
960 1555 1117 1586 lanearum
1149 1558 1289 1588 cestium.
1336 1559 1424 1590 Vide
1456 1561 1556 1595 Joan.

857 1605 982 1645 Georg.
1001 1605 1175 1637 Graevium
1191 1607 1232 1637 ad
1259 1609 1432 1641 Ciceronis
1456 1611 1556 1645 Offic.

857 1664 881 1687 1.
911 1658 964 1687 44.
999 1656 1108 1688 Daris.
1154 1658 1235 1689 Mss.
1259 1660 1343 1701 Reg.
1365 1666 1399 1692 et
1429 1662 1556 1703 Vossii,

855 1708 986 1745 naturce,
1022 1708 1087 1738 occ.
1145 1707 1296 1749 Graecns‚
1331 1711 1388 1746 τῆς
1426 1711 1556 1750 φύσεως.

859 1757 965 1787 Clark.
1012 1757 1101 1795 Scio,
1112 1759 1194 1788 satis
1210 1759 1294 1790 bene
1308 1760 1444 1792 defendi
1459 1771 1556 1802 posse

855 1806 892 1835 τὸ
908 1809 1030 1837 natura.
1075 1808 1203 1838 Verum
1220 1808 1254 1839 id
1271 1811 1410 1842 retineri
1438 1819 1557 1844 contra

856 1856 939 1887 Mss.
962 1866 1028 1887 non
1052 1857 1151 1888 video
1179 1867 1252 1890 esse
1281 1869 1432 1892 necesse.
1476 1863 1556 1895 Jam

855 1915 935 1936 vero
960 1910 1081 1937 παίω-α’
1105 1914 1282 1939 exaratum
1312 1915 1364 1941 est
1383 1911 1414 1942 in
1443 1912 1554 1952 Bong.

853 1957 1040 1996 Vossianis‚
1050 1957 1421 2002 Ursin.0xon.Sca1ig.
1436 1962 1556 1995 Leidd.

854 2006 985 2038 Lovau.
1024 2008 1193 2048 Egmund.
1227 2019 1338 2051 neque
1364 2011 1484 2043 dubito
1512 2012 1555 2044 de

855 2057 928 2087 aliis
953 2058 1215 2098 vetustioribus;
1239 2066 1341 2101 atque
1368 2061 1416 2093 ita
1444 2062 1557 2094 edide-

854 2112 932 2138 runt
947 2108 1088 2139 Vascos.
1117 2109 1185 2141 Str.
1213 2111 1332 2151 Steph.
1359 2116 1395 2143 et
1422 2112 1554 2154 Gryph.

853 2162 942 2198 post.

896 2215 1015 2238 xxvn.
1040 2211 1056 2238 1
1081 2208 1281 2250 Directz'sque
1293 2212 1447 2253 operibus]
1470 2214 1554 2246 Mss.

854 2256 938 2297 Reg.
987 2262 1024 2288 et
1073 2259 1170 2290 Voss.
1218 2262 1396 2302 erectisque.
1461 2264 1557 2298 Edit.

854 2306 954 2339 Rom.
976 2307 1193 2349 perfectisque.
1239 2311 1396 2352 Gr‘aecus,
1410 2313 1556 2346 συντελέ-

852 2367 921 2388 σας.
967 2358 1076 2391 Clark.
1127 2360 1340 2401 Perfectisque
1365 2363 1457 2404 legas
1475 2374 1556 2395 sane

852 2407 886 2438 iu
902 2408 984 2439 Mss.
1001 2409 1143 2450 aliquot,
1158 2416 1195 2441 ut
1210 2411 1308 2442 Leid.
1324 2414 1444 2453 primo,
1467 2415 1556 2447 Scal.

853 2457 966 2490 Oxou.
978 2457 1069 2490 And.
1083 2460 1199 2501 Cujac.
1214 2462 1355 2493 Dorvill.
1373 2470 1409 2495 et
1425 2465 1553 2496 Dukeri

854 2517 874 2538 a
888 2517 932 2539 m.
950 2509 1070 2549 prima,
1087 2515 1123 2541 ut
1148 2518 1183 2542 et
1208 2512 1293 2544 Edd.
1309 2514 1448 2545 Mediol.
1466 2515 1554 2545 Ven.

852 2558 933 2590 Ber.
965 2559 1066 2591 Vasc.
1094 2559 1175 2591 Ald.
1205 2562 1268 2593 Gr.
1297 2564 1415 2604 Steph.
1439 2565 1553 2595 Plant.

853 2608 1006 2650 aliisque.
1063 2611 1189 2642 Erectis
1214 2618 1328 2643 autem
1355 2614 1390 2644 in
1420 2615 1551 2646 Duker.

853 2667 954 2699 supra
979 2659 1146 2700 scriptum
1162 2671 1202 2692 ac
1219 2663 1384 2694 Vossiano
1410 2673 1479 2695 sec.
1504 2664 1554 2694 id-

853 2718 918 2750 que
949 2710 1111 2750 placebat
1139 2711 1368 2743 Hotomanuo.
1425 2713 1552 2745 Verum

851 2760 983 2792 retineo
998 2770 1061 2801 ego
1083 2761 1288 2801 directisque:
1310 2762 1399 2802 quod
1416 2763 1480 2794 Ed.
1497 2764 1553 2796 ln-

851 2814 958 2852 certa,
983 2810 1017 2842 in
1043 2819 1109 2852 qua
1133 2814 1162 2841 el
1187 2810 1326 2852 directis,
1351 2811 1424 2853 jam
1448 2813 1551 2847 habet
