1818 3131
253 186 368 231 1298

299 295 338 323 15
378 290 583 329 Tergestinis]
631 289 754 321 Nullus
791 294 954 328 veterum,

254 341 342 383 quod
359 341 476 378 sciam,
492 340 592 380 hujus
612 339 718 370 cladis
738 339 955 379 Tergestino-

253 401 326 422 rum
344 390 506 420 meminit.
543 389 676 421 Vossius.

298 440 522 479 Qui—impetu
548 439 666 480 eorum]
690 440 831 472 Codices
855 441 953 481 pleri-

254 500 332 531 que,
348 491 579 531 quiu-—impetu
606 491 714 522 incolae
737 491 871 529 illorum,
899 492 951 530 fise.

254 540 362 570 Clurk.
401 540 464 575 Qui
489 546 625 572 servant
649 541 822 573 veterrimi
847 542 952 581 Bong.

250 599 304 630 pr.
321 599 390 621 sec.
404 590 522 630 Cujac.
541 591 661 623 Petav.
674 592 772 622 Voss.
788 602 838 633 pr.
856 592 951 622 Leid.

251 649 304 680 pr.
321 640 409 672 Scal.
432 640 521 673 And.
546 642 658 673 Oxon.
681 643 817 684 aliique.
865 642 954 676 Quod

251 690 421 730 Egmund.
438 691 510 730 quia
534 691 621 723 Edd.
646 692 764 732 primae
788 701 862 723 cum
880 692 952 721 aliis

251 739 512 771 recentioribus.
558 741 591 772 Si
609 742 683 781 quis
700 741 883 772 admittere
899 749 954 771 ve-

250 788 304 828 lit,
325 788 494 829 disjungat
525 790 581 820 ille
609 791 660 830 qui
687 800 706 820 a
728 791 801 820 laer.
841 790 953 829 Inpetu

250 847 354 868 emm
375 838 502 869 diserte
526 844 640 871 exstat
666 839 698 869 in
727 839 805 879 Cuj.
831 839 952 869 Petav-

250 887 339 919 Scal.
358 888 451 919 Leid.
469 897 520 928 pr.
539 888 651 920 Oxon.
676 893 711 919 et
739 888 826 919 And.
852 899 871 919 α
894 889 953 919 sed

250 936 337 969 Edd.
355 937 455 968 Vase.
470 937 538 968 Str.
563 938 681 977 Steph.
706 938 838 978 Gryph.
866 944 952 978 post.

247 986 356 1017 ‘incolae
384 987 521 1018 illorum:
559 987 674 1027 primae
702 992 737 1018 et
774 987 848 1018 aliae
877 997 952 1018 cum

250 1036 335 1067 Mss.
368 1037 494 1068 ceteris
522 1037 598 1077 imp.
619 1038 651 1067 in
673 1038 747 1068 colle
777 1037 831 1067 vel
858 1037 953 1068 incole

250 1086 305 1117 vel
322 1087 429 1117 incoloe
450 1087 583 1118 illorum.
623 1088 748 1118 Latere
765 1087 845 1127 quid
864 1087 953 1118 vide-

250 1141 318 1168 tur.
364 1137 418 1168 An
435 1138 540 1178 inpetu
560 1138 696 1176 incauto,
714 1138 746 1168 id
763 1142 826 1176 est,
843 1138 952 1177 inpro-

249 1186 334 1226 viso,
350 1187 545 1228 inopinato?
567 1188 609 1218 V.
628 1188 669 1218 ad
688 1189 815 1219 Lucan.
833 1196 882 1218 xv.
901 1191 951 1219 17.

250 1236 259 1252 ‘
278 1236 414 1268 incauto
430 1248 471 1268 ex
489 1238 609 1269 hoste-⁹

294 1290 333 1318 17
370 1288 679 1328 Depopulumlosque]
722 1288 832 1327 Popul.
864 1288 953 1318 Dor-

251 1336 320 1368 vill.
352 1337 410 1368 sed
440 1338 562 1368 Petav.
590 1337 686 1367 Leid.
714 1337 812 1377 prim.
839 1337 951 1368 Oxon.

249 1387 534 1426 oppugnamlosque.
568 1387 643 1426 an.
668 1396 749 1417 vero
775 1397 953 1427 oppugnan—

250 1437 358 1476 dasque
391 1437 587 1476 occupandos.
640 1436 735 1468 Nihil
761 1445 875 1469 eorum
904 1447 954 1468 se-

252 1485 423 1525 quendum
439 1485 596 1517 arbitror.

296 1536 335 1566 18
361 1534 572 1566 Per-territum
586 1535 772 1576 utquefug]
788 1537 953 1577 Bongars.

250 1593 303 1624 pr.
323 1585 556 1624 proeterritum:
580 1584 694 1616 forsan
718 1585 784 1617 fuit
806 1587 954 1626 proterri-

251 1638 328 1665 tum.
357 1633 446 1665 Vide
464 1634 506 1664 ad
519 1643 553 1665 v.
568 1638 620 1666 58.
643 1636 652 1652 ‘
671 1636 863 1675 proterritis
879 1637 952 1666 hos-

252 1684 341 1716 tibus
357 1689 459 1725 atque
482 1685 516 1716 in
540 1685 655 1726 fugam
674 1685 870 1725 conjectis:'
892 1686 952 1717 sed

251 1743 280 1766 c.
316 1737 368 1765 27.
409 1735 417 1752 ‘
438 1733 609 1775 fugientes
650 1735 951 1776 perterritosque2'

250 1786 330 1817 dein
345 1797 381 1817 ac
397 1795 458 1826 pro
473 1790 564 1827 nique
584 1786 733 1827 reposui,
756 1786 822 1817 fide
845 1787 954 1817 Msto-

251 1847 324 1868 rum
356 1842 489 1868 tantum
519 1846 587 1867 non
618 1837 764 1868 omnium
796 1842 831 1867 et
861 1837 949 1867 Edd.

252 1887 351 1917 Vasc.
367 1886 486 1925 Steph.
505 1886 723 1925 aliorumque.
749 1886 842 1915 Posse
854 1885 952 1916 abest

251 1944 385 1976 quoque
401 1945 421 1966 a
437 1936 563 1966 Lovan.
581 1935 741 1975 Gottorp.
759 1936 854 1967 Voss.
872 1941 950 1967 tert.

251 1985 348 2016 Leid.
382 1989 459 2016 tert.
487 1986 630 2016 Dorvill.
655 1990 690 2016 et
718 1985 805 2016 Edd.
823 1986 949 2026 primis.

251 2036 351 2067 Quod
367 2035 554 2075 elegantius
569 2035 714 2065 videtur.
755 2036 808 2065 De
823 2035 885 2066 hac
905 2036 950 2066 el-

249 2085 325 2125 lipsi
342 2085 470 2125 egimus
487 2085 529 2116 ad
547 2094 587 2117 11.
604 2088 656 2116 32.
674 2091 710 2116 et
723 2086 817 2117 alibi.

295 2138 334 2166 19
359 2136 543 2167 Proximum
560 2146 624 2166 suae
645 2136 795 2175 dignitati
815 2146 877 2167 esse
899 2138 953 2167 du-

250 2186 352 2226 cebat]
396 2187 538 2218 Codices
576 2187 730 2228 plerique
771 2187 948 2226 dignitatis.

253 2237 361 2268 Clark.
404 2237 552 2268 Faernus
581 2246 679 2268 voces
707 2247 771 2268 suoe
797 2238 949 2276 dignitati

248 2287 354 2318 vellet
378 2287 504 2326 delere,
541 2291 579 2318 ut
617 2297 856 2328 supervacuas,
879 2297 949 2318 eas-

249 2345 314 2377 que
331 2338 424 2368 uncis
441 2337 574 2368 inclusit
595 2337 753 2377 Scaliger.
793 2337 839 2368 At
866 2338 947 2369 Mss.

248 2395 364 2419 onmes
381 2392 529 2425 servant,
555 2387 623 2427 qui,
649 2387 802 2427 exceptis
828 2388 946 2418 l'etav.

251 2436 364 2467 Oxon.
394 2440 430 2466 et
461 2435 610 2473 Audino,
641 2435 724 2466 dant
760 2437 949 2475 dignitati„

250 2485 330 2516 item
364 2484 450 2515 Edd.
483 2485 555 2516 Ine.
593 2485 694 2515 Vasc.
731 2486 800 2516 Str.
828 2487 947 2526 Steph.

250 2534 396 2575 Gryphii
420 2535 574 2576 aliaeqne.
630 2535 777 2566 Omnino
809 2536 947 2567 rectius.

249 2584 437 2625 Dignitatis
471 2585 674 2616 Caesarianae
713 2590 798 2625 erat,
835 2587 948 2618 vivum

251 2644 376 2675 capere
403 2635 644 2677 Ambiorigem.
703 2636 751 2667 At
781 2647 855 2667 cum
886 2638 947 2669 hoc

249 2694 316 2717 non
345 2690 459 2725 posset
483 2685 568 2726 fieri,
585 2687 771 2727 proximum
790 2686 948 2727 ducebat,

250 2745 318 2767 suae
332 2735 507 2778 diguitatis
521 2746 607 2780 esse,
621 2742 752 2772 vastare
769 2737 849 2770 fines
863 2739 948 2780 ejus.

729 194 870 226 No'rAE
902 194 1125 226 VARIORU
1134 195 1166 224 M
1200 195 1250 226 IN

1047 292 1088 320 20
1117 289 1246 320 vastare
1273 287 1400 328 civibus,
1413 288 1568 330 «edificiis,
1580 288 1703 329 pecore]

1004 339 1081 370 Pet.
1105 339 1316 376 Ciacconius‚
1338 343 1373 369 et
1396 339 1450 370 Fr.
1467 339 1704 370 Hotomannua

1004 395 1173 430 reponunt
1189 393 1309 420 vastare
1324 389 1410 429 vicis,
1424 390 1474 428 ὅτ.
1497 388 1564 419 Sed
1580 387 1704 420 frustra

1003 445 1092 477 sunt,
1108 449 1183 470 cum
1214 440 1385 480 vulgatam
1413 439 1593 470 lectionem
1617 438 1706 469 solli-

1003 489 1129 519 citent:
1156 487 1240 519 fines
1256 489 1344 519 enim
1361 498 1458 529 aeque
1475 492 1617 529 possunt
1631 496 1705 520 vas·

1004 539 1069 569 tari
1085 538 1201 568 cii-ibus
1216 548 1254 569 ac
1269 550 1387 579 pecore,
1402 544 1436 570 et
1452 549 1481 571 c.
1496 542 1549 570 25.
1574 537 1705 570 fatetur

1004 588 1118 618 Caesar
1135 597 1170 617 se
1187 590 1195 604 ‘
1215 598 1328 620 omnes
1351 595 1466 629 partes
1488 588 1603 620 finium
1621 588 1704 620 Am-

1002 637 1142 677 biorigis
1169 638 1333 675 caedibus,
1361 639 1539 677 incendiis,
1575 638 1704 679 rapinis

1003 693 1153 719 vastasse
1169 687 1188 725 ;’
1225 688 1313 728 quod
1344 688 1484 720 denotat
1511 698 1587 719 eum
1612 689 1705 720 cives

1003 737 1203 775 trucidasse,
1237 737 1382 768 aedificia
1411 738 1611 775 incendisse,
1647 747 1706 779 pe-

1003 797 1082 818 cora
1096 787 1260 827 rapuisse.
1292 788 1402 819 Duris.

1047 846 1132 869 xxv.
1152 841 1167 868 l
1195 838 1398 879 Omnesfines
1417 840 1556 878 partium
1577 838 1705 870 Ambio-

1002 887 1098 927 rigis]
1114 888 1296 927 Ἐναλλαγὴ
1310 898 1370 927 pro
1384 892 1490 929 partes
1493 889 1612 930 finium
1626 889 1703 920 Am-

1003 936 1145 977 biorigis,
1170 938 1259 979 quod
1283 938 1393 978 poetis
1420 948 1518 979 quam
1535 937 1706 970 historicis

1002 987 1171 1019 usitatius.
1215 989 1268 1019 Sic
1299 988 1462 1028 Papinius
1489 988 1650 1019 Thebaid.
1679 996 1705 1018 1.

1003 1036 1011 1052 ‘
1028 1037 1124 1077 ignes
1149 1038 1303 1078 Sopitum
1336 1038 1497 1076 cinerem,
1525 1042 1560 1069 et
1595 1037 1704 1078 tepidi

1002 1086 1163 1118 libamina
1189 1088 1276 1118 sacri
1299 1087 1513 1126 Servabant,’
1536 1097 1598 1128 pro
1616 1088 1707 1119 Ciuis

1002 1137 1104 1175 ignem
1120 1136 1272 1168 sen-abar.
1299 1137 1365 1168 Sed
1381 1137 1413 1167 in
1430 1146 1497 1168 sec.
1515 1137 1598 1168 Cod.
1617 1138 1705 1169 Bon-

1003 1186 1103 1225 garsii
1121 1191 1194 1218 erat
1209 1196 1311 1217 omnes
1324 1190 1430 1226 partes
1452 1189 1482 1216 et
1494 1187 1590 1227 fines,
1623 1188 1705 1219 Car-

1003 1236 1159 1266 rariensis
1183 1241 1218 1267 et
1243 1236 1469 1275 Florentinus‚
1493 1237 1543 1267 uti
1567 1237 1706 1268 Ciacco-

1004 1285 1076 1315 nius
1093 1284 1432 1325 affirmat,habebant
1453 1290 1559 1325 partes
1573 1287 1704 1328 finium.

1004 1334 1089 1365 Quae
1115 1335 1218 1365 lectio
1245 1343 1325 1365 vera
1353 1336 1407 1374 sit,
1436 1336 1529 1367 dictu
1553 1336 1705 1370 arduum.

1008 1382 1143 1414 Vossius.
1179 1384 1293 1414 Partes
1298 1383 1426 1425 finium.
1463 1385 1606 1416 Codices
1624 1395 1705 1418 non·

1003 1432 1086 1463 nulli
1104 1433 1134 1463 in
1151 1433 1320 1475 omn.fines
1330 1434 1477 1473 partium.
1503 1435 1601 1467 Quod
1614 1435 1705 1467 idem

1004 1487 1065 1513 est.
1092 1483 1199 1515 Clark.
1223 1483 1458 1525 Partesfim'um
1474 1490 1527 1516 est
1544 1485 1577 1516 in
1595 1487 1704 1527 Bong.

1004 1541 1056 1572 pr.
1091 1533 1211 1564 Petav.
1237 1534 1333 1566 Leid.
1359 1544 1410 1574 pr.
1434 1536 1548 1575 Cujac.
1581 1536 1704 1577 Scalig.

1002 1582 1165 1623 aliisque:
1198 1587 1233 1614 at
1253 1583 1338 1624 fines
1361 1585 1501 1624 partium
1527 1594 1603 1616 cum
1632 1586 1704 1626 qui-

1003 1632 1142 1664 busdam
1159 1633 1248 1665 Edd.
1265 1633 1347 1664 dant
1363 1633 1453 1665 And.
1476 1638 1510 1665 et
1534 1634 1645 1666 Oxou.
1670 1635 1704 1666 in

1004 1693 1069 1724 quo
1085 1683 1199 1713 omm's:
1215 1683 1406 1724 partesfinis
1421 1684 1518 1716 Voss.
1538 1689 1618 1716 tert.
1642 1685 1706 1716 Lo-

1003 1743 1079 1763 van.
1099 1733 1266 1773 Egmund.
1285 1734 1383 1764 Gott.
1404 1733 1501 1765 Leid.
1518 1738 1599 1765 tert.
1616 1735 1704 1766 Dor-

1002 1783 1059 1814 vii.
1076 1783 1140 1814 Ed.
1158 1783 1232 1814 Inc.
1258 1784 1454 1825 11areesfines
1480 1784 1580 1816 Voss.
1602 1785 1703 1825 prim.

1005 1834 1100 1864 Leid.
1115 1843 1180 1865 sec.
1202 1834 1321 1875 finium
1348 1835 1445 1865 deest
1470 1834 1503 1864 in
1519 1835 1616 1866 Vos-⁵.
1635 1845 1704 1868 sec.

1002 1883 1138 1921 Putem,
1176 1883 1216 1913 ab
1257 1883 1372 1914 Hirtio
1409 1883 1601 1924 profectum
1631 1894 1704 1916 esse

1001 1943 1089 1973 quum
1121 1934 1154 1963 in
1179 1934 1276 1964 omnis
1302 1937 1407 1973 partes
1431 1944 1488 1974 per·
1508 1934 1588 1976 finis
1612 1935 1704 1967 Amb.

1002 1985 1066 2015 Per
1089 1984 1178 2015 enim
1207 1984 1304 2015 facile
1330 1984 1495 2015 excidisse
1525 1985 1637 2025 potuit
1660 1986 1702 2017 ob

1001 2044 1119 2065 vocem
1146 2038 1264 2074 partes.
1311 2034 1507 2065 Genitivum
1539 2035 1703 2075 pluralem

1001 2082 1157 2114 fecerunt
1184 2093 1244 2123 pro
1277 2084 1440 2115 Genitivo
1470 2084 1641 2125 singulari,
1664 2089 1703 2117 ut

1002 2134 1190 2166 credebant
1213 2134 1352 2173 librarii,
1373 2144 1447 2165 cnm
1464 2139 1554 2166 esset
1570 2144 1704 2167 accusa-

1002 2185 1092 2216 tivus
1119 2185 1151 2215 in
1176 2185 1211 2216 is.
1258 2187 1312 2216 De
1340 2186 1511 2222 locutione
1542 2186 1576 2218 in
1603 2196 1705 2218 oinnes

998 2238 1104 2274 partes
1120 2235 1278 2266 dimittere
1292 2235 1345 2265 adi
1360 2235 1401 2266 ad
1419 2245 1467 2266 ιν.
1483 2239 1533 2267 19.
1549 2241 1586 2268 et
1601 2246 1703 2277 supra

1003 2296 1032 2317 c.
1060 2290 1091 2317 5.
1129 2286 1196 2316 ‘In
1233 2295 1348 2318 omnes
1387 2292 1502 2326 partes
1536 2285 1701 2318 dimittit)

1002 2336 1165 2367 Quamvis
1182 2336 1282 2366 etiam
1300 2336 1401 2366 lectio
1424 2337 1533 2376 Bong.
1561 2345 1629 2367 see.
1661 2336 1702 2367 In

1001 2386 1097 2416 omnis
1122 2390 1226 2426 partes
1253 2389 1283 2417 et
1300 2386 1379 2427 finis
1407 2385 1540 2417 admitti
1577 2389 1701 2426 potest.

1002 2437 1148 2468 Consule
1173 2442 1290 2468 notata
1311 2437 1352 2467 ad
1372 2446 1420 2467 vr.
1438 2440 1487 2467 ll.
1513 2437 1522 2453 ⁴
1540 2436 1580 2467 ln
1595 2435 1699 2467 omni·

1002 2486 1063 2517 bus
1080 2487 1277 2517 civitatibus
1294 2493 1396 2527 atque
1414 2487 1447 2517 in
1466 2485 1616 2517 omnibus
1641 2495 1700 2526 pa-

1001 2537 1051 2577 gis
1068 2536 1306 2577 partibusque!

1043 2591 1061 2617 5
1087 2588 1274 2618 Exercitum
1290 2586 1389 2625 bellis]
1413 2586 1575 2625 Bongars.
1601 2585 1699 2625 prim.

1000 2639 1098 2670 Voss.
1128 2638 1224 2678 prim.
1257 2638 1382 2668 Lovan.
1423 2636 1589 2675 Egmund.
1617 2641 1653 2667 et
1677 2640 1696 2667 5

1001 2690 1074 2720 aliis
1103 2699 1180 2720 cum
1214 2688 1299 2719 Edd.
1328 2689 1423 2718 Rom.
1454 2688 1527 2719 lnc.
1558 2686 1701 2719 Mediol-

999 2740 1147 2772 exercita.
1186 2737 1287 2772 Quod
1302 2747 1382 2770 sane
1408 2748 1476 2771 non
1503 2743 1630 2771 temere
1646 2740 1698 2770 est
