1818 3131
392 228 487 257 mu.
525 228 554 256 1.
586 226 693 255 cliv.
725 215 795 256 31.
831 226 891 255 nr.
930 227 1082 255 izi-:rm
1116 227 1285 256 ‹·1x11.1.

110 322 331 364 respondebit
359 321 590 362 superioribus
607 319 687 359 illis,
701 319 746 350 ibi
760 330 811 350 su-

108 375 162 404 des
181 373 361 413 stipitesque
378 375 551 412 prtem-ulos
574 370 696 411 defigit.
743 369 810 400 Sed

113 432 175 454 nec
203 423 319 462 priora
347 421 542 462 displicent,
570 430 642 461 quae
669 419 812 459 retineo,

111 473 219 504 donec
244 473 363 504 melius
381 471 460 513 quid
477 470 674 502 occurrerit.
726 470 811 502 Voss.

155 531 257 554 xxix.
289 525 308 552 7
342 523 387 552 Et
422 531 442 552 a
470 520 574 560 freto]
643 520 813 560 Intelligit

111 573 320 604 Gaditanum
336 572 406 602 sive
422 571 644 610 Herculeum,
657 570 747 612 quod
763 570 813 602 ita

107 622 174 654 κατ’
213 621 324 660 ἐξοχὴν
351 621 547 653 vocabatur.
603 621 813 662 Pomponius

108 672 201 704 Mela
227 681 251 702 1.
276 674 306 704 3.
330 673 339 689 ‘
358 673 465 703 Extra
489 671 615 703 fretum
640 672 681 702 ad
711 671 813 703 Occi-

109 723 246 754 dentem
263 722 440 763 iuaequalis
470 722 672 752 admodum!
710 722 755 752 Et
770 730 811 752 11.

107 775 140 803 7.
164 771 304 804 ‘Gades
333 771 450 811 insula,
473 781 548 812 quae
576 771 722 811 egressis
748 769 814 802 frc-

110 828 181 854 tum
210 822 311 853 obvia
337 822 413 853 est!
465 821 522 853 sle
551 821 655 853 etiam
684 821 740 852 alii
767 821 813 852 lo-

111 876 273 914 quuntur.
320 872 432 903 Dacis.
477 871 545 902 Alii
560 872 814 902 tamenmalunt

112 923 241 954 Fretum
257 921 395 952 Siculum
421 921 624 962 intelligere,
645 926 681 953 et
707 922 814 962 magis

111 971 236 1012 placet.
282 971 370 1002 Vide
389 971 440 1003 Cl.
460 971 593 1002 Duker.
611 972 654 1002 ad
679 972 769 1003 Flor.
787 981 811 1003 1.

110 1026 164 1054 26.
208 1022 218 1039 ‘
235 1022 359 1054 Totam
377 1022 466 1053 iuter
483 1021 590 1063 Alpes
619 1021 813 1064 fretumque

110 1072 267 1104 Italiam!
312 1071 489 1106 Infra.n1.
527 1075 600 1104 101.
646 1073 655 1089 ‘
679 1073 813 1104 Vibone

111 1123 153 1153 ad
171 1122 322 1153 fretum.'
367 1123 375 1139 ‘
392 1123 554 1154 Fretense
572 1123 676 1153 mare’
702 1124 745 1154 de
765 1124 815 1154 Si-

112 1174 188 1204 culo
202 1172 292 1203 freto
305 1172 425 1203 Cicero
454 1172 496 1202 ad
514 1171 619 1204 Attic.
640 1182 675 1204 x.
693 1176 731 1211 7;
757 1173 812 1205 ubi

109 1224 202 1263 vide,
230 1228 268 1255 ut
285 1227 320 1254 et
336 1222 379 1254 ad
403 1223 468 1264 Ep.
494 1231 534 1254 11.
563 1225 592 1255 1.
616 1224 625 1240 ‘
642 1223 772 1254 venisse
793 1233 813 1254 a

111 1275 226 1307 freto!

154 1333 242 1356 xxx.
267 1326 287 1356 5
319 1324 358 1355 In
384 1323 526 1355 Siciliam
552 1324 719 1356 Curionem
742 1335 813 1365 pro-

108 1374 220 1417 proet]
263 1374 297 1405 Si
319 1374 489 1405 nonnullis
517 1374 697 1414 credimus,
722 1375 815 1414 prior

113 1435 154 1456 eo
179 1425 299 1456 missus
327 1429 378 1455 est
405 1423 542 1455 Asinius
565 1424 690 1463 Pollio,
717 1425 814 1465 cujus

113 1475 264 1506 adventu
296 1475 381 1506 Cato
418 1484 461 1505 ex
503 1474 618 1505 Sicilia
651 1473 814 1515 profugit.

112 1526 320 1558 Plutarchus
344 1526 377 1555 in
405 1526 526 1556 Caton.
543 1535 577 1565 p.
598 1528 673 1557 785.
720 1524 815 1556 Πυθό-

113 1587 204 1615 μενος
224 1575 258 1607 δὲ
272 1575 415 1617 (Κάτων)
430 1576 562 1607 Ἀσίνιον
577 1575 742 1607 Πολλίωνα
757 1589 815 1607 πα-

113 1626 152 1666 ρὰ
166 1627 228 1656 τῶν
246 1625 401 1664 πολεμίων
424 1625 553 1666 ἀφῖχθαι
571 1625 652 1664 μετὰ
666 1625 817 1665 δυνάμεως

114 1677 158 1708 εἰς
172 1676 328 1717 Μεσήνην,
343 1678 407 1708 &c.
425 1675 618 1715 ἐξέπλευσεν.
636 1677 815 1718 Appianus

116 1728 215 1760 civil.
244 1736 284 1758 11.
308 1730 383 1758 452.
415 1727 468 1759 ed.
493 1728 612 1768 Steph.
637 1726 767 1759 Ἀσίνιός
781 1740 817 1758 τε

116 1778 264 1810 Πολλίων
276 1777 318 1810 εἷς
330 1777 476 1810 Σικελίαν
487 1778 645 1820 πεμφθεὶς,
659 1778 696 1816 ’ἧς
709 1779 817 1818 ἡγεῖτο

117 1828 240 1869 Κάτων,
263 1827 459 1867 πυθανομένῳ
479 1831 522 1868 τῷ
547 1828 680 1868 Κάτωνι,
702 1829 818 1870 πότερα

115 1881 172 1917 τῆς
183 1881 301 1916 βουλῆς
311 1879 332 1916 ἢ
346 1880 402 1910 τοῦ
417 1878 513 1919 δήμου
537 1879 638 1920 δόγμα
653 1880 762 1921 φέρων,
778 1881 819 1912 εἷς

117 1929 288 1971 ἀλλοτρίαν
322 1928 490 1970 ἐμβάλλοι,
530 1929 588 1961 ὧδε
623 1931 820 1972 ἀπεκρίνατο,

117 1982 154 2013 Ὁ
168 1983 226 2019 τῆς
239 1980 376 2012 Ἰταλίας
391 1983 510 2022 κρατῶν
532 1982 582 2012 ἐπὶ
605 1983 704 2013 ταῦτα
728 1981 818 2021 ἔπεμ-

115 2035 165 2072 ψε·
179 2032 229 2064 καὶ
245 2031 354 2063 Κάτων
361 2031 419 2071 μὲν
430 2032 559 2063 τοσόνδε
568 2032 820 2073 ἀποκρινάμενος,

118 2083 166 2114 ὅτι
181 2084 283 2123 φειδοῖ
299 2085 362 2114 τῶν
378 2082 528 2123 ὑπηκόων,
544 2083 599 2113 οὐκ
623 2084 753 2114 ἐνταῦθα
769 2083 819 2113 αὐ-

116 2133 174 2168 τὸν
199 2134 366 2174 ἀμυνεῖται,
390 2134 570 2165 δίεπλευσεν
605 2135 640 2166 ἐκ
667 2134 820 2176 Κερκύρας

121 2185 253 2226 (Male:
291 2195 331 2216 an
360 2185 588 2226 supplendum
609 2186 640 2216 ἐς
651 2185 819 2226 Κερκύραν,

122 2235 173 2266 καὶ
187 2235 222 2266 ἐκ
241 2234 415 2276 Κερκύραςὲ
439 2240 477 2267 ut
499 2235 657 2268 mendum
684 2247 820 2277 procre-

121 2286 191 2317 arit
212 2295 333 2317 vocum
359 2286 561 2326 similitudo)
589 2288 619 2318 ἐς
651 2287 820 2326 Πομπήϊον.

119 2337 168 2369 Et
183 2346 217 2377 p.
234 2339 308 2367 1153.
355 2335 509 2376 Κουρίωνα
527 2337 585 2376 μὲν
596 2338 664 2369 ἀντὶ
680 2337 821 2370 Κάτωνος

118 2385 223 2428 ἡρεῖτο
238 2386 379 2425 ἆγεῖσθιιι
402 2386 554 2419 Σικελίας.
598 2388 633 2419 Si
650 2389 697 2419 ita
713 2399 748 2420 sc
767 2399 820 2420 res

120 2436 238 2476 habet,
254 2436 356 2467 falsus
374 2442 425 2468 est
441 2443 567 2478 noster,
584 2440 640 2480 qui
658 2439 821 2471 Catonem

121 2497 190 2519 non
219 2487 282 2518 nisi
307 2492 384 2528 post
412 2487 596 2519 adrentum
622 2490 774 2520 Curionis
801 2499 820 2520 e

123 2538 300 2578 provincia
315 2539 504 2570 excessisse
519 2543 642 2570 narrat.
690 2540 800 2570 Ducis.

166 2590 187 2619 6
212 2589 288 2618 Cum
301 2589 360 2627 leg.
376 2589 448 2630 ιιι]
472 2590 667 2630 Legendnm
682 2593 822 2630 quatuor,

123 2642 162 2670 ut
177 2643 276 2679 patet
290 2638 377 2670 infra
393 2650 434 2670 ex
451 2641 472 2670 l.
487 2649 525 2671 11.
542 2640 583 2670 de
598 2640 694 2671 Bello
711 2640 823 2679 Civili,

123 2699 155 2720 c.
170 2691 225 2720 23.
244 2692 281 2720 et
294 2691 346 2720 37.
370 2690 460 2721 inter
481 2700 517 2721 se
533 2691 675 2721 collatis.
716 2691 823 2722 Clark.

125 2740 219 2781 Lege
245 2749 314 2770 cum
338 2741 510 2781 legionibus
537 2750 588 2772 xv.
632 2741 722 2772 Vide
747 2751 822 2782 quae

115 2789 324 2822 -diximusad
337 2791 377 2824 B.
387 2793 426 2824 C.
437 2801 478 2824 11.
489 2795 542 2825 23.
552 2793 742 2836 Davisgcur.
753 2802 821 2825 sec.

1452 219 1562 259 mai-3

907 325 946 352 lb'
972 323 1125 357 Qutrritm·
1155 324 1186 354 in
1202 323 1342 355 com-ione
1363 333 1426 355 nese
1451 325 1566 364 prnjec-

861 374 925 401 tum
948 375 977 402 e!
991 374 1150 411 proditum
1166 384 1184 404 a
1207 375 1265 405 Cn.
1283 375 1445 416 Pompeio]
1491 375 1564 407 Fic-

863 424 933 451 tum
963 421 1025 452 hoc
1057 422 1217 460 videtum
1256 434 1331 454 num
1350 425 1447 465 Cato,
1471 425 1500 456 si
1516 426 1565 457 ita

860 472 989 502 tulerat
1007 472 1148 511 animus,
1172 473 1181 489 ‘
1200 474 1347 505 Siciliam
1362 480 1479 506 tenere
1493 478 1568 508 nul-

863 522 895 552 lo
925 522 1063 562 negotio
1089 523 1249 563 poterat‚'
1284 530 1319 555 ut
1345 530 1490 558 testatus
1512 533 1566 559 est

862 572 984 604 Cicero
1001 572 1043 603 ad
1053 572 1162 604 Attic.
1178 575 1276 614 epist.
1290 585 1323 607 x.
1342 580 1403 607 16:
1429 578 1517 618 quod
1531 583 1567 610 et

861 623 935 664 ipse
959 623 1078 662 sensit,
1105 623 1131 653 si
1157 624 1340 657 Plutarcho
1364 627 1458 658 fides.
1499 628 1567 661 Adi

862 673 923 705 vit.
940 674 1077 705 Catonis
1093 683 1170 715 pag.
1186 677 1260 706 785.
1300 677 1414 707 Daris.

907 733 1012 755 xxxi.
1034 727 1055 755 9
1082 725 1136 756 Ex
1155 726 1310 766 proetura]
1335 728 1419 758 Post
1443 734 1569 768 [περιη-

862 784 946 806 ram.
972 775 1061 806 Vide
1075 775 1110 807 J.
1125 776 1181 807 Fr.
1193 776 1403 808 Gronovium
1419 779 1567 811 Observ.

863 837 911 859 lv.
928 830 981 858 20.
1024 826 1072 857 At
1086 827 1153 858 Ms.
1177 827 1316 860 Norvic.
1338 828 1443 860 habet
1459 831 1570 870 paucis

862 885 935 909 ante
957 877 1045 908 annis
1062 882 1188 917 praetor
1207 888 1273 909 eam
1286 879 1476 918 provinciam
1491 880 1569 913 obti-

862 930 985 959 nuerat.
1034 928 1080 958 Et
1108 927 1156 958 sic
1186 927 1306 959 Cicero
1339 937 1399 968 pro
1433 930 1568 971 Ligario

864 987 898 1018 p.
914 979 1011 1008 2471.
1047 977 1057 994 ‘
1074 977 1218 1008 Interim
1242 978 1283 1009 P.
1307 977 1424 1010 Attius
1446 981 1570 1020 Varus,

864 1028 921 1068 qui
942 1031 1058 1067 praetor
1085 1026 1236 1058 Africam
1264 1027 1472 1069 obtinuerat,
1495 1031 1570 1062 Uti-

865 1089 939 1110 cam
954 1079 1069 1110 venit.'
1104 1080 1249 1111 Veteres
1267 1085 1380 1112 autem
1399 1081 1482 1111 editi
1501 1081 1571 1112 vul-

865 1133 978 1168 gatam
1014 1128 1218 1168 scripturam
1251 1129 1413 1159 retinent.
1458 1129 1572 1161 Datis.

866 1178 939 1208 Mei
958 1187 1071 1208 omnes
1097 1177 1287 1217 elegantius
1306 1178 1479 1218 vulgatum
1503 1188 1573 1210 ser-

864 1233 957 1267 vant,
975 1229 1057 1260 trita
1074 1229 1258 1268 locutione,
1274 1239 1350 1269 quae
1373 1229 1499 1269 passim
1517 1238 1572 1261 oc-

864 1278 970 1308 currit
994 1278 1083 1317 apud
1108 1287 1224 1309 omnes
1245 1279 1437 1310 historicos.
1464 1280 1504 1311 V.
1529 1279 1571 1310 ad

865 1330 962 1358 (nm.
987 1328 997 1344 ‘
1014 1336 1056 1357 ex
1074 1328 1182 1368 primo
1198 1329 1364 1360 hastatoz'
1390 1330 1399 1346 ‘
1418 1340 1460 1359 ex
1486 1339 1573 1370 prae-

865 1377 989 1408 donum
1003 1377 1092 1408 bello
1104 1377 1123 1408 :'
1142 1378 1174 1408 id
1192 1383 1255 1418 est,
1271 1383 1368 1418 post:
1387 1380 1426 1409 B.
1442 1380 1515 1410 Civ.
1530 1387 1571 1411 11.

865 1429 917 1457 23.

911 1480 950 1507 10
983 1478 1060 1507 Cum
1074 1478 1217 1519 navibus]
1249 1479 1333 1510 Mss.
1350 1480 1428 1510 Urs.
1447 1479 1573 1511 Petav.

868 1527 987 1567 Cujac.
1004 1527 1078 1559 Pal.
1093 1527 1180 1559 Scal.
1196 1529 1277 1559 Lov.
1296 1529 1392 1560 Leid.
1412 1539 1464 1570 pr.
1476 1530 1573 1560 Voss.

866 1578 1000 1610 Dorvil.
1011 1588 1078 1609 non
1094 1585 1282 1619 agnoscunt
1297 1579 1335 1610 τὸ
1350 1591 1429 1612 cum.
1458 1581 1573 1612 Nihilo

867 1631 978 1661 minus
994 1639 1060 1661 non
1082 1639 1181 1661 ausus
1204 1630 1278 1662 sere
1302 1640 1409 1662 essem
1435 1631 1577 1672 proscri-

868 1680 950 1711 bere
977 1681 1062 1711 hanc
1090 1681 1306 1721 particulam,
1329 1691 1464 1722 gnarus,
1500 1682 1574 1713 Cae-

867 1740 976 1762 sarem
992 1731 1178 1772 saepissime
1202 1741 1276 1762 eam
1300 1732 1410 1763 solere
1433 1731 1574 1763 addere.

867 1781 934 1812 Sed
947 1786 1059 1813 tamen
1072 1786 1182 1813 motus
1194 1782 1356 1814 Codicum
1368 1783 1574 1814 auctoritate

869 1836 905 1862 et
930 1831 1003 1862 aliis
1031 1833 1198 1872 exemplis
1222 1843 1296 1864 eam
1322 1843 1396 1864 cum
1422 1833 1576 1864 Grutero

869 1883 994 1923 ejicere
1011 1884 1134 1923 malim,
1151 1884 1230 1915 licet
1250 1888 1370 1916 contra
1387 1885 1482 1916 Leid.
1507 1895 1576 1917 sec.

869 1934 1000 1964 auctius
1026 1933 1151 1966 habeat
1179 1946 1248 1966 cnm
1277 1935 1394 1966 duabus
1421 1935 1574 1967 navibus.

870 1993 899 2014 c.
917 1986 968 2014 36.
1003 1984 1012 2000 ‘
1032 1984 1204 2015 Domitius
1228 1985 1369 2016 navibus
1387 1985 1576 2017 Massiliam

869 2033 1048 2073 pervenit.’
1084 2033 1185 2064 Adde
1201 2044 1240 2066 11.
1263 2038 1315 2066 23.
1333 2042 1369 2067 et
1384 2039 1436 2067 24.
1454 2036 1575 2067 eadem

870 2083 1036 2123 confusio,
1064 2084 1241 2116 ‘Marcum
1274 2086 1411 2117 Uticam
1434 2086 1577 2117 navibus

870 2134 1074 2174 praemittit.'
1118 2135 1172 2166 Ibi
1201 2146 1270 2167 cum
1293 2147 1360 2167 nav.
1384 2137 1434 2168 uti
1464 2142 1519 2169 est
1542 2138 1577 2169 in

871 2185 952 2216 Mss.
966 2187 997 2216 2.
1015 2184 1158 2226 praefert
1175 2187 1294 2218 Davis.

914 2238 952 2266 11
983 2236 1148 2277 Exponere
1179 2238 1210 2267 in
1237 2239 1338 2279 terra]
1400 2239 1457 2270 Sic
1489 2240 1576 2271 Mss.

871 2287 956 2327 Reg.
974 2287 1101 2318 Eliens.
1119 2292 1155 2318 et
1164 2288 1287 2319 Vossii.
1316 2289 1404 2320 Vide
1417 2299 1520 2329 supra
1533 2289 1577 2320 ad

871 2345 922 2367 lv.
951 2340 1001 2369 12.
1024 2337 1081 2369 ΑΙ.
1114 2339 1123 2355 ‘
1141 2338 1175 2368 in
1199 2339 1347 2370 terram.’
1390 2340 1498 2370 Clark.
1537 2340 1577 2370 In

871 2390 955 2418 terr-u
969 2391 1021 2418 est
1039 2389 1139 2418 etiam
1162 2390 1195 2419 iu
1213 2390 1341 2421 Lovan.
1359 2395 1395 2421 et
1412 2391 1504 2421 Leid.
1522 2400 1576 2431 pr.

871 2439 1056 2470 mutatione
1075 2439 1239 2471 sollemni.
1255 2440 1405 2471 Frontiu.
1424 2449 1463 2471 11.
1477 2445 1507 2471 5.
1522 2443 1576 2472 44.

870 2489 879 2505 ⁴
897 2489 1068 2528 Expositis
1085 2490 1117 2520 in
1135 2494 1262 2521 terram
1279 2491 1440 2522 militibus
1453 2494 1472 2521 :’
1492 2500 1575 2521 uuus

871 2539 880 2556 ‘
898 2539 931 2569 in
946 2539 1060 2570 terra.'
1077 2541 1170 2571 Hirt.
1186 2541 1228 2571 de
1244 2542 1342 2572 Bello
1359 2541 1460 2572 Alex.
1477 2551 1507 2571 c.
1522 2543 1574 2571 10.

873 2590 1051 2630 ‘Remiges
1076 2591 1109 2620 in
1133 2596 1257 2622 terram
1279 2591 1513 2631 exposuisset‚’
1539 2594 1577 2621 ut

874 2641 956 2671 Mss.
970 2646 1168 2672 constanter
1180 2643 1317 2681 habeut,
1333 2649 1368 2672 et
1383 2642 1455 2681 ipse
1467 2640 1579 2672 edidit

874 2691 1037 2722 ClarkiuS.
1067 2691 1168 2733 Apud
1182 2693 1309 2724 sustin.
1327 2699 1433 2722 xvut.
1451 2694 1481 2721 1.
1499 2692 1577 2721 ‘ex-

873 2751 998 2782 ponere
1014 2742 1048 2773 in
1072 2743 1197 2784 portu!
1220 2751 1312 2773 xxu.
1328 2745 1359 2772 5.
1384 2745 1419 2771 et
1434 2741 1574 2771 Sueton.

874 2792 961 2823 Caes.
976 2794 1009 2825 4.
1032 2794 1042 2810 ‘
1056 2792 1091 2826 iu
1111 2792 1234 2824 litore!
1266 2791 1334 2824 Sed
1349 2791 1396 2823 ibi
1411 2790 1514 2833 magis
1529 2791 1576 2826 Lo-
