<?xml version="1.0" encoding="UTF-8"?>
<!DOCTYPE html PUBLIC "-//W3C//DTD XHTML 1.0 Transitional//EN"
    "http://www.w3.org/TR/xhtml1/DTD/xhtml1-transitional.dtd">
<html xmlns="http://www.w3.org/1999/xhtml" xml:lang="en" lang="en">
 <head>
  <title>
</title>
<meta http-equiv="Content-Type" content="text/html;charset=utf-8" />
  <meta name='ocr-system' content='tesseract 3.04.00' />
  <meta name='ocr-capabilities' content='ocr_page ocr_carea ocr_par ocr_line ocrx_word'/>
</head>
<body>
  <div class='ocr_page' id='page_1' title='image "./operaomniaexedit03caesuoft/operaomniaexedit03caesuoft_0151.png"; bbox 0 0 1818 3131; ppageno 0'>
   <div class='ocr_carea' id='block_1_1' title="bbox 312 192 1299 237">
    <p class='ocr_par' dir='ltr' id='par_1_1' title="bbox 312 192 1299 237">
     <span class='ocr_line' id='line_1_1' title="bbox 312 192 1299 237; baseline 0.003 -4"><span class='ocrx_word' id='word_1_1' title='bbox 312 204 405 234; x_wconf 77' lang='lat' dir='ltr'>mn.</span> <span class='ocrx_word' id='word_1_2' title='bbox 439 203 505 234; x_wconf 86' lang='grc' dir='ltr'>ιν.</span> <span class='ocrx_word' id='word_1_3' title='bbox 542 201 648 233; x_wconf 74' lang='grc' dir='ltr'><strong>οΑΡ.</strong></span> <span class='ocrx_word' id='word_1_4' title='bbox 680 192 752 233; x_wconf 84' lang='grc'>34.</span> <span class='ocrx_word' id='word_1_5' title='bbox 787 204 849 234; x_wconf 84' lang='lat' dir='ltr'>DE</span> <span class='ocrx_word' id='word_1_6' title='bbox 883 205 1038 236; x_wconf 60' lang='lat' dir='ltr'>nunno</span> <span class='ocrx_word' id='word_1_7' title='bbox 1071 206 1299 237; x_wconf 69' lang='lat' dir='ltr'>cAmeo.</span> 
     </span>
    </p>
   </div>
   <div class='ocr_carea' id='block_1_2' title="bbox 41 295 782 2788">
    <p class='ocr_par' dir='ltr' id='par_1_2' title="bbox 41 295 782 1081">
     <span class='ocr_line' id='line_1_2' title="bbox 83 295 780 336; baseline -0.003 -8"><span class='ocrx_word' id='word_1_8' title='bbox 83 296 237 328; x_wconf 59' lang='lat' dir='ltr'>martium</span> <span class='ocrx_word' id='word_1_9' title='bbox 263 305 314 328; x_wconf 80' lang='lat' dir='ltr'>xv.</span> <span class='ocrx_word' id='word_1_10' title='bbox 341 301 372 328; x_wconf 76' lang='lat'>5.</span> <span class='ocrx_word' id='word_1_11' title='bbox 399 299 450 328; x_wconf 88' lang='lat'>18.</span> <span class='ocrx_word' id='word_1_12' title='bbox 494 295 722 336; x_wconf 81' lang='lat' dir='ltr'><strong>Amphoterus</strong></span> <span class='ocrx_word' id='word_1_13' title='bbox 745 301 780 327; x_wconf 87' lang='lat' dir='ltr'>et</span> 
     </span>
     <span class='ocr_line' id='line_1_3' title="bbox 83 346 779 387; baseline -0.003 -10"><span class='ocrx_word' id='word_1_14' title='bbox 83 346 300 387; x_wconf 75' lang='lat' dir='ltr'><strong>Hegelochus</strong></span> <span class='ocrx_word' id='word_1_15' title='bbox 324 356 395 377; x_wconf 64' lang='lat' dir='ltr'>mins</span> <span class='ocrx_word' id='word_1_16' title='bbox 417 346 517 386; x_wconf 72' lang='lat' dir='ltr'>copias</span> <span class='ocrx_word' id='word_1_17' title='bbox 541 350 677 384; x_wconf 85' lang='lat' dir='ltr'>vocant,</span> <span class='ocrx_word' id='word_1_18' title='bbox 703 356 779 386; x_wconf 79' lang='lat' dir='ltr'>quae</span> 
     </span>
     <span class='ocr_line' id='line_1_4' title="bbox 81 396 781 428; baseline 0 -2"><span class='ocrx_word' id='word_1_19' title='bbox 81 406 196 428; x_wconf 82' lang='lat' dir='ltr'>eorum</span> <span class='ocrx_word' id='word_1_20' title='bbox 210 397 288 428; x_wconf 78' lang='lat' dir='ltr'>fidei</span> <span class='ocrx_word' id='word_1_21' title='bbox 305 402 398 427; x_wconf 83' lang='lat' dir='ltr'>eraut</span> <span class='ocrx_word' id='word_1_22' title='bbox 423 396 621 426; x_wconf 65' lang='lat' dir='ltr'>commissae.</span> <span class='ocrx_word' id='word_1_23' title='bbox 670 396 781 426; x_wconf 67' lang='lat' dir='ltr'>Dacis.</span> 
     </span>
     <span class='ocr_line' id='line_1_5' title="bbox 82 446 780 478; baseline 0 -1"><span class='ocrx_word' id='word_1_24' title='bbox 82 447 215 478; x_wconf 82' lang='lat' dir='ltr'>Hirtius</span> <span class='ocrx_word' id='word_1_25' title='bbox 242 449 279 478; x_wconf 84' lang='grc' dir='ltr'>Β.</span> <span class='ocrx_word' id='word_1_26' title='bbox 297 447 340 478; x_wconf 87' lang='lat' dir='ltr'>G.</span> <span class='ocrx_word' id='word_1_27' title='bbox 367 454 445 476; x_wconf 79' lang='lat' dir='ltr'>vni.</span> <span class='ocrx_word' id='word_1_28' title='bbox 462 449 515 476; x_wconf 84' lang='lat'>21.</span> <span class='ocrx_word' id='word_1_29' title='bbox 537 446 546 463; x_wconf 79' lang='lat'><strong><em>⁴</em></strong></span> <span class='ocrx_word' id='word_1_30' title='bbox 563 447 649 478; x_wconf 80' lang='lat' dir='ltr'>Quae</span> <span class='ocrx_word' id='word_1_31' title='bbox 671 447 780 477; x_wconf 63' lang='lat' dir='ltr'>Bello-</span> 
     </span>
     <span class='ocr_line' id='line_1_6' title="bbox 80 495 779 536; baseline 0 -10"><span class='ocrx_word' id='word_1_32' title='bbox 80 506 238 528; x_wconf 76' lang='lat' dir='ltr'>vacorum</span> <span class='ocrx_word' id='word_1_33' title='bbox 286 495 548 536; x_wconf 70' lang='lat' dir='ltr'>speculabantur</span> <span class='ocrx_word' id='word_1_34' title='bbox 598 495 779 526; x_wconf 63' lang='lat' dir='ltr'>eventurn!</span> 
     </span>
     <span class='ocr_line' id='line_1_7' title="bbox 80 545 778 578; baseline -0.006 0"><span class='ocrx_word' id='word_1_35' title='bbox 80 546 240 578; x_wconf 82' lang='lat' dir='ltr'>Similiter</span> <span class='ocrx_word' id='word_1_36' title='bbox 278 546 388 576; x_wconf 81' lang='lat' dir='ltr'>Livius</span> <span class='ocrx_word' id='word_1_37' title='bbox 427 554 491 576; x_wconf 83' lang='lat' dir='ltr'>vu.</span> <span class='ocrx_word' id='word_1_38' title='bbox 527 548 559 576; x_wconf 77' lang='lat'>9.</span> <span class='ocrx_word' id='word_1_39' title='bbox 590 546 599 562; x_wconf 89' lang='lat'>‘</span> <span class='ocrx_word' id='word_1_40' title='bbox 627 545 778 576; x_wconf 82' lang='lat' dir='ltr'>Duorum</span> 
     </span>
     <span class='ocr_line' id='line_1_8' title="bbox 80 595 779 627; baseline -0.003 0"><span class='ocrx_word' id='word_1_41' title='bbox 80 595 246 627; x_wconf 85' lang='lat' dir='ltr'>eventum&#39;</span> <span class='ocrx_word' id='word_1_42' title='bbox 270 595 367 626; x_wconf 84' lang='lat' dir='ltr'>dixit.</span> <span class='ocrx_word' id='word_1_43' title='bbox 423 596 518 627; x_wconf 86' lang='lat' dir='ltr'>Idem</span> <span class='ocrx_word' id='word_1_44' title='bbox 556 603 688 626; x_wconf 83' lang='lat' dir='ltr'>xxxnr.</span> <span class='ocrx_word' id='word_1_45' title='bbox 726 598 779 625; x_wconf 83' lang='grc'>48.</span> 
     </span>
     <span class='ocr_line' id='line_1_9' title="bbox 80 643 781 683; baseline 0 -8"><span class='ocrx_word' id='word_1_46' title='bbox 80 647 89 661; x_wconf 85' lang='lat'>‘</span> <span class='ocrx_word' id='word_1_47' title='bbox 108 644 163 675; x_wconf 78' lang='lat' dir='ltr'>Ita</span> <span class='ocrx_word' id='word_1_48' title='bbox 188 643 309 675; x_wconf 69' lang='lat' dir='ltr'>Africa</span> <span class='ocrx_word' id='word_1_49' title='bbox 339 645 508 676; x_wconf 84' lang='lat' dir='ltr'>Hannibal</span> <span class='ocrx_word' id='word_1_50' title='bbox 535 646 693 683; x_wconf 78' lang='lat' dir='ltr'>excessit,</span> <span class='ocrx_word' id='word_1_51' title='bbox 721 656 781 675; x_wconf 70' lang='lat' dir='ltr'>sm-</span> 
     </span>
     <span class='ocr_line' id='line_1_10' title="bbox 41 694 781 735; baseline 0.003 -11"><span class='ocrx_word' id='word_1_52' title='bbox 41 703 48 707; x_wconf 55' lang='lat'><em>*</em></span> <span class='ocrx_word' id='word_1_53' title='bbox 80 694 154 733; x_wconf 80' lang='lat' dir='ltr'>pius</span> <span class='ocrx_word' id='word_1_54' title='bbox 180 695 313 734; x_wconf 67' lang='lat' dir='ltr'>patri-«v,</span> <span class='ocrx_word' id='word_1_55' title='bbox 353 705 452 735; x_wconf 88' lang='lat' dir='ltr'>quam</span> <span class='ocrx_word' id='word_1_56' title='bbox 481 706 615 726; x_wconf 91' lang='lat' dir='ltr'>suorum</span> <span class='ocrx_word' id='word_1_57' title='bbox 641 702 781 726; x_wconf 77' lang='lat' dir='ltr'>eventus</span> 
     </span>
     <span class='ocr_line' id='line_1_11' title="bbox 77 745 782 778; baseline 0 -2"><span class='ocrx_word' id='word_1_58' title='bbox 77 745 275 776; x_wconf 63' lang='lat' dir='ltr'>miseratus!</span> <span class='ocrx_word' id='word_1_59' title='bbox 321 746 372 776; x_wconf 87' lang='lat' dir='ltr'>Ibi</span> <span class='ocrx_word' id='word_1_60' title='bbox 395 746 429 777; x_wconf 89' lang='lat' dir='ltr'>J.</span> <span class='ocrx_word' id='word_1_61' title='bbox 450 747 506 777; x_wconf 87' lang='lat' dir='ltr'>Fr.</span> <span class='ocrx_word' id='word_1_62' title='bbox 525 746 716 778; x_wconf 84' lang='lat' dir='ltr'>Gronovius</span> <span class='ocrx_word' id='word_1_63' title='bbox 734 755 782 776; x_wconf 87' lang='lat' dir='ltr'>re-</span> 
     </span>
     <span class='ocr_line' id='line_1_12' title="bbox 78 794 782 835; baseline 0.001 -10"><span class='ocrx_word' id='word_1_64' title='bbox 78 794 173 835; x_wconf 87' lang='lat' dir='ltr'>ponit</span> <span class='ocrx_word' id='word_1_65' title='bbox 195 805 264 825; x_wconf 74' lang='lat' dir='ltr'>saos</span> <span class='ocrx_word' id='word_1_66' title='bbox 288 798 410 826; x_wconf 71' lang='lat' dir='ltr'>eventus</span> <span class='ocrx_word' id='word_1_67' title='bbox 423 806 433 826; x_wconf 90' lang='lat'>.·</span> <span class='ocrx_word' id='word_1_68' title='bbox 465 796 576 826; x_wconf 83' lang='lat' dir='ltr'>malim</span> <span class='ocrx_word' id='word_1_69' title='bbox 593 806 718 826; x_wconf 80' lang='lat' dir='ltr'>suarum</span> <span class='ocrx_word' id='word_1_70' title='bbox 734 806 782 826; x_wconf 80' lang='lat' dir='ltr'>re-</span> 
     </span>
     <span class='ocr_line' id='line_1_13' title="bbox 78 846 781 886; baseline 0 -10"><span class='ocrx_word' id='word_1_71' title='bbox 78 855 147 876; x_wconf 78' lang='lat' dir='ltr'>ram</span> <span class='ocrx_word' id='word_1_72' title='bbox 176 850 311 882; x_wconf 68' lang='lat' dir='ltr'>eventus,</span> <span class='ocrx_word' id='word_1_73' title='bbox 335 846 422 886; x_wconf 77' lang='lat' dir='ltr'>quod</span> <span class='ocrx_word' id='word_1_74' title='bbox 449 847 615 877; x_wconf 78' lang='lat' dir='ltr'>Mstoruui</span> <span class='ocrx_word' id='word_1_75' title='bbox 644 846 781 877; x_wconf 85' lang='lat' dir='ltr'>lectioni</span> 
     </span>
     <span class='ocr_line' id='line_1_14' title="bbox 80 895 781 935; baseline 0.001 -10"><span class='ocrx_word' id='word_1_76' title='bbox 80 895 218 935; x_wconf 85' lang='lat' dir='ltr'>propius</span> <span class='ocrx_word' id='word_1_77' title='bbox 256 896 403 927; x_wconf 82' lang='lat' dir='ltr'>accedit.</span> <span class='ocrx_word' id='word_1_78' title='bbox 471 896 571 935; x_wconf 80' lang='lat' dir='ltr'>Idem,</span> <span class='ocrx_word' id='word_1_79' title='bbox 605 905 677 926; x_wconf 89' lang='lat' dir='ltr'>cur.</span> <span class='ocrx_word' id='word_1_80' title='bbox 714 906 781 927; x_wconf 81' lang='lat' dir='ltr'>sec.</span> 
     </span>
     <span class='ocr_line' id='line_1_15' title="bbox 78 946 781 980; baseline 0.004 -3"><span class='ocrx_word' id='word_1_81' title='bbox 78 950 87 963; x_wconf 92' lang='lat'><em>‘</em></span> <span class='ocrx_word' id='word_1_82' title='bbox 105 947 215 978; x_wconf 79' lang='lat' dir='ltr'>exitus</span> <span class='ocrx_word' id='word_1_83' title='bbox 231 946 454 979; x_wconf 82' lang='lat' dir='ltr'>fortunarum&#39;</span> <span class='ocrx_word' id='word_1_84' title='bbox 481 957 544 980; x_wconf 87' lang='lat' dir='ltr'>vn.</span> <span class='ocrx_word' id='word_1_85' title='bbox 568 952 620 979; x_wconf 86' lang='grc'>77.</span> <span class='ocrx_word' id='word_1_86' title='bbox 675 949 781 980; x_wconf 91' lang='lat' dir='ltr'>Immo</span> 
     </span>
     <span class='ocr_line' id='line_1_16' title="bbox 78 997 782 1031; baseline 0.001 -2"><span class='ocrx_word' id='word_1_87' title='bbox 78 997 119 1029; x_wconf 86' lang='lat' dir='ltr'>B.</span> <span class='ocrx_word' id='word_1_88' title='bbox 137 997 210 1028; x_wconf 89' lang='lat' dir='ltr'>civ.</span> <span class='ocrx_word' id='word_1_89' title='bbox 235 1006 275 1028; x_wconf 87' lang='lat'>11.</span> <span class='ocrx_word' id='word_1_90' title='bbox 303 1002 333 1028; x_wconf 92' lang='lat'>5.</span> <span class='ocrx_word' id='word_1_91' title='bbox 355 999 364 1014; x_wconf 86' lang='lat'>‘</span> <span class='ocrx_word' id='word_1_92' title='bbox 383 1008 518 1029; x_wconf 84' lang='lat' dir='ltr'>suarum</span> <span class='ocrx_word' id='word_1_93' title='bbox 544 1000 692 1030; x_wconf 90' lang='lat' dir='ltr'>omnium</span> <span class='ocrx_word' id='word_1_94' title='bbox 717 999 782 1031; x_wconf 87' lang='lat' dir='ltr'>for-</span> 
     </span>
     <span class='ocr_line' id='line_1_17' title="bbox 79 1048 508 1081; baseline 0.007 -4"><span class='ocrx_word' id='word_1_95' title='bbox 79 1052 234 1078; x_wconf 85' lang='lat' dir='ltr'>tunarum</span> <span class='ocrx_word' id='word_1_96' title='bbox 252 1048 424 1079; x_wconf 89' lang='lat' dir='ltr'>eventum’</span> <span class='ocrx_word' id='word_1_97' title='bbox 449 1049 508 1081; x_wconf 79' lang='lat' dir='ltr'>ait.</span> 
     </span>
    </p>

    <p class='ocr_par' dir='ltr' id='par_1_3' title="bbox 76 1098 781 1382">
     <span class='ocr_line' id='line_1_18' title="bbox 119 1098 781 1139; baseline 0.005 -11"><span class='ocrx_word' id='word_1_98' title='bbox 119 1105 238 1128; x_wconf 81' lang='lat' dir='ltr'>xxxn.</span> <span class='ocrx_word' id='word_1_99' title='bbox 263 1100 281 1128; x_wconf 84' lang='lat'>3</span> <span class='ocrx_word' id='word_1_100' title='bbox 319 1098 402 1128; x_wconf 76' lang='lat' dir='ltr'>Pars</span> <span class='ocrx_word' id='word_1_101' title='bbox 416 1098 571 1129; x_wconf 79' lang='lat' dir='ltr'>hominum</span> <span class='ocrx_word' id='word_1_102' title='bbox 586 1100 619 1130; x_wconf 86' lang='lat' dir='ltr'>in</span> <span class='ocrx_word' id='word_1_103' title='bbox 634 1101 721 1139; x_wconf 76' lang='lat' dir='ltr'>agris</span> <span class='ocrx_word' id='word_1_104' title='bbox 736 1111 781 1131; x_wconf 84' lang='lat' dir='ltr'>re-</span> 
     </span>
     <span class='ocr_line' id='line_1_19' title="bbox 76 1147 779 1189; baseline 0.003 -11"><span class='ocrx_word' id='word_1_105' title='bbox 76 1147 228 1187; x_wconf 82' lang='lat' dir='ltr'>maneret]</span> <span class='ocrx_word' id='word_1_106' title='bbox 257 1147 332 1178; x_wconf 91' lang='lat' dir='ltr'>Non</span> <span class='ocrx_word' id='word_1_107' title='bbox 350 1148 514 1178; x_wconf 84' lang='lat' dir='ltr'>Romanos</span> <span class='ocrx_word' id='word_1_108' title='bbox 532 1147 704 1189; x_wconf 84' lang='lat' dir='ltr'>iutelligit,</span> <span class='ocrx_word' id='word_1_109' title='bbox 721 1150 779 1182; x_wconf 85' lang='lat' dir='ltr'>sed</span> 
     </span>
     <span class='ocr_line' id='line_1_20' title="bbox 77 1197 779 1238; baseline 0.004 -11"><span class='ocrx_word' id='word_1_110' title='bbox 77 1197 270 1228; x_wconf 83' lang='lat' dir='ltr'>Britannos.</span> <span class='ocrx_word' id='word_1_111' title='bbox 317 1197 496 1237; x_wconf 82' lang='lat' dir='ltr'>Expressit</span> <span class='ocrx_word' id='word_1_112' title='bbox 513 1198 779 1238; x_wconf 87' lang='lat' dir='ltr'>Metaphrastes,</span> 
     </span>
     <span class='ocr_line' id='line_1_21' title="bbox 76 1246 781 1289; baseline 0.003 -10"><span class='ocrx_word' id='word_1_113' title='bbox 76 1248 133 1289; x_wconf 83' lang='lat' dir='ltr'>qui</span> <span class='ocrx_word' id='word_1_114' title='bbox 151 1248 254 1279; x_wconf 84' lang='lat' dir='ltr'>habet</span> <span class='ocrx_word' id='word_1_115' title='bbox 277 1246 384 1289; x_wconf 78' lang='grc' dir='ltr'>μέρους</span> <span class='ocrx_word' id='word_1_116' title='bbox 399 1250 461 1279; x_wconf 81' lang='grc' dir='ltr'>τῶν</span> <span class='ocrx_word' id='word_1_117' title='bbox 483 1251 658 1288; x_wconf 82' lang='grc' dir='ltr'>Βρεταννῶν</span> <span class='ocrx_word' id='word_1_118' title='bbox 681 1249 726 1281; x_wconf 83' lang='grc' dir='ltr'>ἔτι</span> <span class='ocrx_word' id='word_1_119' title='bbox 747 1251 781 1281; x_wconf 84' lang='grc' dir='ltr'>ἐν</span> 
     </span>
     <span class='ocr_line' id='line_1_22' title="bbox 76 1299 779 1340; baseline 0.004 -11"><span class='ocrx_word' id='word_1_120' title='bbox 76 1299 140 1330; x_wconf 79' lang='grc' dir='ltr'><strong><em>τοῖς</em></strong></span> <span class='ocrx_word' id='word_1_121' title='bbox 159 1299 264 1339; x_wconf 73' lang='grc' dir='ltr'>ἀγροῖς</span> <span class='ocrx_word' id='word_1_122' title='bbox 283 1299 446 1338; x_wconf 76' lang='grc' dir='ltr'>μενόντων,</span> <span class='ocrx_word' id='word_1_123' title='bbox 462 1309 527 1340; x_wconf 90' lang='lat' dir='ltr'>quo</span> <span class='ocrx_word' id='word_1_124' title='bbox 543 1300 644 1332; x_wconf 90' lang='lat' dir='ltr'>modo</span> <span class='ocrx_word' id='word_1_125' title='bbox 661 1301 779 1332; x_wconf 90' lang='lat' dir='ltr'>diluci-</span> 
     </span>
     <span class='ocr_line' id='line_1_23' title="bbox 76 1348 779 1382; baseline 0.003 -3"><span class='ocrx_word' id='word_1_126' title='bbox 76 1348 152 1380; x_wconf 83' lang='lat' dir='ltr'>dior</span> <span class='ocrx_word' id='word_1_127' title='bbox 166 1350 272 1380; x_wconf 88' lang='lat' dir='ltr'>multo</span> <span class='ocrx_word' id='word_1_128' title='bbox 285 1355 320 1380; x_wconf 90' lang='lat' dir='ltr'>et</span> <span class='ocrx_word' id='word_1_129' title='bbox 335 1350 456 1380; x_wconf 89' lang='lat' dir='ltr'>clarior</span> <span class='ocrx_word' id='word_1_130' title='bbox 469 1354 521 1380; x_wconf 87' lang='lat' dir='ltr'>est</span> <span class='ocrx_word' id='word_1_131' title='bbox 532 1350 652 1382; x_wconf 88' lang='lat' dir='ltr'>oratio.</span> <span class='ocrx_word' id='word_1_132' title='bbox 669 1351 779 1381; x_wconf 74' lang='lat' dir='ltr'>Dacis.</span> 
     </span>
    </p>

    <p class='ocr_par' dir='ltr' id='par_1_4' title="bbox 76 1399 781 2091">
     <span class='ocr_line' id='line_1_24' title="bbox 121 1399 779 1440; baseline 0.005 -11"><span class='ocrx_word' id='word_1_133' title='bbox 121 1402 162 1430; x_wconf 87' lang='lat'>10</span> <span class='ocrx_word' id='word_1_134' title='bbox 178 1399 268 1430; x_wconf 80' lang='lat' dir='ltr'>Duas</span> <span class='ocrx_word' id='word_1_135' title='bbox 281 1399 314 1430; x_wconf 78' lang='lat' dir='ltr'>in</span> <span class='ocrx_word' id='word_1_136' title='bbox 331 1400 496 1430; x_wconf 75' lang='lat' dir='ltr'>stationem</span> <span class='ocrx_word' id='word_1_137' title='bbox 510 1400 683 1440; x_wconf 77' lang='lat' dir='ltr'><strong><em>succedere]</em></strong></span> <span class='ocrx_word' id='word_1_138' title='bbox 696 1401 779 1432; x_wconf 88' lang='lat' dir='ltr'>Mss.</span> 
     </span>
     <span class='ocr_line' id='line_1_25' title="bbox 79 1449 780 1489; baseline 0.001 -10"><span class='ocrx_word' id='word_1_139' title='bbox 79 1457 194 1479; x_wconf 91' lang='lat' dir='ltr'>omues</span> <span class='ocrx_word' id='word_1_140' title='bbox 207 1455 273 1479; x_wconf 84' lang='lat' dir='ltr'>tam</span> <span class='ocrx_word' id='word_1_141' title='bbox 291 1449 443 1488; x_wconf 86' lang='lat' dir='ltr'>aliorum,</span> <span class='ocrx_word' id='word_1_142' title='bbox 456 1459 554 1489; x_wconf 87' lang='lat' dir='ltr'>quam</span> <span class='ocrx_word' id='word_1_143' title='bbox 570 1450 633 1480; x_wconf 87' lang='lat' dir='ltr'>mei</span> <span class='ocrx_word' id='word_1_144' title='bbox 647 1456 681 1480; x_wconf 89' lang='lat' dir='ltr'>et</span> <span class='ocrx_word' id='word_1_145' title='bbox 695 1450 780 1481; x_wconf 85' lang='lat' dir='ltr'>Edd.</span> 
     </span>
     <span class='ocr_line' id='line_1_26' title="bbox 77 1497 780 1539; baseline 0.001 -11"><span class='ocrx_word' id='word_1_146' title='bbox 77 1507 182 1539; x_wconf 84' lang='lat' dir='ltr'>usque</span> <span class='ocrx_word' id='word_1_147' title='bbox 208 1497 250 1528; x_wconf 88' lang='lat' dir='ltr'>ad</span> <span class='ocrx_word' id='word_1_148' title='bbox 278 1498 526 1537; x_wconf 87' lang='lat' dir='ltr'>Scaligeranam</span> <span class='ocrx_word' id='word_1_149' title='bbox 543 1500 621 1529; x_wconf 81' lang='lat' dir='ltr'>duas</span> <span class='ocrx_word' id='word_1_150' title='bbox 645 1509 684 1530; x_wconf 80' lang='lat' dir='ltr'>ex</span> <span class='ocrx_word' id='word_1_151' title='bbox 709 1500 780 1529; x_wconf 78' lang='lat' dir='ltr'>reli-</span> 
     </span>
     <span class='ocr_line' id='line_1_27' title="bbox 77 1548 781 1588; baseline 0.001 -10"><span class='ocrx_word' id='word_1_152' title='bbox 77 1548 157 1588; x_wconf 74' lang='lat' dir='ltr'>quis,</span> <span class='ocrx_word' id='word_1_153' title='bbox 171 1548 224 1578; x_wconf 89' lang='lat' dir='ltr'>vel</span> <span class='ocrx_word' id='word_1_154' title='bbox 239 1557 278 1578; x_wconf 71' lang='lat' dir='ltr'>esc</span> <span class='ocrx_word' id='word_1_155' title='bbox 294 1549 350 1578; x_wconf 79' lang='lat' dir='ltr'>rel.</span> <span class='ocrx_word' id='word_1_156' title='bbox 367 1548 464 1584; x_wconf 65' lang='grc' dir='ltr'>ἄνεω,-</span> <span class='ocrx_word' id='word_1_157' title='bbox 487 1557 569 1588; x_wconf 88' lang='lat' dir='ltr'>quas</span> <span class='ocrx_word' id='word_1_158' title='bbox 586 1557 686 1579; x_wconf 87' lang='lat' dir='ltr'>voces</span> <span class='ocrx_word' id='word_1_159' title='bbox 704 1558 781 1579; x_wconf 89' lang='lat' dir='ltr'>con-</span> 
     </span>
     <span class='ocr_line' id='line_1_28' title="bbox 78 1598 780 1638; baseline 0 -9"><span class='ocrx_word' id='word_1_160' title='bbox 78 1603 132 1629; x_wconf 82' lang='lat' dir='ltr'>tra</span> <span class='ocrx_word' id='word_1_161' title='bbox 148 1598 428 1638; x_wconf 81' lang='lat' dir='ltr'>perspicuitatem</span> <span class='ocrx_word' id='word_1_162' title='bbox 445 1598 602 1636; x_wconf 66' lang='lat' dir='ltr'>Caesaris,</span> <span class='ocrx_word' id='word_1_163' title='bbox 623 1598 665 1629; x_wconf 92' lang='lat' dir='ltr'>ob</span> <span class='ocrx_word' id='word_1_164' title='bbox 683 1607 780 1638; x_wconf 86' lang='lat' dir='ltr'>repe-</span> 
     </span>
     <span class='ocr_line' id='line_1_29' title="bbox 78 1647 780 1687; baseline 0.001 -9"><span class='ocrx_word' id='word_1_165' title='bbox 78 1648 233 1679; x_wconf 82' lang='lat' dir='ltr'>titionem</span> <span class='ocrx_word' id='word_1_166' title='bbox 258 1648 348 1678; x_wconf 86' lang='lat' dir='ltr'>vocis</span> <span class='ocrx_word' id='word_1_167' title='bbox 370 1648 503 1687; x_wconf 78' lang='lat' dir='ltr'>reliquas</span> <span class='ocrx_word' id='word_1_168' title='bbox 519 1647 590 1677; x_wconf 78' lang='lat' dir='ltr'>sine</span> <span class='ocrx_word' id='word_1_169' title='bbox 607 1647 720 1687; x_wconf 86' lang='lat' dir='ltr'>dubio,</span> <span class='ocrx_word' id='word_1_170' title='bbox 733 1653 780 1679; x_wconf 91' lang='lat' dir='ltr'>te-</span> 
     </span>
     <span class='ocr_line' id='line_1_30' title="bbox 78 1697 780 1738; baseline -0.001 -9"><span class='ocrx_word' id='word_1_171' title='bbox 78 1706 171 1729; x_wconf 88' lang='lat' dir='ltr'>mere</span> <span class='ocrx_word' id='word_1_172' title='bbox 198 1698 301 1738; x_wconf 89' lang='lat' dir='ltr'>ejecit</span> <span class='ocrx_word' id='word_1_173' title='bbox 328 1698 378 1727; x_wconf 89' lang='lat' dir='ltr'>vir</span> <span class='ocrx_word' id='word_1_174' title='bbox 404 1707 562 1728; x_wconf 83' lang='lat' dir='ltr'>summus.</span> <span class='ocrx_word' id='word_1_175' title='bbox 609 1697 701 1727; x_wconf 88' lang='lat' dir='ltr'>Nihil</span> <span class='ocrx_word' id='word_1_176' title='bbox 717 1697 780 1728; x_wconf 87' lang='lat' dir='ltr'>fre-</span> 
     </span>
     <span class='ocr_line' id='line_1_31' title="bbox 79 1747 779 1789; baseline -0.001 -10"><span class='ocrx_word' id='word_1_177' title='bbox 79 1747 236 1789; x_wconf 86' lang='lat' dir='ltr'>quentius</span> <span class='ocrx_word' id='word_1_178' title='bbox 250 1748 313 1779; x_wconf 86' lang='lat' dir='ltr'>hac</span> <span class='ocrx_word' id='word_1_179' title='bbox 329 1748 426 1788; x_wconf 88' lang='lat' dir='ltr'>copia</span> <span class='ocrx_word' id='word_1_180' title='bbox 449 1747 483 1777; x_wconf 89' lang='lat' dir='ltr'>in</span> <span class='ocrx_word' id='word_1_181' title='bbox 505 1751 619 1777; x_wconf 84' lang='lat' dir='ltr'>nostro</span> <span class='ocrx_word' id='word_1_182' title='bbox 637 1751 779 1778; x_wconf 88' lang='lat' dir='ltr'>auctore</span> 
     </span>
     <span class='ocr_line' id='line_1_32' title="bbox 79 1797 780 1837; baseline -0.001 -8"><span class='ocrx_word' id='word_1_183' title='bbox 79 1797 190 1829; x_wconf 84' lang='lat' dir='ltr'>ubivis</span> <span class='ocrx_word' id='word_1_184' title='bbox 211 1798 371 1829; x_wconf 88' lang='lat' dir='ltr'>occurrit.</span> <span class='ocrx_word' id='word_1_185' title='bbox 417 1798 459 1828; x_wconf 93' lang='lat' dir='ltr'>V.</span> <span class='ocrx_word' id='word_1_186' title='bbox 485 1797 527 1827; x_wconf 94' lang='lat' dir='ltr'>ad</span> <span class='ocrx_word' id='word_1_187' title='bbox 550 1806 573 1827; x_wconf 90' lang='lat'>1.</span> <span class='ocrx_word' id='word_1_188' title='bbox 596 1800 648 1828; x_wconf 73' lang='lat'>44.</span> <span class='ocrx_word' id='word_1_189' title='bbox 677 1807 780 1837; x_wconf 84' lang='lat' dir='ltr'>qnare</span> 
     </span>
     <span class='ocr_line' id='line_1_33' title="bbox 76 1847 779 1887; baseline -0.004 -7"><span class='ocrx_word' id='word_1_190' title='bbox 76 1848 247 1880; x_wconf 83' lang='lat' dir='ltr'>revocavi.</span> <span class='ocrx_word' id='word_1_191' title='bbox 307 1848 415 1878; x_wconf 89' lang='lat' dir='ltr'>Immo</span> <span class='ocrx_word' id='word_1_192' title='bbox 451 1847 655 1878; x_wconf 79' lang='lat' dir='ltr'>addidissem</span> <span class='ocrx_word' id='word_1_193' title='bbox 693 1857 779 1887; x_wconf 83' lang='lat' dir='ltr'>pene</span> 
     </span>
     <span class='ocr_line' id='line_1_34' title="bbox 76 1900 780 1942; baseline 0 -11"><span class='ocrx_word' id='word_1_194' title='bbox 76 1900 236 1937; x_wconf 76' lang='lat' dir='ltr'>cohortes,-</span> <span class='ocrx_word' id='word_1_195' title='bbox 270 1901 359 1942; x_wconf 89' lang='lat' dir='ltr'>quod</span> <span class='ocrx_word' id='word_1_196' title='bbox 381 1900 501 1931; x_wconf 87' lang='lat' dir='ltr'>itidem</span> <span class='ocrx_word' id='word_1_197' title='bbox 527 1904 578 1931; x_wconf 87' lang='lat' dir='ltr'>est</span> <span class='ocrx_word' id='word_1_198' title='bbox 594 1900 627 1930; x_wconf 93' lang='lat' dir='ltr'>in</span> <span class='ocrx_word' id='word_1_199' title='bbox 645 1900 726 1931; x_wconf 86' lang='lat' dir='ltr'>Mss.</span> <span class='ocrx_word' id='word_1_200' title='bbox 744 1905 780 1931; x_wconf 90' lang='lat' dir='ltr'>et</span> 
     </span>
     <span class='ocr_line' id='line_1_35' title="bbox 79 1949 779 1991; baseline -0.001 -10"><span class='ocrx_word' id='word_1_201' title='bbox 79 1949 166 1982; x_wconf 81' lang='lat' dir='ltr'>Edd.</span> <span class='ocrx_word' id='word_1_202' title='bbox 191 1950 316 1991; x_wconf 90' lang='lat' dir='ltr'>primis.</span> <span class='ocrx_word' id='word_1_203' title='bbox 383 1950 449 1981; x_wconf 87' lang='lat' dir='ltr'>Sed</span> <span class='ocrx_word' id='word_1_204' title='bbox 479 1950 694 1981; x_wconf 85' lang='lat' dir='ltr'>inhibuerunt</span> <span class='ocrx_word' id='word_1_205' title='bbox 725 1960 779 1981; x_wconf 88' lang='lat' dir='ltr'>me</span> 
     </span>
     <span class='ocr_line' id='line_1_36' title="bbox 79 1999 780 2040; baseline 0.001 -10"><span class='ocrx_word' id='word_1_206' title='bbox 79 1999 187 2031; x_wconf 85' lang='lat' dir='ltr'>Codd.</span> <span class='ocrx_word' id='word_1_207' title='bbox 211 2000 298 2032; x_wconf 89' lang='lat' dir='ltr'>Scal.</span> <span class='ocrx_word' id='word_1_208' title='bbox 328 1999 423 2031; x_wconf 89' lang='lat' dir='ltr'>Leid.</span> <span class='ocrx_word' id='word_1_209' title='bbox 450 2010 502 2040; x_wconf 85' lang='lat' dir='ltr'>pr.</span> <span class='ocrx_word' id='word_1_210' title='bbox 530 2001 642 2032; x_wconf 85' lang='lat' dir='ltr'>Oxon.</span> <span class='ocrx_word' id='word_1_211' title='bbox 666 2006 702 2032; x_wconf 89' lang='lat' dir='ltr'>et</span> <span class='ocrx_word' id='word_1_212' title='bbox 724 2001 780 2032; x_wconf 89' lang='lat' dir='ltr'>alii</span> 
     </span>
     <span class='ocr_line' id='line_1_37' title="bbox 77 2048 645 2091; baseline 0 -11"><span class='ocrx_word' id='word_1_213' title='bbox 77 2048 200 2087; x_wconf 81' lang='lat' dir='ltr'>forsan,</span> <span class='ocrx_word' id='word_1_214' title='bbox 218 2061 238 2081; x_wconf 85' lang='lat' dir='ltr'>a</span> <span class='ocrx_word' id='word_1_215' title='bbox 252 2050 370 2091; x_wconf 90' lang='lat' dir='ltr'>quibus</span> <span class='ocrx_word' id='word_1_216' title='bbox 386 2050 483 2081; x_wconf 89' lang='lat' dir='ltr'>abest</span> <span class='ocrx_word' id='word_1_217' title='bbox 500 2060 645 2091; x_wconf 84' lang='lat' dir='ltr'>quoque.</span> 
     </span>
    </p>

    <p class='ocr_par' dir='ltr' id='par_1_5' title="bbox 79 2100 779 2388">
     <span class='ocr_line' id='line_1_38' title="bbox 122 2100 778 2140; baseline 0.003 -9"><span class='ocrx_word' id='word_1_218' title='bbox 122 2103 162 2131; x_wconf 87' lang='grc'>18</span> <span class='ocrx_word' id='word_1_219' title='bbox 186 2100 300 2131; x_wconf 75' lang='lat' dir='ltr'>Paucis</span> <span class='ocrx_word' id='word_1_220' title='bbox 313 2100 500 2140; x_wconf 73' lang='lat' dir='ltr'>interfectis]</span> <span class='ocrx_word' id='word_1_221' title='bbox 546 2101 658 2132; x_wconf 82' lang='lat' dir='ltr'>Aliter</span> <span class='ocrx_word' id='word_1_222' title='bbox 685 2102 778 2133; x_wconf 90' lang='lat' dir='ltr'>Dion</span> 
     </span>
     <span class='ocr_line' id='line_1_39' title="bbox 80 2148 779 2191; baseline 0.001 -11"><span class='ocrx_word' id='word_1_223' title='bbox 80 2149 152 2180; x_wconf 76' lang='lat' dir='ltr'>lloec</span> <span class='ocrx_word' id='word_1_224' title='bbox 169 2148 287 2181; x_wconf 77' lang='lat' dir='ltr'>refert.</span> <span class='ocrx_word' id='word_1_225' title='bbox 341 2148 503 2188; x_wconf 78' lang='grc' dir='ltr'>Δεξάμενοι</span> <span class='ocrx_word' id='word_1_226' title='bbox 529 2149 562 2180; x_wconf 81' lang='grc' dir='ltr'>δὲ</span> <span class='ocrx_word' id='word_1_227' title='bbox 588 2151 779 2191; x_wconf 76' lang='grc' dir='ltr'>(Βρεταννοὶ)</span> 
     </span>
     <span class='ocr_line' id='line_1_40' title="bbox 79 2198 779 2240; baseline 0.004 -12"><span class='ocrx_word' id='word_1_228' title='bbox 79 2198 164 2229; x_wconf 76' lang='grc' dir='ltr'>τινὰς</span> <span class='ocrx_word' id='word_1_229' title='bbox 181 2198 220 2229; x_wconf 82' lang='grc' dir='ltr'>ὣς</span> <span class='ocrx_word' id='word_1_230' title='bbox 240 2199 290 2229; x_wconf 79' lang='grc' dir='ltr'>καὶ</span> <span class='ocrx_word' id='word_1_231' title='bbox 315 2199 345 2229; x_wconf 84' lang='grc' dir='ltr'>ἐς</span> <span class='ocrx_word' id='word_1_232' title='bbox 368 2198 474 2237; x_wconf 73' lang='grc' dir='ltr'>φιλίαν</span> <span class='ocrx_word' id='word_1_233' title='bbox 490 2198 592 2238; x_wconf 75' lang='grc' dir='ltr'>χώραν</span> <span class='ocrx_word' id='word_1_234' title='bbox 605 2202 691 2238; x_wconf 86' lang='grc' dir='ltr'>σφῶν</span> <span class='ocrx_word' id='word_1_235' title='bbox 705 2200 779 2240; x_wconf 77' lang='grc' dir='ltr'>πρὸς</span> 
     </span>
     <span class='ocr_line' id='line_1_41' title="bbox 79 2247 778 2288; baseline 0.003 -9"><span class='ocrx_word' id='word_1_236' title='bbox 79 2247 205 2286; x_wconf 79' lang='grc' dir='ltr'>κομιδὴν</span> <span class='ocrx_word' id='word_1_237' title='bbox 218 2249 279 2278; x_wconf 84' lang='grc' dir='ltr'>τῶν</span> <span class='ocrx_word' id='word_1_238' title='bbox 302 2248 477 2284; x_wconf 80' lang='grc' dir='ltr'>ἐπιτηδείων</span> <span class='ocrx_word' id='word_1_239' title='bbox 499 2249 704 2288; x_wconf 83' lang='grc' dir='ltr'>πεμφθέντας,</span> <span class='ocrx_word' id='word_1_240' title='bbox 727 2251 778 2281; x_wconf 67' lang='grc' dir='ltr'>αὖ·</span> 
     </span>
     <span class='ocr_line' id='line_1_42' title="bbox 79 2297 777 2341; baseline 0.004 -12"><span class='ocrx_word' id='word_1_241' title='bbox 79 2297 152 2330; x_wconf 83' lang='grc' dir='ltr'><strong><em>τούς</em></strong></span> <span class='ocrx_word' id='word_1_242' title='bbox 175 2311 212 2329; x_wconf 82' lang='grc' dir='ltr'>τε</span> <span class='ocrx_word' id='word_1_243' title='bbox 237 2298 321 2334; x_wconf 84' lang='grc' dir='ltr'>πλὴν</span> <span class='ocrx_word' id='word_1_244' title='bbox 346 2298 460 2337; x_wconf 70' lang='grc' dir='ltr'>ὀλίγων</span> <span class='ocrx_word' id='word_1_245' title='bbox 485 2297 603 2330; x_wconf 78' lang='grc' dir='ltr'>πάντας</span> <span class='ocrx_word' id='word_1_246' title='bbox 627 2299 777 2341; x_wconf 77' lang='grc' dir='ltr'>ἔφθειραν.</span> 
     </span>
     <span class='ocr_line' id='line_1_43' title="bbox 80 2348 706 2388; baseline 0.002 -8"><span class='ocrx_word' id='word_1_247' title='bbox 80 2349 168 2380; x_wconf 89' lang='lat' dir='ltr'>Vide</span> <span class='ocrx_word' id='word_1_248' title='bbox 184 2349 206 2379; x_wconf 90' lang='lat' dir='ltr'>l.</span> <span class='ocrx_word' id='word_1_249' title='bbox 221 2357 352 2379; x_wconf 80' lang='lat' dir='ltr'>xxxix.</span> <span class='ocrx_word' id='word_1_250' title='bbox 371 2359 403 2388; x_wconf 91' lang='lat' dir='ltr'>p.</span> <span class='ocrx_word' id='word_1_251' title='bbox 421 2352 492 2379; x_wconf 85' lang='lat'>115.</span> <span class='ocrx_word' id='word_1_252' title='bbox 507 2348 551 2379; x_wconf 88' lang='lat' dir='ltr'>A.</span> <span class='ocrx_word' id='word_1_253' title='bbox 596 2350 706 2381; x_wconf 70' lang='lat' dir='ltr'>Dacis.</span> 
     </span>
    </p>

    <p class='ocr_par' dir='ltr' id='par_1_6' title="bbox 79 2399 779 2788">
     <span class='ocr_line' id='line_1_44' title="bbox 124 2399 778 2439; baseline 0.003 -9"><span class='ocrx_word' id='word_1_254' title='bbox 124 2407 258 2430; x_wconf 75' lang='lat' dir='ltr'>xxxln.</span> <span class='ocrx_word' id='word_1_255' title='bbox 293 2401 313 2428; x_wconf 86' lang='grc'><strong>6</strong></span> <span class='ocrx_word' id='word_1_256' title='bbox 352 2399 402 2429; x_wconf 77' lang='lat' dir='ltr'>Ita</span> <span class='ocrx_word' id='word_1_257' title='bbox 430 2409 462 2429; x_wconf 87' lang='lat' dir='ltr'>se</span> <span class='ocrx_word' id='word_1_258' title='bbox 491 2399 650 2439; x_wconf 76' lang='lat' dir='ltr'>collocant]</span> <span class='ocrx_word' id='word_1_259' title='bbox 695 2401 778 2432; x_wconf 83' lang='lat' dir='ltr'>Mss.</span> 
     </span>
     <span class='ocr_line' id='line_1_45' title="bbox 80 2448 778 2489; baseline 0 -9"><span class='ocrx_word' id='word_1_260' title='bbox 80 2449 165 2489; x_wconf 84' lang='lat' dir='ltr'>Reg.</span> <span class='ocrx_word' id='word_1_261' title='bbox 182 2448 308 2479; x_wconf 86' lang='lat' dir='ltr'>Eliens.</span> <span class='ocrx_word' id='word_1_262' title='bbox 330 2454 365 2478; x_wconf 92' lang='lat' dir='ltr'>et</span> <span class='ocrx_word' id='word_1_263' title='bbox 388 2448 511 2487; x_wconf 82' lang='lat' dir='ltr'>Vossii,</span> <span class='ocrx_word' id='word_1_264' title='bbox 527 2450 572 2479; x_wconf 78' lang='lat' dir='ltr'>ita</span> <span class='ocrx_word' id='word_1_265' title='bbox 588 2459 704 2479; x_wconf 90' lang='lat' dir='ltr'>currus</span> <span class='ocrx_word' id='word_1_266' title='bbox 719 2451 778 2480; x_wconf 85' lang='lat' dir='ltr'>col-</span> 
     </span>
     <span class='ocr_line' id='line_1_46' title="bbox 79 2496 778 2531; baseline 0.004 -4"><span class='ocrx_word' id='word_1_267' title='bbox 79 2498 193 2528; x_wconf 73' lang='lat' dir='ltr'>locant.</span> <span class='ocrx_word' id='word_1_268' title='bbox 239 2498 338 2529; x_wconf 85' lang='lat' dir='ltr'>Quod</span> <span class='ocrx_word' id='word_1_269' title='bbox 355 2496 445 2528; x_wconf 91' lang='lat' dir='ltr'>idem</span> <span class='ocrx_word' id='word_1_270' title='bbox 461 2503 525 2529; x_wconf 89' lang='lat' dir='ltr'>est.</span> <span class='ocrx_word' id='word_1_271' title='bbox 570 2500 683 2531; x_wconf 84' lang='lat' dir='ltr'>Quare</span> <span class='ocrx_word' id='word_1_272' title='bbox 697 2500 778 2530; x_wconf 89' lang='lat' dir='ltr'>nihil</span> 
     </span>
     <span class='ocr_line' id='line_1_47' title="bbox 79 2546 778 2591; baseline 0.004 -14"><span class='ocrx_word' id='word_1_273' title='bbox 79 2556 164 2588; x_wconf 87' lang='lat' dir='ltr'>opus</span> <span class='ocrx_word' id='word_1_274' title='bbox 187 2550 239 2577; x_wconf 86' lang='lat' dir='ltr'>est</span> <span class='ocrx_word' id='word_1_275' title='bbox 265 2546 471 2578; x_wconf 84' lang='lat' dir='ltr'>Hotomanui</span> <span class='ocrx_word' id='word_1_276' title='bbox 495 2548 703 2588; x_wconf 88' lang='lat' dir='ltr'>conjectura,</span> <span class='ocrx_word' id='word_1_277' title='bbox 720 2550 778 2591; x_wconf 88' lang='lat' dir='ltr'>qui</span> 
     </span>
     <span class='ocr_line' id='line_1_48' title="bbox 82 2596 778 2637; baseline 0.006 -10"><span class='ocrx_word' id='word_1_278' title='bbox 82 2596 227 2637; x_wconf 67' lang='lat' dir='ltr'>imponit,</span> <span class='ocrx_word' id='word_1_279' title='bbox 257 2597 309 2628; x_wconf 79' lang='lat' dir='ltr'>Ita</span> <span class='ocrx_word' id='word_1_280' title='bbox 340 2607 375 2627; x_wconf 86' lang='lat' dir='ltr'>se</span> <span class='ocrx_word' id='word_1_281' title='bbox 405 2603 440 2628; x_wconf 91' lang='lat' dir='ltr'>et</span> <span class='ocrx_word' id='word_1_282' title='bbox 471 2607 590 2629; x_wconf 87' lang='lat' dir='ltr'>currus</span> <span class='ocrx_word' id='word_1_283' title='bbox 619 2601 778 2632; x_wconf 81' lang='lat' dir='ltr'>collocant.</span> 
     </span>
     <span class='ocr_line' id='line_1_49' title="bbox 82 2646 779 2688; baseline 0.001 -10"><span class='ocrx_word' id='word_1_284' title='bbox 82 2646 137 2678; x_wconf 75' lang='lat' dir='ltr'>Aa</span> <span class='ocrx_word' id='word_1_285' title='bbox 147 2655 216 2677; x_wconf 75' lang='lat' dir='ltr'>suos</span> <span class='ocrx_word' id='word_1_286' title='bbox 230 2647 271 2678; x_wconf 90' lang='lat' dir='ltr'>ad</span> <span class='ocrx_word' id='word_1_287' title='bbox 285 2646 430 2688; x_wconf 81' lang='lat' dir='ltr'>Aurigas</span> <span class='ocrx_word' id='word_1_288' title='bbox 445 2648 597 2679; x_wconf 82' lang='lat' dir='ltr'>curribus</span> <span class='ocrx_word' id='word_1_289' title='bbox 612 2649 680 2680; x_wconf 91' lang='lat' dir='ltr'>suis</span> <span class='ocrx_word' id='word_1_290' title='bbox 701 2650 779 2680; x_wconf 90' lang='lat' dir='ltr'>iusi-</span> 
     </span>
     <span class='ocr_line' id='line_1_50' title="bbox 82 2694 779 2738; baseline 0.009 -13"><span class='ocrx_word' id='word_1_291' title='bbox 82 2694 223 2727; x_wconf 49' lang='lat' dir='ltr'>dentess</span> <span class='ocrx_word' id='word_1_292' title='bbox 256 2697 364 2728; x_wconf 79' lang='lat' dir='ltr'>Clark.</span> <span class='ocrx_word' id='word_1_293' title='bbox 408 2699 492 2730; x_wconf 78' lang='lat' dir='ltr'>Quis</span> <span class='ocrx_word' id='word_1_294' title='bbox 508 2699 633 2738; x_wconf 85' lang='lat' dir='ltr'>primus</span> <span class='ocrx_word' id='word_1_295' title='bbox 654 2709 687 2730; x_wconf 88' lang='lat' dir='ltr'>se</span> <span class='ocrx_word' id='word_1_296' title='bbox 709 2699 779 2731; x_wconf 87' lang='lat' dir='ltr'>edi-</span> 
     </span>
     <span class='ocr_line' id='line_1_51' title="bbox 83 2745 778 2788; baseline 0.009 -11"><span class='ocrx_word' id='word_1_297' title='bbox 83 2745 185 2787; x_wconf 87' lang='lat' dir='ltr'>derit,</span> <span class='ocrx_word' id='word_1_298' title='bbox 208 2751 338 2779; x_wconf 72' lang='lat' dir='ltr'>cet-tum</span> <span class='ocrx_word' id='word_1_299' title='bbox 367 2748 448 2788; x_wconf 79' lang='lat' dir='ltr'>mihi</span> <span class='ocrx_word' id='word_1_300' title='bbox 475 2759 542 2781; x_wconf 88' lang='lat' dir='ltr'>nou</span> <span class='ocrx_word' id='word_1_301' title='bbox 570 2755 635 2782; x_wconf 85' lang='lat' dir='ltr'>est.</span> <span class='ocrx_word' id='word_1_302' title='bbox 699 2751 778 2783; x_wconf 81' lang='lat' dir='ltr'>Hoc</span> 
     </span>
    </p>
   </div>
   <div class='ocr_carea' id='block_1_3' title="bbox 1425 199 1533 240">
    <p class='ocr_par' dir='ltr' id='par_1_7' title="bbox 1425 199 1533 240">
     <span class='ocr_line' id='line_1_52' title="bbox 1425 199 1533 240; baseline 0.019 -2"><span class='ocrx_word' id='word_1_303' title='bbox 1425 199 1533 240; x_wconf 83' lang='lat'>1071</span> 
     </span>
    </p>
   </div>
   <div class='ocr_carea' id='block_1_4' title="bbox 827 298 1540 2792">
    <p class='ocr_par' dir='ltr' id='par_1_8' title="bbox 828 298 1540 1382">
     <span class='ocr_line' id='line_1_53' title="bbox 834 298 1537 336; baseline 0.01 -9"><span class='ocrx_word' id='word_1_304' title='bbox 834 298 916 336; x_wconf 80' lang='lat' dir='ltr'>scio,</span> <span class='ocrx_word' id='word_1_305' title='bbox 943 299 989 329; x_wconf 76' lang='lat' dir='ltr'>itu</span> <span class='ocrx_word' id='word_1_306' title='bbox 1016 299 1114 331; x_wconf 83' lang='lat' dir='ltr'>scribi</span> <span class='ocrx_word' id='word_1_307' title='bbox 1142 301 1176 331; x_wconf 90' lang='lat' dir='ltr'>in</span> <span class='ocrx_word' id='word_1_308' title='bbox 1205 300 1282 332; x_wconf 86' lang='lat' dir='ltr'>solis</span> <span class='ocrx_word' id='word_1_309' title='bbox 1299 300 1383 332; x_wconf 80' lang='lat' dir='ltr'>Mss.</span> <span class='ocrx_word' id='word_1_310' title='bbox 1402 301 1537 334; x_wconf 80' lang='lat' dir='ltr'>Andino</span> 
     </span>
     <span class='ocr_line' id='line_1_54' title="bbox 833 348 1536 389; baseline 0.013 -14"><span class='ocrx_word' id='word_1_311' title='bbox 833 352 869 377; x_wconf 73' lang='lat' dir='ltr'>‹et</span> <span class='ocrx_word' id='word_1_312' title='bbox 896 348 1008 378; x_wconf 76' lang='lat' dir='ltr'>Oxou.</span> <span class='ocrx_word' id='word_1_313' title='bbox 1034 350 1089 389; x_wconf 84' lang='lat' dir='ltr'>qui</span> <span class='ocrx_word' id='word_1_314' title='bbox 1116 354 1228 380; x_wconf 81' lang='lat' dir='ltr'>tamen</span> <span class='ocrx_word' id='word_1_315' title='bbox 1257 351 1310 381; x_wconf 87' lang='lat' dir='ltr'>hic</span> <span class='ocrx_word' id='word_1_316' title='bbox 1343 355 1447 383; x_wconf 80' lang='lat' dir='ltr'>tantae</span> <span class='ocrx_word' id='word_1_317' title='bbox 1469 361 1536 384; x_wconf 88' lang='lat' dir='ltr'>non</span> 
     </span>
     <span class='ocr_line' id='line_1_55' title="bbox 833 400 1540 438; baseline 0.011 -12"><span class='ocrx_word' id='word_1_318' title='bbox 833 401 909 426; x_wconf 82' lang='lat' dir='ltr'>sunt</span> <span class='ocrx_word' id='word_1_319' title='bbox 940 400 1165 438; x_wconf 78' lang='lat' dir='ltr'>auctoritatis,</span> <span class='ocrx_word' id='word_1_320' title='bbox 1193 401 1240 430; x_wconf 78' lang='lat' dir='ltr'>uti</span> <span class='ocrx_word' id='word_1_321' title='bbox 1267 405 1458 433; x_wconf 79' lang='lat' dir='ltr'>ceterorum</span> <span class='ocrx_word' id='word_1_322' title='bbox 1487 402 1540 434; x_wconf 87' lang='lat' dir='ltr'>in-</span> 
     </span>
     <span class='ocr_line' id='line_1_56' title="bbox 834 450 1539 484; baseline 0.007 -9"><span class='ocrx_word' id='word_1_323' title='bbox 834 455 948 476; x_wconf 79' lang='lat' dir='ltr'>menso</span> <span class='ocrx_word' id='word_1_324' title='bbox 988 457 1127 479; x_wconf 82' lang='lat' dir='ltr'>numero</span> <span class='ocrx_word' id='word_1_325' title='bbox 1168 450 1323 480; x_wconf 78' lang='lat' dir='ltr'>codicum</span> <span class='ocrx_word' id='word_1_326' title='bbox 1354 451 1539 484; x_wconf 83' lang='lat' dir='ltr'>lectionem.</span> 
     </span>
     <span class='ocr_line' id='line_1_57' title="bbox 832 497 1536 540; baseline 0.01 -15"><span class='ocrx_word' id='word_1_327' title='bbox 832 506 953 532; x_wconf 78' lang='lat' dir='ltr'>carrus,</span> <span class='ocrx_word' id='word_1_328' title='bbox 974 497 1132 527; x_wconf 77' lang='lat' dir='ltr'>damnare</span> <span class='ocrx_word' id='word_1_329' title='bbox 1150 499 1286 536; x_wconf 66' lang='lat' dir='ltr'>po-sim,</span> <span class='ocrx_word' id='word_1_330' title='bbox 1303 510 1402 540; x_wconf 82' lang='lat' dir='ltr'>quam</span> <span class='ocrx_word' id='word_1_331' title='bbox 1431 501 1536 532; x_wconf 83' lang='lat' dir='ltr'>etiam</span> 
     </span>
     <span class='ocr_line' id='line_1_58' title="bbox 832 545 1537 583; baseline 0.013 -9"><span class='ocrx_word' id='word_1_332' title='bbox 832 545 939 575; x_wconf 86' lang='lat' dir='ltr'>secuti</span> <span class='ocrx_word' id='word_1_333' title='bbox 969 552 1045 576; x_wconf 82' lang='lat' dir='ltr'>suut</span> <span class='ocrx_word' id='word_1_334' title='bbox 1076 547 1231 577; x_wconf 74' lang='lat' dir='ltr'>Editor-es</span> <span class='ocrx_word' id='word_1_335' title='bbox 1253 549 1372 578; x_wconf 69' lang='lat' dir='ltr'>Pri-ci.</span> <span class='ocrx_word' id='word_1_336' title='bbox 1420 549 1537 583; x_wconf 70' lang='lat' dir='ltr'>Cursus</span> 
     </span>
     <span class='ocr_line' id='line_1_59' title="bbox 831 596 1537 636; baseline 0.013 -12"><span class='ocrx_word' id='word_1_337' title='bbox 831 596 919 625; x_wconf 80' lang='lat' dir='ltr'>Scal.</span> <span class='ocrx_word' id='word_1_338' title='bbox 936 600 972 626; x_wconf 84' lang='lat' dir='ltr'>et</span> <span class='ocrx_word' id='word_1_339' title='bbox 988 596 1083 626; x_wconf 88' lang='lat' dir='ltr'>Leid.</span> <span class='ocrx_word' id='word_1_340' title='bbox 1106 607 1155 636; x_wconf 85' lang='lat' dir='ltr'>pr.</span> <span class='ocrx_word' id='word_1_341' title='bbox 1201 599 1266 628; x_wconf 84' lang='lat' dir='ltr'>Vix</span> <span class='ocrx_word' id='word_1_342' title='bbox 1294 599 1431 630; x_wconf 83' lang='lat' dir='ltr'>dubium</span> <span class='ocrx_word' id='word_1_343' title='bbox 1454 601 1537 633; x_wconf 83' lang='lat' dir='ltr'>mibi</span> 
     </span>
     <span class='ocr_line' id='line_1_60' title="bbox 832 647 1535 687; baseline 0.01 -12"><span class='ocrx_word' id='word_1_344' title='bbox 832 650 896 682; x_wconf 81' lang='lat' dir='ltr'>est,</span> <span class='ocrx_word' id='word_1_345' title='bbox 924 647 1004 687; x_wconf 87' lang='lat' dir='ltr'>quin</span> <span class='ocrx_word' id='word_1_346' title='bbox 1031 648 1207 687; x_wconf 81' lang='lat' dir='ltr'>scripserit</span> <span class='ocrx_word' id='word_1_347' title='bbox 1240 655 1358 679; x_wconf 75' lang='lat' dir='ltr'>auctor</span> <span class='ocrx_word' id='word_1_348' title='bbox 1385 660 1477 681; x_wconf 74' lang='lat' dir='ltr'>cur-ru</span> <span class='ocrx_word' id='word_1_349' title='bbox 1504 662 1535 682; x_wconf 73' lang='lat' dir='ltr'>se</span> 
     </span>
     <span class='ocr_line' id='line_1_61' title="bbox 831 698 1535 739; baseline 0.011 -13"><span class='ocrx_word' id='word_1_350' title='bbox 831 698 997 728; x_wconf 80' lang='lat' dir='ltr'>conlocant.</span> <span class='ocrx_word' id='word_1_351' title='bbox 1055 698 1172 728; x_wconf 81' lang='lat' dir='ltr'>Paullo</span> <span class='ocrx_word' id='word_1_352' title='bbox 1194 704 1273 728; x_wconf 80' lang='lat' dir='ltr'>ante</span> <span class='ocrx_word' id='word_1_353' title='bbox 1291 702 1434 739; x_wconf 69' lang='lat' dir='ltr'>reposui,</span> <span class='ocrx_word' id='word_1_354' title='bbox 1450 702 1535 734; x_wconf 70' lang='lat' dir='ltr'>Mss-</span> 
     </span>
     <span class='ocr_line' id='line_1_62' title="bbox 831 747 1535 789; baseline 0.01 -13"><span class='ocrx_word' id='word_1_355' title='bbox 831 747 982 778; x_wconf 77' lang='lat' dir='ltr'>omnibus</span> <span class='ocrx_word' id='word_1_356' title='bbox 1007 753 1041 778; x_wconf 88' lang='lat' dir='ltr'>et</span> <span class='ocrx_word' id='word_1_357' title='bbox 1058 758 1156 778; x_wconf 86' lang='lat' dir='ltr'>sensu</span> <span class='ocrx_word' id='word_1_358' title='bbox 1173 749 1245 788; x_wconf 81' lang='lat' dir='ltr'>ipso</span> <span class='ocrx_word' id='word_1_359' title='bbox 1269 749 1444 789; x_wconf 72' lang='lat' dir='ltr'>flagitante</span> <span class='ocrx_word' id='word_1_360' title='bbox 1460 762 1535 783; x_wconf 87' lang='lat' dir='ltr'>cum</span> 
     </span>
     <span class='ocr_line' id='line_1_63' title="bbox 832 797 1535 842; baseline 0.009 -15"><span class='ocrx_word' id='word_1_361' title='bbox 832 797 919 828; x_wconf 87' lang='lat' dir='ltr'>Edd.</span> <span class='ocrx_word' id='word_1_362' title='bbox 938 799 1052 837; x_wconf 83' lang='lat' dir='ltr'>primis</span> <span class='ocrx_word' id='word_1_363' title='bbox 1076 800 1240 838; x_wconf 73' lang='lat' dir='ltr'>paullatim</span> <span class='ocrx_word' id='word_1_364' title='bbox 1256 811 1296 830; x_wconf 79' lang='lat' dir='ltr'>ex</span> <span class='ocrx_word' id='word_1_365' title='bbox 1318 811 1366 840; x_wconf 81' lang='lat' dir='ltr'>pr.</span> <span class='ocrx_word' id='word_1_366' title='bbox 1411 802 1535 842; x_wconf 83' lang='lat' dir='ltr'>Vulga-</span> 
     </span>
     <span class='ocr_line' id='line_1_64' title="bbox 832 851 1535 889; baseline 0.011 -11"><span class='ocrx_word' id='word_1_367' title='bbox 832 852 904 878; x_wconf 88' lang='lat' dir='ltr'>tum</span> <span class='ocrx_word' id='word_1_368' title='bbox 935 851 1073 889; x_wconf 82' lang='lat' dir='ltr'>paullum</span> <span class='ocrx_word' id='word_1_369' title='bbox 1108 861 1125 881; x_wconf 92' lang='lat' dir='ltr'>e</span> <span class='ocrx_word' id='word_1_370' title='bbox 1160 854 1388 884; x_wconf 80' lang='lat' dir='ltr'>contractione</span> <span class='ocrx_word' id='word_1_371' title='bbox 1419 859 1535 886; x_wconf 83' lang='lat' dir='ltr'>natum</span> 
     </span>
     <span class='ocr_line' id='line_1_65' title="bbox 832 902 1534 945; baseline 0.011 -16"><span class='ocrx_word' id='word_1_372' title='bbox 832 903 904 930; x_wconf 88' lang='lat' dir='ltr'>est:</span> <span class='ocrx_word' id='word_1_373' title='bbox 944 909 983 930; x_wconf 79' lang='lat' dir='ltr'>ex</span> <span class='ocrx_word' id='word_1_374' title='bbox 1013 911 1073 940; x_wconf 90' lang='lat' dir='ltr'>pro</span> <span class='ocrx_word' id='word_1_375' title='bbox 1101 911 1116 932; x_wconf 88' lang='lat' dir='ltr'>e</span> <span class='ocrx_word' id='word_1_376' title='bbox 1142 902 1268 933; x_wconf 80' lang='lat' dir='ltr'>habent</span> <span class='ocrx_word' id='word_1_377' title='bbox 1294 904 1395 934; x_wconf 78' lang='lat' dir='ltr'>etiam</span> <span class='ocrx_word' id='word_1_378' title='bbox 1425 906 1534 945; x_wconf 73' lang='lat' dir='ltr'>Bong.</span> 
     </span>
     <span class='ocr_line' id='line_1_66' title="bbox 831 949 1536 996; baseline 0.013 -18"><span class='ocrx_word' id='word_1_379' title='bbox 831 949 929 988; x_wconf 87' lang='lat' dir='ltr'>prim.</span> <span class='ocrx_word' id='word_1_380' title='bbox 946 951 1071 981; x_wconf 86' lang='lat' dir='ltr'>Lovan.</span> <span class='ocrx_word' id='word_1_381' title='bbox 1096 952 1265 992; x_wconf 81' lang='lat' dir='ltr'>Egmuud.</span> <span class='ocrx_word' id='word_1_382' title='bbox 1283 954 1447 996; x_wconf 87' lang='lat' dir='ltr'>multique</span> <span class='ocrx_word' id='word_1_383' title='bbox 1470 957 1536 988; x_wconf 85' lang='lat' dir='ltr'>alii.</span> 
     </span>
     <span class='ocr_line' id='line_1_67' title="bbox 830 999 1538 1043; baseline 0.01 -14"><span class='ocrx_word' id='word_1_384' title='bbox 830 1000 952 1039; x_wconf 83' lang='lat' dir='ltr'>-[In</span> <span class='ocrx_word' id='word_1_385' title='bbox 989 999 1178 1032; x_wconf 66' lang='lat' dir='ltr'>Annmms</span> <span class='ocrx_word' id='word_1_386' title='bbox 1222 1003 1363 1043; x_wconf 88' lang='lat' dir='ltr'>subjicit</span> <span class='ocrx_word' id='word_1_387' title='bbox 1400 1004 1538 1036; x_wconf 86' lang='lat' dir='ltr'>Ouden-</span> 
     </span>
     <span class='ocr_line' id='line_1_68' title="bbox 831 1048 1538 1090; baseline 0.01 -12"><span class='ocrx_word' id='word_1_388' title='bbox 831 1048 928 1088; x_wconf 87' lang='lat' dir='ltr'>dorp.</span> <span class='ocrx_word' id='word_1_389' title='bbox 944 1049 968 1089; x_wconf 90' lang='lat'>:]</span> <span class='ocrx_word' id='word_1_390' title='bbox 1003 1050 1079 1080; x_wconf 91' lang='lat' dir='ltr'>Non</span> <span class='ocrx_word' id='word_1_391' title='bbox 1098 1060 1219 1090; x_wconf 86' lang='lat' dir='ltr'>respuo</span> <span class='ocrx_word' id='word_1_392' title='bbox 1236 1061 1324 1081; x_wconf 89' lang='lat' dir='ltr'>nunc</span> <span class='ocrx_word' id='word_1_393' title='bbox 1340 1062 1371 1082; x_wconf 87' lang='lat' dir='ltr'>se</span> <span class='ocrx_word' id='word_1_394' title='bbox 1383 1056 1413 1083; x_wconf 75' lang='lat' dir='ltr'>et</span> <span class='ocrx_word' id='word_1_395' title='bbox 1429 1063 1538 1085; x_wconf 82' lang='lat' dir='ltr'>currus</span> 
     </span>
     <span class='ocr_line' id='line_1_69' title="bbox 830 1098 1536 1139; baseline 0.008 -11"><span class='ocrx_word' id='word_1_396' title='bbox 830 1108 856 1129; x_wconf 86' lang='lat' dir='ltr'>c.</span> <span class='ocrx_word' id='word_1_397' title='bbox 875 1098 956 1128; x_wconf 81' lang='lat' dir='ltr'>licet</span> <span class='ocrx_word' id='word_1_398' title='bbox 973 1108 1038 1129; x_wconf 90' lang='lat' dir='ltr'>non</span> <span class='ocrx_word' id='word_1_399' title='bbox 1057 1099 1170 1130; x_wconf 84' lang='lat' dir='ltr'>obstet</span> <span class='ocrx_word' id='word_1_400' title='bbox 1187 1100 1364 1139; x_wconf 82' lang='lat' dir='ltr'>singularis</span> <span class='ocrx_word' id='word_1_401' title='bbox 1377 1111 1536 1134; x_wconf 80' lang='lat' dir='ltr'>numerus</span> 
     </span>
     <span class='ocr_line' id='line_1_70' title="bbox 830 1150 1537 1190; baseline 0.01 -12"><span class='ocrx_word' id='word_1_402' title='bbox 830 1158 935 1180; x_wconf 77' lang='lat' dir='ltr'>curru.</span> <span class='ocrx_word' id='word_1_403' title='bbox 980 1150 1067 1180; x_wconf 89' lang='lat' dir='ltr'>Vide</span> <span class='ocrx_word' id='word_1_404' title='bbox 1083 1151 1125 1181; x_wconf 78' lang='lat' dir='ltr'>ad</span> <span class='ocrx_word' id='word_1_405' title='bbox 1143 1160 1177 1190; x_wconf 87' lang='lat' dir='ltr'>p.</span> <span class='ocrx_word' id='word_1_406' title='bbox 1193 1153 1268 1181; x_wconf 83' lang='lat'>220.</span> <span class='ocrx_word' id='word_1_407' title='bbox 1288 1152 1329 1181; x_wconf 87' lang='lat' dir='ltr'>B.</span> <span class='ocrx_word' id='word_1_408' title='bbox 1346 1151 1420 1183; x_wconf 87' lang='lat' dir='ltr'>Civ.</span> <span class='ocrx_word' id='word_1_409' title='bbox 1437 1162 1462 1184; x_wconf 93' lang='lat'>1.</span> <span class='ocrx_word' id='word_1_410' title='bbox 1483 1157 1537 1186; x_wconf 89' lang='grc'>57.</span> 
     </span>
     <span class='ocr_line' id='line_1_71' title="bbox 828 1198 1536 1244; baseline 0.008 -16"><span class='ocrx_word' id='word_1_411' title='bbox 828 1199 837 1214; x_wconf 86' lang='lat'>‘</span> <span class='ocrx_word' id='word_1_412' title='bbox 857 1198 918 1228; x_wconf 84' lang='lat' dir='ltr'>sub</span> <span class='ocrx_word' id='word_1_413' title='bbox 935 1200 1040 1230; x_wconf 85' lang='lat' dir='ltr'>oculis</span> <span class='ocrx_word' id='word_1_414' title='bbox 1056 1200 1170 1230; x_wconf 75' lang='lat' dir='ltr'>domini</span> <span class='ocrx_word' id='word_1_415' title='bbox 1187 1210 1279 1231; x_wconf 82' lang='lat' dir='ltr'>suam</span> <span class='ocrx_word' id='word_1_416' title='bbox 1296 1201 1440 1241; x_wconf 83' lang='lat' dir='ltr'>probare</span> <span class='ocrx_word' id='word_1_417' title='bbox 1457 1213 1536 1244; x_wconf 89' lang='lat' dir='ltr'>ope-</span> 
     </span>
     <span class='ocr_line' id='line_1_72' title="bbox 830 1250 1535 1286; baseline 0.009 -6"><span class='ocrx_word' id='word_1_418' title='bbox 830 1259 898 1280; x_wconf 86' lang='lat' dir='ltr'>ram</span> <span class='ocrx_word' id='word_1_419' title='bbox 931 1250 1141 1282; x_wconf 82' lang='lat' dir='ltr'>studebant.’</span> <span class='ocrx_word' id='word_1_420' title='bbox 1208 1252 1249 1282; x_wconf 90' lang='lat' dir='ltr'>B.</span> <span class='ocrx_word' id='word_1_421' title='bbox 1283 1252 1381 1284; x_wconf 88' lang='lat' dir='ltr'>Alex.</span> <span class='ocrx_word' id='word_1_422' title='bbox 1419 1265 1450 1285; x_wconf 88' lang='lat' dir='ltr'>c.</span> <span class='ocrx_word' id='word_1_423' title='bbox 1480 1258 1535 1286; x_wconf 84' lang='lat'>20.</span> 
     </span>
     <span class='ocr_line' id='line_1_73' title="bbox 831 1300 1535 1339; baseline 0.01 -10"><span class='ocrx_word' id='word_1_424' title='bbox 831 1302 837 1316; x_wconf 91' lang='lat'>‘</span> <span class='ocrx_word' id='word_1_425' title='bbox 856 1300 1041 1339; x_wconf 86' lang='lat' dir='ltr'>Expeditas</span> <span class='ocrx_word' id='word_1_426' title='bbox 1058 1301 1100 1330; x_wconf 89' lang='lat' dir='ltr'>ad</span> <span class='ocrx_word' id='word_1_427' title='bbox 1117 1302 1281 1332; x_wconf 82' lang='lat' dir='ltr'>anchoram</span> <span class='ocrx_word' id='word_1_428' title='bbox 1305 1312 1406 1334; x_wconf 90' lang='lat' dir='ltr'>naves</span> <span class='ocrx_word' id='word_1_429' title='bbox 1421 1304 1442 1334; x_wconf 82' lang='lat'>2’</span> <span class='ocrx_word' id='word_1_430' title='bbox 1476 1305 1535 1336; x_wconf 85' lang='lat' dir='ltr'>ubi</span> 
     </span>
     <span class='ocr_line' id='line_1_74' title="bbox 829 1349 1183 1382; baseline 0.011 -4"><span class='ocrx_word' id='word_1_431' title='bbox 829 1349 916 1379; x_wconf 85' lang='lat' dir='ltr'>Edd.</span> <span class='ocrx_word' id='word_1_432' title='bbox 934 1350 1009 1380; x_wconf 82' lang='lat' dir='ltr'>aliae</span> <span class='ocrx_word' id='word_1_433' title='bbox 1025 1351 1183 1382; x_wconf 82' lang='lat' dir='ltr'>anchoras.</span> 
     </span>
    </p>

    <p class='ocr_par' dir='ltr' id='par_1_9' title="bbox 829 1401 1536 1680">
     <span class='ocr_line' id='line_1_75' title="bbox 872 1401 1536 1443; baseline 0.009 -14"><span class='ocrx_word' id='word_1_434' title='bbox 872 1401 892 1428; x_wconf 87' lang='lat'><strong>7</strong></span> <span class='ocrx_word' id='word_1_435' title='bbox 916 1401 966 1430; x_wconf 72' lang='lat' dir='ltr'>Aa</span> <span class='ocrx_word' id='word_1_436' title='bbox 988 1410 1059 1430; x_wconf 84' lang='lat' dir='ltr'>suos</span> <span class='ocrx_word' id='word_1_437' title='bbox 1072 1405 1227 1441; x_wconf 80' lang='lat' dir='ltr'>receptum</span> <span class='ocrx_word' id='word_1_438' title='bbox 1241 1403 1389 1443; x_wconf 80' lang='lat' dir='ltr'>habeant]</span> <span class='ocrx_word' id='word_1_439' title='bbox 1433 1404 1536 1435; x_wconf 85' lang='lat' dir='ltr'>Mini-</span> 
     </span>
     <span class='ocr_line' id='line_1_76' title="bbox 829 1451 1534 1488; baseline 0.009 -10"><span class='ocrx_word' id='word_1_440' title='bbox 829 1457 883 1478; x_wconf 88' lang='lat' dir='ltr'>me</span> <span class='ocrx_word' id='word_1_441' title='bbox 899 1458 1072 1480; x_wconf 86' lang='lat' dir='ltr'>necessum</span> <span class='ocrx_word' id='word_1_442' title='bbox 1090 1455 1153 1488; x_wconf 71' lang='lat' dir='ltr'>est,</span> <span class='ocrx_word' id='word_1_443' title='bbox 1170 1452 1222 1480; x_wconf 80' lang='lat' dir='ltr'>Fr.</span> <span class='ocrx_word' id='word_1_444' title='bbox 1243 1451 1460 1484; x_wconf 82' lang='lat' dir='ltr'>Hotomanno</span> <span class='ocrx_word' id='word_1_445' title='bbox 1476 1453 1534 1485; x_wconf 91' lang='lat' dir='ltr'>ad-</span> 
     </span>
     <span class='ocr_line' id='line_1_77' title="bbox 830 1498 1533 1543; baseline 0.01 -16"><span class='ocrx_word' id='word_1_446' title='bbox 830 1498 1026 1538; x_wconf 89' lang='lat' dir='ltr'>sentiamur,</span> <span class='ocrx_word' id='word_1_447' title='bbox 1044 1500 1100 1539; x_wconf 90' lang='lat' dir='ltr'>qui</span> <span class='ocrx_word' id='word_1_448' title='bbox 1115 1500 1199 1539; x_wconf 75' lang='lat' dir='ltr'>legit</span> <span class='ocrx_word' id='word_1_449' title='bbox 1215 1502 1255 1531; x_wconf 78' lang='lat' dir='ltr'>ad</span> <span class='ocrx_word' id='word_1_450' title='bbox 1270 1511 1340 1532; x_wconf 82' lang='lat' dir='ltr'>eos.-</span> <span class='ocrx_word' id='word_1_451' title='bbox 1363 1503 1412 1532; x_wconf 81' lang='lat' dir='ltr'>illi</span> <span class='ocrx_word' id='word_1_452' title='bbox 1429 1504 1533 1543; x_wconf 85' lang='lat' dir='ltr'>enim,</span> 
     </span>
     <span class='ocr_line' id='line_1_78' title="bbox 830 1550 1534 1593; baseline 0.01 -16"><span class='ocrx_word' id='word_1_453' title='bbox 830 1557 904 1587; x_wconf 80' lang='lat' dir='ltr'>quae</span> <span class='ocrx_word' id='word_1_454' title='bbox 934 1558 997 1579; x_wconf 79' lang='lat' dir='ltr'>vox</span> <span class='ocrx_word' id='word_1_455' title='bbox 1023 1550 1221 1588; x_wconf 85' lang='lat' dir='ltr'>antecessit,</span> <span class='ocrx_word' id='word_1_456' title='bbox 1244 1556 1323 1582; x_wconf 89' lang='lat' dir='ltr'>sunt</span> <span class='ocrx_word' id='word_1_457' title='bbox 1345 1551 1380 1591; x_wconf 91' lang='lat' dir='ltr'>ii,</span> <span class='ocrx_word' id='word_1_458' title='bbox 1407 1553 1462 1593; x_wconf 89' lang='lat' dir='ltr'>qui</span> <span class='ocrx_word' id='word_1_459' title='bbox 1490 1562 1534 1584; x_wconf 79' lang='lat' dir='ltr'>ex</span> 
     </span>
     <span class='ocr_line' id='line_1_79' title="bbox 829 1597 1535 1642; baseline 0.01 -15"><span class='ocrx_word' id='word_1_460' title='bbox 829 1597 954 1628; x_wconf 77' lang='lat' dir='ltr'>essedis</span> <span class='ocrx_word' id='word_1_461' title='bbox 968 1598 1138 1637; x_wconf 89' lang='lat' dir='ltr'>desiliunt,</span> <span class='ocrx_word' id='word_1_462' title='bbox 1161 1603 1197 1630; x_wconf 90' lang='lat' dir='ltr'>et</span> <span class='ocrx_word' id='word_1_463' title='bbox 1221 1600 1364 1639; x_wconf 86' lang='lat' dir='ltr'>pedibus</span> <span class='ocrx_word' id='word_1_464' title='bbox 1379 1603 1535 1642; x_wconf 87' lang='lat' dir='ltr'>proeliau-</span> 
     </span>
     <span class='ocr_line' id='line_1_80' title="bbox 829 1649 1052 1680; baseline 0.013 -3"><span class='ocrx_word' id='word_1_465' title='bbox 829 1651 896 1678; x_wconf 83' lang='lat' dir='ltr'>tur.</span> <span class='ocrx_word' id='word_1_466' title='bbox 941 1649 1052 1680; x_wconf 74' lang='lat' dir='ltr'>Daris.</span> 
     </span>
    </p>

    <p class='ocr_par' dir='ltr' id='par_1_10' title="bbox 827 1698 1534 2792">
     <span class='ocr_line' id='line_1_81' title="bbox 871 1698 1534 1740; baseline 0.009 -14"><span class='ocrx_word' id='word_1_467' title='bbox 871 1704 1000 1727; x_wconf 72' lang='lat' dir='ltr'>xxxtv.</span> <span class='ocrx_word' id='word_1_468' title='bbox 1017 1700 1037 1728; x_wconf 84' lang='grc'>4</span> <span class='ocrx_word' id='word_1_469' title='bbox 1059 1698 1110 1728; x_wconf 83' lang='lat' dir='ltr'>Ad</span> <span class='ocrx_word' id='word_1_470' title='bbox 1126 1699 1330 1730; x_wconf 81' lang='lat' dir='ltr'>lacessendum</span> <span class='ocrx_word' id='word_1_471' title='bbox 1350 1701 1477 1740; x_wconf 78' lang='lat' dir='ltr'>hostem,</span> <span class='ocrx_word' id='word_1_472' title='bbox 1502 1705 1534 1732; x_wconf 86' lang='lat' dir='ltr'>et</span> 
     </span>
     <span class='ocr_line' id='line_1_82' title="bbox 828 1747 1534 1788; baseline 0.01 -13"><span class='ocrx_word' id='word_1_473' title='bbox 828 1747 1078 1777; x_wconf 80' lang='lat' dir='ltr'>committendum</span> <span class='ocrx_word' id='word_1_474' title='bbox 1110 1749 1269 1788; x_wconf 79' lang='lat' dir='ltr'>proelium]</span> <span class='ocrx_word' id='word_1_475' title='bbox 1313 1750 1445 1781; x_wconf 85' lang='lat' dir='ltr'>Hostem</span> <span class='ocrx_word' id='word_1_476' title='bbox 1475 1761 1534 1782; x_wconf 88' lang='lat' dir='ltr'>ne-</span> 
     </span>
     <span class='ocr_line' id='line_1_83' title="bbox 829 1796 1533 1839; baseline 0.011 -14"><span class='ocrx_word' id='word_1_477' title='bbox 829 1796 940 1826; x_wconf 86' lang='lat' dir='ltr'>sciunt</span> <span class='ocrx_word' id='word_1_478' title='bbox 957 1797 1091 1828; x_wconf 86' lang='lat' dir='ltr'>Carrar.</span> <span class='ocrx_word' id='word_1_479' title='bbox 1108 1798 1203 1830; x_wconf 86' lang='lat' dir='ltr'>Voss.</span> <span class='ocrx_word' id='word_1_480' title='bbox 1220 1800 1388 1839; x_wconf 79' lang='lat' dir='ltr'>Egmond.</span> <span class='ocrx_word' id='word_1_481' title='bbox 1406 1802 1533 1833; x_wconf 89' lang='lat' dir='ltr'>locum-</span> 
     </span>
     <span class='ocr_line' id='line_1_84' title="bbox 829 1846 1533 1886; baseline 0.01 -10"><span class='ocrx_word' id='word_1_482' title='bbox 829 1855 895 1886; x_wconf 88' lang='lat' dir='ltr'>que</span> <span class='ocrx_word' id='word_1_483' title='bbox 911 1846 959 1877; x_wconf 88' lang='lat' dir='ltr'>sic</span> <span class='ocrx_word' id='word_1_484' title='bbox 975 1847 1138 1878; x_wconf 85' lang='lat' dir='ltr'>exhibent</span> <span class='ocrx_word' id='word_1_485' title='bbox 1153 1849 1163 1864; x_wconf 87' lang='lat'>‘</span> <span class='ocrx_word' id='word_1_486' title='bbox 1180 1848 1222 1878; x_wconf 88' lang='lat' dir='ltr'>ad</span> <span class='ocrx_word' id='word_1_487' title='bbox 1244 1850 1477 1882; x_wconf 85' lang='lat' dir='ltr'>lacessendum</span> <span class='ocrx_word' id='word_1_488' title='bbox 1495 1857 1533 1883; x_wconf 87' lang='lat' dir='ltr'>et</span> 
     </span>
     <span class='ocr_line' id='line_1_85' title="bbox 828 1895 1533 1938; baseline 0.013 -13"><span class='ocrx_word' id='word_1_489' title='bbox 828 1895 871 1926; x_wconf 86' lang='lat' dir='ltr'>ad</span> <span class='ocrx_word' id='word_1_490' title='bbox 902 1897 1180 1928; x_wconf 87' lang='lat' dir='ltr'>committendum</span> <span class='ocrx_word' id='word_1_491' title='bbox 1213 1899 1393 1938; x_wconf 83' lang='lat' dir='ltr'>proelium.’</span> <span class='ocrx_word' id='word_1_492' title='bbox 1445 1902 1533 1934; x_wconf 88' lang='lat' dir='ltr'>Cum</span> 
     </span>
     <span class='ocr_line' id='line_1_86' title="bbox 829 1944 1533 1989; baseline 0.011 -14"><span class='ocrx_word' id='word_1_493' title='bbox 829 1945 868 1976; x_wconf 89' lang='lat' dir='ltr'>iis</span> <span class='ocrx_word' id='word_1_494' title='bbox 889 1944 1017 1977; x_wconf 80' lang='lat' dir='ltr'>faciunt</span> <span class='ocrx_word' id='word_1_495' title='bbox 1036 1947 1177 1979; x_wconf 89' lang='lat' dir='ltr'>Norvic.</span> <span class='ocrx_word' id='word_1_496' title='bbox 1208 1948 1374 1989; x_wconf 87' lang='lat' dir='ltr'>Gottorp.</span> <span class='ocrx_word' id='word_1_497' title='bbox 1402 1955 1437 1981; x_wconf 90' lang='lat' dir='ltr'>et</span> <span class='ocrx_word' id='word_1_498' title='bbox 1466 1952 1533 1983; x_wconf 88' lang='lat' dir='ltr'>Lo-</span> 
     </span>
     <span class='ocr_line' id='line_1_87' title="bbox 829 1996 1533 2041; baseline 0.011 -17"><span class='ocrx_word' id='word_1_499' title='bbox 829 2005 903 2025; x_wconf 85' lang='lat' dir='ltr'>vau.</span> <span class='ocrx_word' id='word_1_500' title='bbox 919 1996 982 2026; x_wconf 76' lang='lat' dir='ltr'>nisi</span> <span class='ocrx_word' id='word_1_501' title='bbox 1010 1997 1100 2037; x_wconf 91' lang='lat' dir='ltr'>quod</span> <span class='ocrx_word' id='word_1_502' title='bbox 1125 2007 1192 2028; x_wconf 91' lang='lat' dir='ltr'>uon</span> <span class='ocrx_word' id='word_1_503' title='bbox 1217 2004 1414 2039; x_wconf 84' lang='lat' dir='ltr'>compareat</span> <span class='ocrx_word' id='word_1_504' title='bbox 1430 2002 1533 2041; x_wconf 70' lang='lat' dir='ltr'>genii-</span> 
     </span>
     <span class='ocr_line' id='line_1_88' title="bbox 828 2046 1531 2086; baseline 0.009 -10"><span class='ocrx_word' id='word_1_505' title='bbox 828 2050 908 2076; x_wconf 89' lang='lat' dir='ltr'>nata</span> <span class='ocrx_word' id='word_1_506' title='bbox 925 2047 1136 2086; x_wconf 72' lang='lat' dir='ltr'>praepositio.</span> <span class='ocrx_word' id='word_1_507' title='bbox 1166 2046 1219 2078; x_wconf 89' lang='lat' dir='ltr'>Ac</span> <span class='ocrx_word' id='word_1_508' title='bbox 1231 2048 1348 2079; x_wconf 81' lang='lat' dir='ltr'>hostem</span> <span class='ocrx_word' id='word_1_509' title='bbox 1361 2049 1531 2082; x_wconf 87' lang='lat' dir='ltr'>addidisse</span> 
     </span>
     <span class='ocr_line' id='line_1_89' title="bbox 828 2096 1530 2138; baseline 0.007 -12"><span class='ocrx_word' id='word_1_510' title='bbox 828 2096 986 2127; x_wconf 84' lang='lat' dir='ltr'>videntur</span> <span class='ocrx_word' id='word_1_511' title='bbox 1016 2096 1171 2136; x_wconf 77' lang='lat' dir='ltr'>Librarii,</span> <span class='ocrx_word' id='word_1_512' title='bbox 1201 2098 1291 2137; x_wconf 88' lang='lat' dir='ltr'>quod</span> <span class='ocrx_word' id='word_1_513' title='bbox 1321 2097 1434 2138; x_wconf 84' lang='grc' dir='ltr'>φράσιν</span> <span class='ocrx_word' id='word_1_514' title='bbox 1461 2109 1530 2131; x_wconf 86' lang='lat' dir='ltr'>non</span> 
     </span>
     <span class='ocr_line' id='line_1_90' title="bbox 830 2147 1532 2188; baseline 0.007 -11"><span class='ocrx_word' id='word_1_515' title='bbox 830 2147 1074 2188; x_wconf 87' lang='lat' dir='ltr'>intelligerent.</span> <span class='ocrx_word' id='word_1_516' title='bbox 1090 2148 1205 2179; x_wconf 86' lang='lat' dir='ltr'>Livius</span> <span class='ocrx_word' id='word_1_517' title='bbox 1217 2157 1353 2179; x_wconf 84' lang='lat' dir='ltr'>xxxm.</span> <span class='ocrx_word' id='word_1_518' title='bbox 1365 2153 1396 2181; x_wconf 83' lang='lat'>7.</span> <span class='ocrx_word' id='word_1_519' title='bbox 1409 2150 1420 2167; x_wconf 88' lang='lat'>‘</span> <span class='ocrx_word' id='word_1_520' title='bbox 1434 2151 1532 2182; x_wconf 89' lang='lat' dir='ltr'>Prin-</span> 
     </span>
     <span class='ocr_line' id='line_1_91' title="bbox 830 2197 1532 2238; baseline 0.007 -11"><span class='ocrx_word' id='word_1_521' title='bbox 830 2197 920 2238; x_wconf 89' lang='lat' dir='ltr'>cipio</span> <span class='ocrx_word' id='word_1_522' title='bbox 937 2207 956 2228; x_wconf 88' lang='lat' dir='ltr'>a</span> <span class='ocrx_word' id='word_1_523' title='bbox 972 2198 1088 2238; x_wconf 85' lang='lat' dir='ltr'>paucis</span> <span class='ocrx_word' id='word_1_524' title='bbox 1098 2199 1378 2238; x_wconf 71' lang='lat' dir='ltr'>procurrentibus</span> <span class='ocrx_word' id='word_1_525' title='bbox 1391 2201 1532 2232; x_wconf 80' lang='lat' dir='ltr'>lacessi-</span> 
     </span>
     <span class='ocr_line' id='line_1_92' title="bbox 830 2248 1531 2288; baseline 0.006 -10"><span class='ocrx_word' id='word_1_526' title='bbox 830 2252 865 2278; x_wconf 81' lang='lat' dir='ltr'>ta</span> <span class='ocrx_word' id='word_1_527' title='bbox 878 2257 993 2288; x_wconf 85' lang='lat' dir='ltr'>pugna</span> <span class='ocrx_word' id='word_1_528' title='bbox 1004 2248 1080 2279; x_wconf 90' lang='lat' dir='ltr'>est.&#39;</span> <span class='ocrx_word' id='word_1_529' title='bbox 1105 2249 1260 2279; x_wconf 88' lang='lat' dir='ltr'>Lucanus</span> <span class='ocrx_word' id='word_1_530' title='bbox 1271 2258 1320 2280; x_wconf 80' lang='lat' dir='ltr'>lv.</span> <span class='ocrx_word' id='word_1_531' title='bbox 1334 2253 1409 2281; x_wconf 81' lang='lat'>720.</span> <span class='ocrx_word' id='word_1_532' title='bbox 1424 2253 1432 2268; x_wconf 92' lang='lat'>‘</span> <span class='ocrx_word' id='word_1_533' title='bbox 1447 2251 1531 2282; x_wconf 86' lang='lat' dir='ltr'>Mit-</span> 
     </span>
     <span class='ocr_line' id='line_1_93' title="bbox 829 2298 1531 2341; baseline 0.004 -13"><span class='ocrx_word' id='word_1_534' title='bbox 829 2298 924 2338; x_wconf 82' lang='lat' dir='ltr'>titur,</span> <span class='ocrx_word' id='word_1_535' title='bbox 939 2298 1061 2339; x_wconf 80' lang='lat' dir='ltr'>exigua</span> <span class='ocrx_word' id='word_1_536' title='bbox 1075 2299 1131 2340; x_wconf 87' lang='lat' dir='ltr'>qui</span> <span class='ocrx_word' id='word_1_537' title='bbox 1143 2299 1252 2338; x_wconf 80' lang='lat' dir='ltr'>proelia</span> <span class='ocrx_word' id='word_1_538' title='bbox 1265 2301 1373 2340; x_wconf 89' lang='lat' dir='ltr'>prima</span> <span class='ocrx_word' id='word_1_539' title='bbox 1389 2302 1531 2341; x_wconf 82' lang='lat' dir='ltr'>lacessat,</span> 
     </span>
     <span class='ocr_line' id='line_1_94' title="bbox 829 2348 1530 2390; baseline 0.006 -13"><span class='ocrx_word' id='word_1_540' title='bbox 829 2348 1021 2389; x_wconf 87' lang='lat' dir='ltr'>Eliciatque</span> <span class='ocrx_word' id='word_1_541' title='bbox 1051 2349 1175 2380; x_wconf 89' lang='lat' dir='ltr'>manu.&#39;</span> <span class='ocrx_word' id='word_1_542' title='bbox 1233 2349 1319 2380; x_wconf 87' lang='lat' dir='ltr'>Vide</span> <span class='ocrx_word' id='word_1_543' title='bbox 1351 2350 1530 2390; x_wconf 87' lang='lat' dir='ltr'>Virgilium</span> 
     </span>
     <span class='ocr_line' id='line_1_95' title="bbox 828 2399 1528 2432; baseline 0.004 -3"><span class='ocrx_word' id='word_1_544' title='bbox 828 2399 904 2429; x_wconf 82' lang='lat' dir='ltr'>AEn.</span> <span class='ocrx_word' id='word_1_545' title='bbox 932 2408 966 2430; x_wconf 90' lang='lat' dir='ltr'>v.</span> <span class='ocrx_word' id='word_1_546' title='bbox 993 2403 1068 2431; x_wconf 79' lang='lat'>429.</span> <span class='ocrx_word' id='word_1_547' title='bbox 1122 2409 1172 2431; x_wconf 77' lang='lat' dir='ltr'>xl.</span> <span class='ocrx_word' id='word_1_548' title='bbox 1198 2403 1272 2431; x_wconf 84' lang='lat'>253.</span> <span class='ocrx_word' id='word_1_549' title='bbox 1319 2406 1355 2431; x_wconf 89' lang='lat' dir='ltr'>et</span> <span class='ocrx_word' id='word_1_550' title='bbox 1382 2401 1528 2432; x_wconf 83' lang='lat' dir='ltr'>Statium</span> 
     </span>
     <span class='ocr_line' id='line_1_96' title="bbox 827 2449 1530 2491; baseline 0.001 -11"><span class='ocrx_word' id='word_1_551' title='bbox 827 2449 930 2481; x_wconf 85' lang='lat' dir='ltr'>Theb.</span> <span class='ocrx_word' id='word_1_552' title='bbox 943 2459 968 2480; x_wconf 91' lang='lat'>1.</span> <span class='ocrx_word' id='word_1_553' title='bbox 986 2453 1060 2481; x_wconf 81' lang='lat'>413.</span> <span class='ocrx_word' id='word_1_554' title='bbox 1100 2451 1210 2481; x_wconf 73' lang='lat' dir='ltr'>Datis.</span> <span class='ocrx_word' id='word_1_555' title='bbox 1228 2461 1297 2482; x_wconf 82' lang='lat' dir='ltr'>cur.</span> <span class='ocrx_word' id='word_1_556' title='bbox 1315 2461 1381 2482; x_wconf 75' lang='lat' dir='ltr'>sec.</span> <span class='ocrx_word' id='word_1_557' title='bbox 1427 2451 1530 2491; x_wconf 40' lang='lat' dir='ltr'>Opti*</span> 
     </span>
     <span class='ocr_line' id='line_1_97' title="bbox 829 2501 1529 2532; baseline 0.001 -2"><span class='ocrx_word' id='word_1_558' title='bbox 829 2510 882 2530; x_wconf 92' lang='lat' dir='ltr'>me</span> <span class='ocrx_word' id='word_1_559' title='bbox 897 2501 1057 2532; x_wconf 87' lang='lat' dir='ltr'>Davisius</span> <span class='ocrx_word' id='word_1_560' title='bbox 1072 2501 1106 2531; x_wconf 92' lang='lat' dir='ltr'>in</span> <span class='ocrx_word' id='word_1_561' title='bbox 1122 2511 1189 2532; x_wconf 88' lang='lat' dir='ltr'>sec.</span> <span class='ocrx_word' id='word_1_562' title='bbox 1213 2502 1303 2532; x_wconf 78' lang='lat' dir='ltr'>curis</span> <span class='ocrx_word' id='word_1_563' title='bbox 1325 2501 1410 2532; x_wconf 83' lang='lat' dir='ltr'>hanc</span> <span class='ocrx_word' id='word_1_564' title='bbox 1427 2501 1529 2531; x_wconf 91' lang='lat' dir='ltr'>adno-</span> 
     </span>
     <span class='ocr_line' id='line_1_98' title="bbox 830 2551 1530 2582; baseline 0 -2"><span class='ocrx_word' id='word_1_565' title='bbox 830 2551 912 2581; x_wconf 79' lang='lat' dir='ltr'>tavit</span> <span class='ocrx_word' id='word_1_566' title='bbox 924 2551 1191 2582; x_wconf 85' lang='lat' dir='ltr'>observationem</span> <span class='ocrx_word' id='word_1_567' title='bbox 1207 2563 1213 2581; x_wconf 90' lang='lat'>:</span> <span class='ocrx_word' id='word_1_568' title='bbox 1233 2561 1307 2581; x_wconf 83' lang='lat' dir='ltr'>nau]</span> <span class='ocrx_word' id='word_1_569' title='bbox 1322 2552 1423 2582; x_wconf 75' lang='lat' dir='ltr'>etiam</span> <span class='ocrx_word' id='word_1_570' title='bbox 1440 2552 1530 2582; x_wconf 89' lang='lat' dir='ltr'>Bon·</span> 
     </span>
     <span class='ocr_line' id='line_1_99' title="bbox 829 2600 1528 2642; baseline 0 -12"><span class='ocrx_word' id='word_1_571' title='bbox 829 2601 999 2639; x_wconf 84' lang='lat' dir='ltr'>garsiauus</span> <span class='ocrx_word' id='word_1_572' title='bbox 1016 2602 1111 2642; x_wconf 88' lang='lat' dir='ltr'>prim.</span> <span class='ocrx_word' id='word_1_573' title='bbox 1125 2602 1307 2633; x_wconf 74' lang='lat' dir='ltr'>Leidenses</span> <span class='ocrx_word' id='word_1_574' title='bbox 1323 2607 1357 2632; x_wconf 91' lang='lat' dir='ltr'>et</span> <span class='ocrx_word' id='word_1_575' title='bbox 1372 2600 1528 2631; x_wconf 82' lang='lat' dir='ltr'>Vossiaui</span> 
     </span>
     <span class='ocr_line' id='line_1_100' title="bbox 829 2650 1527 2690; baseline 0.001 -10"><span class='ocrx_word' id='word_1_576' title='bbox 829 2659 956 2690; x_wconf 87' lang='lat' dir='ltr'>omnes,</span> <span class='ocrx_word' id='word_1_577' title='bbox 978 2651 1059 2683; x_wconf 78' lang='lat' dir='ltr'>item</span> <span class='ocrx_word' id='word_1_578' title='bbox 1076 2652 1211 2683; x_wconf 81' lang='lat' dir='ltr'>Duker.</span> <span class='ocrx_word' id='word_1_579' title='bbox 1229 2656 1264 2682; x_wconf 88' lang='lat' dir='ltr'>et</span> <span class='ocrx_word' id='word_1_580' title='bbox 1287 2650 1431 2682; x_wconf 84' lang='lat' dir='ltr'>Dorvill.</span> <span class='ocrx_word' id='word_1_581' title='bbox 1449 2659 1527 2681; x_wconf 87' lang='lat' dir='ltr'>cum</span> 
     </span>
     <span class='ocr_line' id='line_1_101' title="bbox 828 2700 1526 2741; baseline -0.001 -10"><span class='ocrx_word' id='word_1_582' title='bbox 828 2700 914 2732; x_wconf 86' lang='lat' dir='ltr'>Edd.</span> <span class='ocrx_word' id='word_1_583' title='bbox 929 2702 1091 2741; x_wconf 76' lang='lat' dir='ltr'>Romana,</span> <span class='ocrx_word' id='word_1_584' title='bbox 1113 2701 1253 2732; x_wconf 90' lang='lat' dir='ltr'>Mediol.</span> <span class='ocrx_word' id='word_1_585' title='bbox 1271 2701 1406 2730; x_wconf 80' lang='lat' dir='ltr'>Veneta</span> <span class='ocrx_word' id='word_1_586' title='bbox 1421 2704 1526 2740; x_wconf 80' lang='lat' dir='ltr'>atque</span> 
     </span>
     <span class='ocr_line' id='line_1_102' title="bbox 828 2749 1526 2792; baseline 0.004 -11"><span class='ocrx_word' id='word_1_587' title='bbox 828 2750 968 2784; x_wconf 86' lang='lat' dir='ltr'>Incerta</span> <span class='ocrx_word' id='word_1_588' title='bbox 983 2761 1048 2783; x_wconf 90' lang='lat' dir='ltr'>non</span> <span class='ocrx_word' id='word_1_589' title='bbox 1061 2754 1249 2792; x_wconf 84' lang='lat' dir='ltr'>agnoscunt</span> <span class='ocrx_word' id='word_1_590' title='bbox 1264 2749 1302 2780; x_wconf 80' lang='grc' dir='ltr'>τὸ</span> <span class='ocrx_word' id='word_1_591' title='bbox 1312 2750 1448 2788; x_wconf 53' lang='lat' dir='ltr'>hosteim·</span> <span class='ocrx_word' id='word_1_592' title='bbox 1462 2749 1526 2784; x_wconf 79' lang='lat' dir='ltr'>sed</span> 
     </span>
    </p>
   </div>
  </div>
 </body>
</html>
