1818 3131
338 204 430 236 mn.
455 205 561 238 v111.
592 205 701 235 mv.
722 195 792 237 52.
826 207 889 236 nn
924 202 1086 236 nanno·
1111 206 1339 236 catum.

105 305 185 333 tert.
201 299 384 339 Vossianis,
401 300 563 341 Gottorp.
580 303 615 330 et
643 298 705 329 Ed.
724 298 797 330 luc.

100 352 246 381 Iocorum.
300 351 446 382 Omnino
474 351 610 382 rectius.
636 350 724 380 Vide
755 351 797 380 ad

104 399 143 430 B.
159 400 205 431 G.
228 409 278 430 iv.
295 403 346 430 15.
369 402 378 417 ⁶
399 400 529 439 timore,
544 399 752 438 lassitudine,
764 400 795 430 vi

102 447 273 480 fluminis!
307 449 395 480 Dein
413 459 473 490 pro
489 459 546 488 qua
563 449 595 479 in
612 449 707 480 Leid.
726 458 795 480 sec.

102 504 154 530 est
180 509 250 539 qua,
278 504 314 529 at
344 500 449 537 Bong.
481 508 531 538 pr.
563 504 599 529 et
623 499 721 530 Voss.
745 509 795 539 pr.

99 560 176 589 qaoe.
200 550 252 580 Ire
265 550 358 587 riam,
371 553 488 589 portus,
512 549 619 588 forum
636 550 793 591 frequens

99 604 152 632 est
166 599 288 639 poetis,
303 608 369 629 non
385 599 466 629 item
481 599 660 630 historicis.
687 599 797 631 Recte

96 658 134 679 se
158 648 262 680 habet
288 660 357 689 qua.
403 649 472 680 Adi
502 650 637 681 omnino
669 649 710 680 ad
726 659 750 681 1.
765 652 796 681 6.

99 701 107 714 ‘
124 698 190 729 Vix
206 708 272 739 qua
301 699 425 738 singuli
455 699 543 729 carri
571 699 798 730 ducerentur!

98 748 255 781 Quatuor
272 753 385 779 autem
407 749 481 779 haec
498 748 602 779 verba
618 758 677 789 qua
703 750 739 779 C.
758 750 794 780 it.

99 801 166 828 erat
182 797 305 828 desunt
320 798 352 827 in
365 797 454 828 And.
469 803 504 829 et
518 797 631 829 Oxou.

98 861 100 863 ·
141 851 182 879 10
205 847 414 888 Humiliores]
429 847 685 888 Petav.Scalig.
701 848 796 879 Leid.

100 908 150 938 pr.
170 899 267 929 Voss.
285 907 337 937 pr.
355 903 390 928 ct
412 900 432 928 4
460 898 514 928 alii
537 907 613 928 cum
633 899 696 929 Ed.
720 899 795 930 Ine.

97 948 254 980 Aleliores.
287 949 391 981 Quasi
408 949 512 980 vellet
529 950 682 989 innuere,
714 960 796 991 opu-

97 999 257 1030 lentiores
273 1009 339 1030 non
357 1010 453 1041 aeque
472 1000 559 1032 bono
580 1002 690 1032 animo
707 1011 797 1042 mag-

97 1048 302 1080 nificentiam
340 1055 542 1088 ostentasse,
573 1061 672 1091 quam
703 1052 796 1090 alios,

96 1099 152 1140 qui
168 1099 307 1131 meliore
324 1100 357 1130 in
387 1100 554 1130 Caemrem
572 1101 681 1131 animo
697 1107 795 1132 eraut

97 1148 245 1189 praediti.
290 1148 436 1180 Videtur
454 1154 565 1179 tamen
590 1149 703 1188 potius
720 1149 793 1179 haec

96 1197 198 1229 lectio
238 1202 319 1228 nata
349 1206 368 1228 e
405 1207 497 1228 more
528 1197 700 1228 scribendi
732 1208 794 1238 pei·

97 1247 307 1278 omissionem
335 1247 392 1278 τοῦ
417 1247 449 1287 h,
468 1248 637 1278 umidiores.
693 1248 793 1278 Unde

95 1305 198 1336 supra
212 1296 310 1328 docui
325 1297 481 1328 hominum
505 1306 597 1337 saepe
621 1296 744 1327 abiisse
761 1297 794 1327 in

95 1347 240 1378 omnium.
285 1348 340 1379 Sic
376 1348 519 1385 Umerus,
545 1349 685 1386 Omerus,
716 1347 796 1378 Ora-

95 1397 171 1436 cius,
195 1401 230 1428 et
246 1397 314 1428 alia
329 1397 515 1428 innumera.

140 1455 201 1477 m.
214 1449 234 1477 2
251 1447 435 1487 Celeritate]
450 1448 558 1487 Bong.
573 1448 728 1488 pr.cujus
740 1448 794 1478 hic

95 1506 209 1528 rursus
240 1497 361 1537 incipit
390 1507 507 1528 manus
535 1506 667 1536 recenS,
698 1498 794 1529 Leid.

95 1557 146 1588 pr.
163 1547 251 1578 Scal.
263 1546 375 1579 Oxou.
391 1547 522 1578 Buslid.
536 1548 644 1579 Dorv.
658 1553 693 1579 et
708 1547 795 1580 Edd.

96 1598 192 1629 Rom.
206 1598 291 1629 Ven.
308 1597 402 1629 Med.
418 1607 485 1628 cum
501 1597 670 1629 celeritate.
693 1597 795 1630 Quod

96 1647 239 1687 reposui.
296 1647 429 1688 Saepius
475 1647 546 1678 haec
598 1647 794 1687 praepositio

95 1697 207 1729 fuerat
231 1698 353 1739 ejecta.
399 1697 490 1728 Alibi
504 1707 621 1728 summa
644 1708 712 1728 cum
727 1708 795 1728 con-

94 1749 232 1786 tumelia,
257 1749 433 1788 diligentia,
459 1748 605 1789 periculo,
629 1750 682 1787 “j-c.
707 1747 794 1779 Vide

96 1798 247 1830 Iudicem
273 1804 439 1838 notarum,
461 1803 496 1829 et
521 1797 563 1829 ad
591 1798 631 1828 B.
650 1797 792 1838 Hispan.

95 1857 125 1878 c.
150 1851 182 1880 2.

96 1915 104 1919 -
137 1901 154 1928 5
183 1897 218 1930 T.
234 1897 406 1929 Labienum
431 1897 547 1929 Gallioe
564 1897 694 1936 Togatoe
712 1907 794 1937 prae-

87 1947 182 1986 fecit,
197 1958 256 1988 quw
271 1950 391 1988 majore
416 1949 674 1980 commendatione
694 1949 793 1979 conci-

94 1999 225 2030 liaretur
235 2000 275 2030 ad
289 2000 462 2031 consulatus
471 1998 669 2039 petitionem]
715 1997 793 2028 Gal-

95 2050 139 2080 lia
156 2049 274 2090 Togata
300 2055 354 2081 est
380 2049 561 2090 Cisalpina.
606 2049 694 2079 Vide
711 2048 791 2079 Ald.

98 2099 288 2130 Munatium
314 2101 447 2132 Quaest.
475 2108 538 2139 per
567 2098 677 2138 Epist.
704 2098 726 2128 1.
752 2106 792 2130 11.

98 2149 161 2189 Ep.
179 2158 220 2181 11.
265 2150 415 2181 eoloniae
431 2154 466 2180 et
483 2149 664 2189 municipia
677 2149 793 2189 populi

96 2198 196 2229 Rom.
235 2198 466 2238 suffragiorum
507 2199 564 2239 jus
611 2199 794 2239 habebant,

98 2258 197 2289 quam
213 2249 255 2280 ob
273 2259 407 2281 causam
426 2250 460 2281 T.
484 2250 656 2282 Labienum
679 2250 794 2282 Gallice

101 2299 231 2339 Togatae
252 2300 395 2340 praefecit
435 2300 561 2340 Caesar,
591 2311 649 2341 quo
680 2301 794 2339 maiore

97 2352 355 2381 commendatione
369 2351 584 2382 conciliaretur
600 2352 640 2382 ad
660 2352 795 2382 consula-

97 2405 147 2430 tus
171 2400 365 2441 petitionem.
413 2401 538 2432 Noster
555 2410 584 2432 c.
601 2404 632 2432 1.
654 2402 663 2418 ‘
682 2401 794 2431 Muni-

98 2450 186 2491 cipia
214 2455 250 2481 et
266 2451 414 2483 colonias
439 2451 642 2490 appellaret,
673 2450 794 2492 quibus

97 2500 146 2531 M.
170 2499 310 2531 Antonii
338 2501 525 2532 Quaestoris
551 2501 603 2532 sui
627 2510 794 2532 commen-

99 2550 197 2582 daret
238 2551 421 2582 'sacerdotii
459 2550 683 2591 petitionem!
751 2552 795 2582 Et

98 2601 235 2641 iterum,
255 2602 266 2618 ‘
281 2602 415 2633 Justam
433 2602 494 2632 sibi
510 2611 661 2632 caussam
689 2601 795 2630 muni-

99 2650 188 2691 cipia
200 2655 236 2682 et
250 2651 400 2682 colonias
417 2652 562 2683 adeundi
577 2650 795 2690 existimavit,

101 2705 138 2732 ut
163 2701 203 2732 iis
219 2701 343 2741 gratias
360 2707 492 2742 ageret,
516 2701 608 2743 quod
639 2700 795 2742 frequen-

100 2749 183 2783 tiam
205 2754 306 2793 atque
331 2750 478 2785 officium
517 2762 615 2785 suum
645 2749 796 2784 Antonio

1436 198 1546 239 1327

851 301 1111 339 praestitissent!
1134 302 1255 333 Cicero
1268 301 1309 333 ad
1324 301 1430 333 Attic.
1445 303 1509 343 Ep.
1525 313 1548 334 r.

852 352 880 379 l.
898 360 930 388 p.
948 353 998 381 15.
1018 352 1080 381 Ed.
1099 352 1211 382 (ἷκεν.
1249 353 1258 369 ‘
1277 351 1443 384 Quoniam
1458 352 1548 382 vide-

850 399 956 429 turin
984 399 1156 441 Suffragiis
1184 402 1324 431 multum
1342 410 1439 441 posse
1467 401 1548 432 Gal-

849 448 894 478 lia
909 449 1112 489 (Cisalpina)
1136 460 1210 481 cum
1230 450 1345 481 Romae
1372 460 1390 481 a
1409 451 1548 491 judiciis

849 497 958 528 sorum
983 498 1167 539 refrixerit,
1190 509 1407 531 excurremus
1432 510 1547 533 mense

850 548 1042 588 Septembri
1060 549 1164 589 legati
1188 549 1229 579 ad
1256 549 1474 589 Pisouem,ut
1489 551 1546 583 Ja-

848 597 966 628 nuario
984 598 1218 629 revertamur!
1263 599 1316 633 Ad
1334 609 1409 629 eum
1437 600 1548 632 locum

849 646 987 677 videndi
1026 651 1103 678 sunt
1141 647 1280 679 Paullus
1314 650 1486 680 Manutius
1512 655 1550 682 et

849 697 927 729 Pet.
963 698 1144 730 Victorius.
1190 699 1246 729 De
1283 709 1450 740 tempore,
1481 710 1546 742 quo

844 749 901 789 jus
929 747 1077 790 suffragii
1103 750 1258 781 omnibus
1285 751 1475 791 municipiis
1511 756 1546 783 et

848 799 987 830 coloniis
1015 799 1172 840 (labatur,
1198 801 1352 832 consulas
1381 802 1425 832 H.
1449 801 1548 833 Nori-

848 849 932 880 sium
960 849 1003 881 ad
1030 850 1151 882 Cenot.
1184 851 1255 883 Pis.
1280 851 1369 883 Diss.
1397 860 1423 883 1.
1455 861 1486 884 c.
1515 856 1547 884 l.

847 899 1009 932 Dat-isius.

891 952 930 979 15
958 950 1116 990 Obtinerz']
1139 951 1224 983 Vide
1237 962 1336 992 supra
1352 952 1392 983 ad
1411 961 1475 984 vn.
1491 955 1544 985 36.

847 997 856 1014 ‘
874 999 1044 1038 prohiberi
1075 1000 1277 1032 videantur!
1322 1002 1430 1033 Clark.
1476 1003 1544 1034 Adi

847 1052 944 1079 notas
972 1048 1013 1079 ad
1043 1058 1082 1079 11.
1099 1052 1150 1080 32.
1186 1050 1323 1082 ‘fucere
1349 1051 1510 1082 dixerunt
1525 1051 1545 1081 ι’

847 1097 935 1128 uude
964 1104 1061 1138 patet
1088 1100 1196 1130 minus
1221 1100 1307 1131 bene
1333 1102 1366 1131 in
1395 1101 1484 1133 And.
1510 1106 1546 1132 et

847 1146 1034 1178 Oxoniensi
1067 1149 1168 1179 scribi
1191 1159 1327 1180 caussam
1354 1161 1378 1181 s.
1405 1151 1548 1187 facilem.

845 1196 941 1227 Nam.
967 1197 1114 1229 Dorvill.
1142 1199 1244 1229 etiam
1262 1199 1402 1237 facilem.
1437 1201 1547 1240 Bong.

847 1256 897 1286 pr.
917 1246 1065 1278 obtinere.
1097 1249 1272 1289 Frequens
1288 1250 1414 1280 locutio
1432 1254 1484 1280 est
1497 1250 1547 1280 ob-

845 1296 943 1327 tinere
966 1307 1043 1335 rem,
1073 1308 1233 1329 caussam:
1257 1304 1292 1330 et
1322 1299 1546 1340 subintelligi-

847 1351 903 1375 tm·
919 1356 1019 1386 posse,
1034 1347 1088 1377 vel
1108 1346 1258 1379 futurum
1287 1353 1421 1388 tempus
1439 1349 1546 1380 innui—

847 1400 913 1434 tur,
930 1401 966 1426 ut
983 1396 1106 1428 adlatis
1124 1397 1207 1428 locis
1223 1402 1330 1437 patet.

851 1458 854 1461 ·
888 1448 927 1476 21
953 1446 1067 1487 Paeto]
1124 1447 1180 1478 Sic
1231 1447 1366 1491 quidem
1416 1448 1546 1488 placuit

846 1495 998 1535 Faern03
1023 1505 1041 1526 e
1060 1496 1125 1527 Ms.
1153 1507 1193 1528 an
1211 1507 1229 1528 e
1255 1498 1463 1538 conjectura,
1479 1508 1546 1530 non

846 1544 994 1576 additur.
1039 1545 1188 1586 Recepit
1217 1551 1329 1577 tamen
1354 1548 1492 1579 Hotom.
1508 1553 1545 1579 et

845 1593 1009 1634 Scaliger,
1047 1605 1123 1626 cum
1154 1601 1233 1626 ante
1271 1605 1345 1627 eum
1383 1595 1546 1628 ederetur

838 1641 955 1680 factm
986 1647 1089 1684 atque
1120 1645 1168 1675 ita
1192 1644 1354 1676 exhibent
1377 1652 1545 1686 excerpta

846 1691 1000 1731 Gruteri‚
1023 1695 1157 1736 meique
1173 1699 1342 1736 quotquot
1367 1694 1453 1726 hanc
1470 1705 1546 1736 par-

847 1748 915 1775 tem
932 1745 1069 1785 liabent,
1086 1747 1232 1786 codices,
1249 1756 1353 1787 quare
1376 1747 1544 1779 revocavi.

844 1795 943 1835 S‘aepe
959 1795 1050 1833 sacto
1064 1796 1098 1826 in
1110 1800 1200 1836 ραι-10
1215 1802 1389 1828 mutarunt
1404 1797 1543 1828 librarii.

844 1844 912 1875 Adi
942 1846 982 1876 ad
1010 1846 1127 1877 Front.
1155 1857 1188 1886 p.
1205 1850 1279 1878 214.
1305 1848 1314 1865 ⁶
1333 1848 1409 1880 Quo
1434 1846 1541 1878 facto'

845 1894 936 1926 Hirt.
955 1895 996 1926 B.
1014 1894 1114 1926 Alex.
1132 1905 1160 1926 c.
1176 1900 1205 1926 5.
1221 1899 1252 1926 7.
1267 1898 1321 1926 23.
1369 1896 1460 1926 Dein
1474 1900 1544 1927 tan-

845 1948 909 1975 tum
925 1954 992 1976 non
1003 1945 1092 1975 male
1105 1945 1203 1976 abest
1219 1945 1260 1976 ab
1276 1945 1365 1976 And.
1382 1951 1419 1977 et
1432 1945 1543 1977 Oxou.

844 1995 938 2024 solum
955 1999 989 2024 et
1005 1997 1127 2025 tantum
1142 1995 1360 2036 sequentibus
1385 1997 1438 2026 sed
1449 1995 1544 2026 etiam

845 2053 911 2074 non
926 2053 1002 2074 raro
1017 2044 1227 2084 subintelligi
1244 2046 1343 2076 solet.
1388 2045 1478 2077 Vide
1500 2045 1544 2077 ad

845 2092 996 2134 ejusdem
1026 2102 1065 2124 11.
1084 2096 1135 2124 13.
1162 2099 1193 2125 5.
1218 2094 1319 2125 ‘Non
1344 2095 1458 2135 armis,
1483 2096 1544 2127 sed

845 2142 1063 2174 mineribus?
1097 2143 1265 2175 Steweeh.
1282 2144 1325 2174 ad
1337 2144 1441 2185 Apul.
1452 2145 1542 2178 Met.

845 2201 899 2224 111.
918 2203 952 2233 p.
977 2202 1021 2224 m.
1037 2195 1112 2224 326.
1135 2194 1177 2224 B.
1195 2193 1269 2225 Civ.
1286 2203 1342 2226 ιιι.
1357 2198 1410 2226 57.
1433 2198 1443 2213 ⁸
1463 2196 1544 2227 Non

844 2243 964 2283 solum,
983 2253 1058 2284 quae
1082 2244 1270 2284 probasset,
1286 2253 1468 2286 exponere,
1481 2245 1543 2277 sed

844 2294 974 2333 etiam‚'
988 2296 1052 2325 ἀε-
1075 2294 1120 2326 In
1133 2294 1260 2326 chan.
1277 2294 1374 2326 deest
1387 2295 1500 2327 solum.

886 2347 928 2376 22
951 2345 1103 2386 Βία-εει]
1146 2345 1239 2386 Ejeci
1268 2355 1385 2376 vocem
1417 2349 1545 2378 senatus

844 2394 1005 2426 intrusam
1032 2405 1051 2426 a
1065 2395 1198 2427 Faerno
1213 2400 1250 2426 et
1273 2395 1448 2437 Scaligero
1463 2406 1544 2428 con-

846 2451 899 2477 tra
913 2447 998 2477 Mss.
1016 2451 1052 2477 et
1068 2446 1155 2477 Edd.
1167 2455 1291 2477 omnes.
1315 2445 1440 2477 Melius
1451 2445 1543 2477 idem

844 2497 977 2536 legebat
1007 2496 1044 2528 S.
1069 2497 1106 2527 C.
1133 2506 1190 2537 per
1217 2496 1293 2527 disc.
1313 2496 1344 2534 f.
1368 2506 1394 2527 c.
1453 2496 1542 2527 vide

846 2547 926 2578 Urs.
976 2547 1139 2580 Quamvis
1178 2546 1265 2578 absit
1306 2556 1371 2577 vox
1406 2549 1542 2584 senatus,

845 2595 945 2627 facile
968 2597 1112 2637 intelligi
1138 2601 1252 2636 potest
1278 2596 1320 2626 de
1335 2595 1540 2626 discessione

846 2652 982 2678 senatus
1011 2647 1154 2687 pedibus
1185 2645 1286 2677 facta.
1322 2655 1351 2676 c.
1379 2648 1432 2676 53.
1455 2644 1541 2675 ‘dis-

847 2697 1033 2728 cessionem
1049 2695 1196 2727 faciente
1215 2694 1402 2726 Marcello!

887 2749 931 2779 24
952 2745 1209 2788 Inter-cesserunt]
1231 2746 1286 2780 Sic
1302 2744 1453 2787 reposuit
1464 2744 1547 2778 Sca-
