1818 3131
258 213 373 256 1002

257 320 337 353 Duo
358 319 430 360 jam
449 318 534 349 dicit
551 318 677 356 Caesar,
694 315 766 356 fere
781 327 899 359 semper
921 323 957 350 ct

255 369 298 404 ab
322 369 460 400 omnibus
487 368 594 401 Gallis
621 368 786 399 Italorum
814 368 959 400 brevita-

257 425 326 453 tem
350 419 533 450 contemni.
579 419 634 449 Sic
661 428 693 450 v.
717 422 768 450 57.
792 420 801 436 ‘
817 419 957 460 Equites

255 469 454 509 plerumque
482 478 597 499 omnes
620 469 689 500 tela
717 469 806 500 intra
833 470 956 500 vallum

256 518 485 558 conjiciebant
500 518 519 548 :'
560 518 617 549 ubi
652 519 756 550 etiam
787 519 956 550 malebant

257 568 331 598 Viri
347 567 440 598 docti
463 569 624 608 plerique:
647 578 846 610 quamquam
862 569 957 600 homi-

257 619 346 649 nibus
362 628 423 659 ego
445 619 605 659 praefero,
621 630 698 651 cum
713 620 767 650 hic
783 630 848 651 non
875 629 958 660 opus

256 668 300 699 sit
314 667 351 698 τὸ
366 669 503 699 omnihus
519 669 610 710 addi,
634 674 668 701 et
686 671 873 710 elegantius
890 669 958 700 dic-

257 722 329 749 tum
358 718 402 749 sit
428 718 599 749 homiuibus
628 720 741 750 Gallis.
786 719 874 750 Vide
890 729 958 749 orn-

255 768 336 799 nino
362 768 396 800 J.
418 769 454 799 1³.
482 768 632 799 Gronov.
659 769 805 799 Observ.
832 778 872 799 11.
906 771 958 799 13.

259 818 347 850 Haec
379 828 443 849 vox
472 824 584 849 autem
618 828 694 848 curn
723 818 862 848 omnibus
891 827 958 848 non

256 876 334 898 raro
351 866 581 898 confunditur.
621 868 769 898 Consule
783 868 835 898 Cl.
849 867 958 898 Wass.

255 917 298 947 ad
320 917 459 948 Sallust.
486 917 526 946 B.
549 917 652 948 Catil.
675 926 706 956 p.
727 919 801 948 154.
827 921 862 948 et
884 926 960 957 quae

257 970 421 997 notantur
437 966 478 997 ad
499 967 625 1006 Nepot.
642 966 762 998 Tliem.
786 976 813 998 c.
829 969 862 997 9.
888 966 962 996 Om-

256 1017 342 1046 nium
361 1016 531 1055 Grajorum
547 1027 586 1047 ac
609 1017 659 1048 Cl.
680 1016 791 1047 Drak.
816 1016 858 1047 ad
883 1016 959 1048 Liv.

256 1073 312 1096 111.
337 1068 389 1096 54.
419 1067 435 1106 ξ)
459 1069 490 1096 6.
538 1067 643 1097 Plura
667 1066 777 1098 dicam
805 1066 893 1097 iufra
918 1065 961 1098 ad

258 1124 307 1147 Π.
325 1118 375 1147 16.
393 1119 401 1133 ‘
420 1116 522 1147 Natio
540 1121 592 1147 est
609 1117 715 1148 onmis
732 1116 964 1158 (vclomnz'um)

258 1165 457 1198 Gallornm.'
502 1166 684 1206 Plerumque
704 1172 740 1198 et
759 1167 893 1197 homines
912 1168 960 1198 sic

249 1215 366 1256 jungit
391 1216 432 1247 B.
448 1216 521 1247 Civ.
538 1225 561 1246 1.
579 1220 631 1248 85.
659 1218 668 1234 ‘
684 1217 889 1257 Plerumque
906 1217 963 1247 ho-

255 1266 401 1297 minibus
416 1267 576 1298 accidere
593 1268 701 1299 soleat
716 1268 735 1298 ε’
755 1267 819 1298 nisi
835 1267 880 1298 ibi
896 1268 960 1307 leg.

257 1315 387 1353 homini,
405 1321 441 1346 ut
458 1327 518 1347 sno
536 1317 611 1347 loco
629 1317 774 1357 patebit.

301 1368 338 1396 11
367 1365 672 1406 Tem·1'1›1i71mur11s]
703 1367 810 1399 Juxta
835 1376 961 1398 muros.

258 1414 360 1446 Gabr.
387 1415 536 1446 Faernus
561 1421 597 1447 et
624 1417 721 1447 Fulv.
745 1417 885 1448 Ursinus
910 1426 961 1447 re-

256 1469 388 1504 ponunt
404 1465 435 1495 in
451 1476 549 1498 muro.
595 1467 756 1505 Frustra3
778 1477 853 1498 cum
871 1467 903 1497 in
921 1476 962 1498 eo

257 1518 370 1545 turres
386 1515 491 1546 locari
507 1525 573 1547 non
599 1517 788 1556 potuerint,
804 1521 845 1548 ut
866 1521 962 1548 nota-

259 1564 305 1595 vit
330 1565 365 1597 J.
393 1565 530 1606 Lipsius
561 1566 710 1598 Poliorc.
740 1567 832 1599 Dial.
860 1576 900 1598 11.
928 1569 961 1598 4.

259 1614 371 1645 Daris.

300 1672 405 1695 xxxl.
418 1668 435 1695 4
456 1665 526 1695 Non
539 1676 570 1695 se
583 1666 780 1707 existimare]
802 1666 962 1706 BongarS.

257 1714 358 1755 prim.
374 1714 495 1745 Petav.
513 1716 641 1746 Lovan.
658 1716 824 1756 Egmund.
846 1721 881 1747 et
905 1716 962 1747 alii

258 1774 334 1795 cum
352 1764 415 1795 Ed.
438 1765 577 1797 Incerta
591 1766 750 1796 omittunt
764 1765 801 1796 τὸ
811 1775 862 1796 se.-
886 1775 960 1796 sex-

258 1815 389 1846 centies
415 1815 449 1846 in
476 1816 538 1846 hac
563 1816 815 1847 constructione
841 1825 962 1857 prono-

258 1875 335 1896 men
349 1875 380 1896 se
404 1875 465 1906 per
480 1866 624 1906 Ellipsin
640 1865 824 1897 omittitur.
846 1867 889 1897 V.
912 1875 962 1896 so-

257 1923 371 1945 cerum
389 1925 500 1946 meum
519 1915 560 1945 ad
579 1915 692 1946 Valer.
708 1916 803 1947 Max.
820 1924 871 1947 1v.
888 1919 917 1946 1.
930 1918 960 1946 S.

259 1966 354 1997 Cort.
379 1966 421 1997 ad
447 1967 584 1997 Sallust.
611 1966 652 1996 B.
671 1966 746 1997 Cat.
772 1968 869 1997 c.3l.
894 1966 907 2005 ς’
931 1969 962 1996 7.

258 2016 345 2048 Plin.
374 2025 429 2047 111.
460 2017 523 2056 Ep.
555 2019 606 2047 14.
635 2016 765 2056 Nepot.
797 2016 829 2046 in
857 2015 961 2046 Dion.

258 2076 287 2098 c.
304 2069 335 2097 6.
357 2066 384 2097 si
401 2067 483 2098 Mss.
499 2066 594 2097 fides.
633 2065 812 2097 Drakenb.
831 2065 870 2096 ad
888 2065 961 2097 Liv.

258 2125 284 2147 1.
311 2119 364 2147 23.
411 2116 597 2147 Iunumcra
624 2115 703 2146 addi
734 2120 876 2156 possent
905 2125 962 2146 ex-

259 2168 391 2207 empla3
414 2168 473 2198 sed
490 2168 539 2199 his
555 2167 708 2198 minutiis
724 2177 837 2207 parco.
874 2166 962 2197 Vide

258 2217 373 2257 paullo
397 2221 474 2257 post
497 2227 527 2248 c.
555 2221 608 2249 32.
633 2222 669 2248 et
698 2226 732 2247 v.
752 2220 804 2247 27.
831 2219 884 2247 29.
909 2219 961 2247 36.

259 2269 310 2299 41.
327 2276 365 2297 ac
384 2276 449 2298 vn.
467 2271 498 2298 2.
517 2268 556 2298 B.
576 2268 650 2299 Civ.
664 2276 705 2298 11.
722 2270 773 2298 12.
788 2270 840 2298 20.

305 2317 371 2356 Ope
386 2317 525 2357 deorum]
556 2318 642 2348 Mss.
667 2322 702 2348 et
726 2317 836 2348 Editt.
866 2318 960 2348 Vctt.

259 2366 376 2398 «licina.
426 2368 533 2398 Clark.
594 2368 730 2399 Carrar.
762 2378 894 2408 quoquc
927 2373 963 2398 et

260 2425 375 2447 onmes
390 2417 468 2455 mei,
484 2417 639 2457 cxceptis
657 2417 752 2448 Leid.
773 2428 822 2458 pr.
836 2418 961 2456 Scalig.

261 2472 296 2498 ct
309 2468 513 2507 Oxonicmi,
526 2468 686 2499 exhibent
700 2468 805 2498 dirimi
820 2479 831 2505 ;
847 2468 960 2500 Graec.

260 2515 341 2548 Θείας
366 2517 545 2557 ἐπικουρίας.
593 2518 709 2549 Celsus
739 2519 861 2548 Cadesh
887 2529 962 2549 uus-

259 2567 335 2597 ilio.-
358 2568 400 2598 V.
418 2567 530 2599 Cicer.
554 2568 596 2598 de
625 2568 705 2599 Nat.
724 2569 831 2599 Dcor.
851 2578 890 2599 11.
909 2572 961 2600 66.

258 2616 314 2647 An
331 2616 395 2648 fuit
412 2618 489 2648 olim
508 2619 611 2648 Deum
626 2619 677 2648 vcl
696 2619 798 2648 (lirum
811 2617 825 2648 ,7

302 2670 323 2697 6
353 2667 549 2705 Promovere,
587 2670 616 2698 et
655 2677 694 2697 ea:
733 2669 962 2708 propinquitate

258 2725 398 2755 pugnare
431 2718 568 2757 possent]
614 2718 811 2755 Legendum
844 2724 963 2750 censet

261 2764 340 2795 Pet.
369 2766 582 2806 Ciacconius,
606 2771 832 2807 prouwccrent,
860 2772 891 2798 ut
923 2779 963 2799 ea:

257 2815 498 2857 propinquitate,
507 2818 558 2856 ἐςε.
570 2817 629 2848 scd
642 2827 716 2849 cum
729 2818 836 2851 Codd.
849 2819 964 2860 vulga-

722 221 864 252 NOTAE
898 222 1163 254 VARlORUM
1199 221 1250 254 IN

1010 323 1077 351 tam
1094 319 1273 351 lectionem
1290 327 1411 357 magno
1433 326 1602 349 consensu
1625 317 1710 349 reti-

1008 374 1122 407 neant,
1136 370 1210 400 lum·
1225 370 1298 400 loco
1316 379 1374 399 suo
1391 377 1456 398 non
1469 373 1519 399 est
1536 368 1708 400 dimoven-

1008 419 1049 449 da
1065 430 1072 457 ;
1097 429 1192 460 aequc
1211 420 1299 450 enim
1316 424 1367 450 est
1386 418 1572 455 commoda,
1589 427 1628 450 ac
1644 418 1709 450 viri

1008 468 1193 499 doctissimi
1204 469 1410 509 conjectura.
1432 468 1591 498 Ceterum
1602 467 1709 498 tradit

1008 517 1077 550 Jul.
1096 518 1212 548 Celsus
1226 518 1248 548 1.
1267 527 1305 549 ιι.
1324 518 1391 548 vit.
1407 518 1492 548 Caes.
1512 527 1544 557 p.
1562 519 1613 547 52.
1632 526 1710 548 cum

1008 567 1081 597 haec.
1100 571 1291 607 agerentur,
1307 568 1475 598 machinas
1491 567 1593 597 muris
1610 566 1713 598 fuisse

1010 617 1175 656 admotas,
1199 617 1289 658 quod
1314 617 1421 648 minus
1446 626 1562 648 verum
1584 623 1649 656 est,
1676 622 1713 647 ut

1010 676 1051 697 ex
1070 667 1206 697 Caesare
1222 672 1378 706 apparet.
1412 666 1523 697 Duris.
1569 666 1715 697 Codices

1010 726 1132 757 magno
1163 726 1328 747 consensu
1361 725 1428 747 non
1462 716 1612 747 retinent
1643 717 1715 747 vul-

1011 771 1123 806 gatam
1149 767 1352 798 lectionem:
1383 776 1459 797 nam
1485 771 1714 808 praeterquam

1011 817 1100 857 qnod
1115 818 1238 855 Regius
1256 822 1291 848 ct
1309 816 1404 847 Leid.
1420 816 1651 848 sec.l1abeant
1667 820 1716 858 ut,

1011 876 1061 905 ex,
1077 869 1140 897 &eu
1158 867 1270 897 onmia
1284 866 1356 897 haec
1373 869 1403 896 et
1419 876 1459 896 ex
1482 865 1717 907 propinquitate

1010 926 1161 955 pugnare,
1187 926 1251 946 non
1269 921 1470 956 comparent
1489 916 1522 946 in
1548 916 1716 955 Bongars.

1012 966 1133 1005 primo,
1147 966 1271 998 Audin.
1288 966 1488 1005 Petaviano,
1504 965 1719 1007 Lovaniensi,

1014 1015 1127 1046 Oxon.
1145 1017 1314 1056 Egmund.
1330 1021 1365 1047 et
1382 1017 1491 1047 tribus
1509 1016 1596 1056 aliis,
1614 1021 1718 1058 atque

1014 1066 1077 1097 Ed.
1110 1066 1269 1097 Incerta:
1310 1071 1348 1098 ut
1383 1067 1516 1097 omnino
1551 1067 1718 1107 suspicer,

1013 1117 1187 1156 supposita
1201 1117 1275 1148 lia‘c
1290 1126 1378 1156 esse,
1405 1117 1458 1148 vel
1479 1117 1599 1148 saltem
1625 1115 1717 1148 aliud

1013 1168 1092 1208 quid
1108 1168 1229 1206 latere,
1245 1168 1334 1208 quod
1348 1178 1400 1199 me
1413 1167 1604 1198 adhucdum
1617 1166 1718 1208 fugit.

1012 1216 1177 1256 Agnoscit
1195 1228 1235 1248 ea
1252 1218 1357 1249 verba
1372 1218 1637 1258 Metapltrastes,
1651 1226 1717 1248 non

1012 1272 1124 1298 autem
1143 1268 1274 1299 Celsus.
1320 1269 1426 1299 L'ncis
1443 1278 1484 1299 ea
1500 1268 1636 1307 inclusi,
1654 1276 1718 1299 nec

1011 1318 1120 1348 minus
1135 1323 1331 1358 suspectum
1350 1324 1403 1350 est
1431 1327 1575 1360 sequens
1590 1317 1628 1349 τὸ
1645 1318 1718 1349 ‹lix-

1011 1371 1112 1398 erunt.
1156 1368 1244 1398 Vide
1261 1377 1373 1407 supra.

1054 1420 1074 1446 9
1097 1416 1280 1456 Audissent]
1305 1416 1418 1448 Ursini
1435 1417 1592 1457 Codices,
1607 1417 1718 1459 Bong.

1013 1467 1112 1506 prim.
1135 1467 1258 1497 Petav.
1278 1468 1406 1498 Lovan.
1424 1468 1522 1499 Voss.
1549 1476 1599 1508 pr.
1623 1467 1718 1500 Leid.

1012 1517 1110 1556 prim.
1143 1517 1311 1556 Egmund.
1352 1522 1386 1548 et
1424 1517 1520 1548 multi
1554 1518 1610 1548 alii
1640 1527 1717 1549 cum

1012 1567 1100 1598 Edd.
1127 1567 1267 1597 Incerta
1297 1572 1331 1597 et
1364 1567 1408 1597 R.
1438 1568 1603 1607 Stephani
1630 1567 1719 1599 audi·

1012 1619 1105 1647 rent:
1144 1616 1233 1657 quod
1265 1616 1394 1648 idcirco
1427 1617 1574 1657 reposui.
1632 1618 1716 1649 Fors

1012 1665 1116 1696 fuerit
1131 1666 1284 1696 uucliriut.

1057 1723 1178 1746 xxxu.
1191 1718 1210 1745 2
1232 1715 1268 1744 Si
1282 1715 1381 1754 prius,
1397 1725 1485 1755 quam
1501 1716 1582 1746 aries
1598 1725 1719 1747 murum

1013 1764 1188 1803 attigisset]
1220 1764 1401 1795 Proditum
1429 1766 1542 1796 Plinio
1569 1775 1634 1797 vn.
1664 1768 1718 1797 56.

1013 1814 1168 1845 Arietem
1186 1816 1292 1854 primo
1310 1825 1433 1856 equum
1455 1817 1665 1857 appellatum
1683 1821 1719 1848 et

1012 1866 1242 1896 inventionem
1279 1866 1352 1906 ejus
1383 1866 1486 1897 tribui
1517 1867 1624 1907 Epeo,
1660 1867 1719 1909 qui

1012 1916 1158 1955 Trojano
1191 1915 1280 1946 bello
1311 1915 1477 1947 interfuit.
1522 1917 1623 1948 Unde
1651 1926 1718 1949 non

1014 1964 1134 1996 dubito
1164 1975 1287 2007 equum
1316 1966 1518 2007 Trojanum,
1545 1977 1612 2008 quo
1639 1967 1718 1999 urbs

1013 2021 1224 2057 expugnata,
1240 2026 1306 2047 non
1323 2026 1443 2047 revera
1465 2018 1588 2048 molem
1612 2016 1718 2049 fuisse

1013 2066 1100 2097 illius
1131 2067 1283 2097 animalis
1314 2066 1433 2106 forma,
1472 2067 1532 2097 sed
1563 2067 1718 2099 arietem.

1014 2117 1058 2147 Et
1077 2116 1196 2147 codem
1221 2121 1343 2147 cuncta
1366 2117 1434 2157 illa,
1459 2127 1534 2157 quae
1560 2126 1580 2148 a
1604 2118 1717 2158 poetis

1014 2164 1107 2204 ficta,
1126 2165 1245 2196 ret'crri
1265 2172 1418 2206 possunt.
1465 2167 1554 2197 Nam
1571 2167 1633 2198 hac
1649 2177 1718 2198 ma·

1014 2216 1110 2247 china
1139 2216 1275 2256 disjecti
1305 2217 1397 2247 urbis
1426 2216 1526 2256 muri,
1557 2217 1646 2258 quod
1675 2217 1717 2249 ab

1013 2265 1095 2306 ipsis
1125 2266 1282 2306 Trojanis
1312 2265 1451 2306 factum,
1488 2267 1600 2298 nullus
1631 2267 1717 2299 adeo

1013 2315 1171 2355 insipiens
1196 2316 1254 2354 sit,
1283 2316 1338 2356 qui
1365 2316 1496 2348 credat.
1541 2316 1717 2348 Praeterea

1013 2374 1088 2395 cum
1107 2367 1148 2397 Q.
1163 2366 1355 2405 Smyrnaeus
1373 2367 1422 2397 ait
1444 2367 1465 2397 l.
1481 2375 1547 2397 xn.
1569 2366 1610 2397 de
1627 2376 1715 2407 equo

1013 2415 1154 2455 loquens
1170 2425 1176 2445 :
1203 2414 1269 2446 ἐπεί
1284 2415 1322 2454 ῥα
1336 2416 1352 2445 ὁ
1367 2416 1477 2447 ἐσθλὸς
1497 2416 1613 2447 Ἐπειὸς
1635 2415 1717 2447 Πόσ-

1013 2475 1062 2494 σιν
1085 2464 1141 2494 ὑπὸ
1163 2467 1333 2505 βριαροῖσιν
1355 2465 1489 2505 ἐΰτροχα
1512 2465 1644 2506 δούρατα
1667 2468 1717 2504 θῆ-

1013 2526 1086 2546 κεν;
1115 2517 1199 2547 Nam
1224 2516 1276 2546 ille
1304 2516 1476 2547 industrius
1500 2518 1602 2556 Epeus
1631 2517 1716 2548 Vali-

1012 2568 1060 2596 dis
1086 2566 1215 2607 pedibus
1240 2566 1399 2596 versatiles
1425 2570 1509 2597 rotas
1534 2567 1714 2605 subjecerat.

1013 2618 1181 2658 Quodque
1210 2618 1307 2647 Maro
1336 2617 1446 2648 dixit:
1479 2618 1714 2660 ‘pedibusque

1012 2674 1161 2699 rotarum
1191 2668 1380 2707 Subjiciunt
1409 2669 1545 2709 lapsus!
1604 2670 1714 2701 Mani-

1013 2718 1101 2749 feste
1139 2717 1266 2748 indicat
1303 2719 1560 2750 ambulator-iam
1591 2719 1713 2751 turrim

1013 2768 1127 2800 fuisse.
1172 2767 1337 2809 Adeoque
1353 2769 1456 2800 miror
1478 2769 1714 2810 Palaephatum

1015 2820 1059 2852 de
1085 2818 1221 2850 Incred.
1249 2828 1280 2850 c.
1314 2821 1365 2850 17.
1395 2818 1494 2851 aliter
1521 2819 1594 2851 haec
1620 2827 1714 2850 acce-
