1818 3131
293 215 385 246 Lm.
417 216 502 246 vu.
531 215 637 244 cm’.
667 204 737 245 85.
772 215 833 244 oe.
867 216 1020 245 necno
1052 216 1276 246 cmiico.

63 313 131 342 mv.
154 308 324 349 Egmnnd.
358 309 519 349 Gottorp.
544 317 583 339 ac
625 307 758 339 Duker.

61 367 138 390 cnm
161 358 228 390 Ed.
248 358 321 389 1nc.
336 363 372 389 et
395 358 509 390 ciacc.
532 357 590 398 qui
613 366 686 388 eam
702 357 759 388 ab·

54 409 203 449 judicat,
215 409 312 439 salute
320 419 331 443 ,·
354 412 391 439 nt
413 408 505 438 dicat
526 407 564 437 ab
585 407 688 437 aliena
709 416 758 437 sn-

59 459 124 490 lute
141 468 228 489 suum
242 459 408 497 dependere
423 458 531 488 ticam.
578 457 704 487 Verum
721 463 756 488 et

59 509 116 540 ille
146 519 263 540 sensus
299 519 317 538 e
343 508 486 547 vulgatis
521 508 598 538 elici
629 513 754 547 potest.

58 560 158 598 saepe
175 569 238 589 vox
255 559 337 588 salus
356 567 431 587 cum
449 557 522 587 aliis
538 556 757 588 confunditur

60 608 95 639 in
116 608 262 646 Caesare,
274 612 311 638 ut
324 616 398 638 cum
413 608 502 638 laude
518 613 553 638 et
570 609 645 637 vita.
668 607 755 638 Vide

59 657 101 688 ad
118 666 193 697 cap.
212 660 262 688 19.
289 656 451 688 Ceterum
482 657 644 686 consistere
669 656 758 687 vide-

59 710 116 738 tur
142 706 207 746 legi
236 705 269 736 iu
299 706 437 736 alioruin
464 707 546 736 Mss.
572 710 606 736 et
630 707 754 737 Lovan.

60 757 176 798 Cujac.
190 756 278 788 And.
291 766 330 788 ac
346 756 492 788 Dorvill.
507 761 598 797 (nam
616 766 757 797 excerp-

60 812 95 838 ta
122 807 203 838 nihil
234 807 276 837 dc
307 807 468 838 varietate
494 806 669 846 monent2)
695 807 756 837 sed

60 858 204 889 codices
235 866 348 888 omnes
379 857 510 897 reliqui,
531 857 613 887 item
643 857 757 887 Ursini

61 907 128 938 Ms-
158 906 315 947 praebent
352 909 499 938 constare.
553 906 652 939 Quod
692 916 758 937 non

60 956 193 988 damno.
218 965 284 987 vn.
306 959 358 986 21.
373 957 381 972 ‘
398 965 502 996 penes
517 966 575 987 eos
595 966 757 987 summam

59 1006 211 1038 victoriae
227 1012 384 1038 constare
397 1007 416 1037 :’
439 1006 472 1036 id
493 1012 558 1045 cst,
575 1006 617 1037 ab
641 1007 679 1036 iis
702 1006 760 1037 de·

60 1056 219 1098 pendere.
278 1057 385 1087 Immo
412 1057 513 1096 plane
539 1057 586 1087 sic
619 1057 659 1087 B.
683 1057 757 1087 Civ.

60 1115 114 1138 ιιι.
128 1109 181 1138 89.
207 1107 217 1124 ‘
232 1106 420 1136 Victoriam
444 1105 477 1135 in
505 1115 621 1136 earum
644 1106 759 1136 cohor-

61 1159 142 1190 tium
161 1157 290 1189 virtute
313 1162 469 1187 constare
482 1155 501 1186 ε’
525 1156 580 1187 ubi
600 1156 758 1187 Ciaccon.

62 1208 176 1247 docet,
207 1212 388 1247 utrumque
416 1216 436 1237 a
466 1206 601 1237 Caesare
633 1205 760 1236 adbibi-

60 1264 152 1297 tum3
176 1262 213 1289 et
237 1257 315 1288 vide
339 1266 429 1288 meas
452 1262 548 1287 notas
571 1256 613 1286 ad
642 1265 689 1286 x‘1.
706 1258 759 1288 22.

60 1307 138 1339 Alio
150 1317 249 1339 sensu
267 1306 410 1337 vidimus
421 1307 485 1337 hoc
501 1305 643 1337 verbum
656 1313 691 1335 v.
708 1306 759 1336 37.

59 1360 68 1375 ⁴
88 1358 129 1390 ln
143 1367 185 1389 eo
200 1356 380 1389 constitit!

100 1416 235 1439 cxxxv.
270 1410 290 1438 2
321 1406 547 1438 Laborantibus
580 1404 758 1445 submittit]

55 1459 233 1499 Nusquam
247 1457 327 1488 alibi
340 1458 388 1488 sic
405 1457 539 1488 locutus
555 1462 608 1487 est
623 1456 752 1493 Caesar,

58 1507 118 1539 sed
149 1508 262 1538 milites
287 1512 347 1538 aut
367 1506 504 1538 subsidia
542 1511 601 1537 aut
629 1506 758 1547 aliquid

56 1556 247 1588 istiusmodi
274 1556 353 1588 huic
383 1557 490 1587 verbo
522 1566 657 1596 semper
686 1556 763 1587 sub-

55 1605 149 1646 jicit.
193 1605 251 1637 Ita
268 1606 306 1636 B.
323 1605 368 1636 G.
382 1614 431 1636 lv.
444 1607 498 1636 26.
515 1605 524 1621 ‘
543 1605 589 1635 lis
614 1604 763 1636 subsidia

61 1655 307 1687 submittebat!
355 1656 400 1686 Et
426 1664 491 1686 vn.
516 1658 570 1686 13.
590 1656 599 1672 ⁶
617 1655 762 1696 Equites

61 1706 202 1737 circiter
229 1714 275 1736 cn
301 1704 494 1737 submittit!
550 1706 601 1736 Ac
639 1705 762 1736 iterum

61 1765 91 1787 c.
108 1758 162 1786 7⁰.
186 1756 196 1773 ‘
212 1754 465 1786 Laborantibus
495 1755 620 1786 nostris
648 1756 763 1787 Caesar

64 1805 251 1838 Germanos
280 1805 468 1836 submittit!
514 1806 568 1836 Sic
595 1812 762 1845 perpetuo

63 1855 155 1896 apud
171 1861 332 1887 nostrum.
363 1856 441 1887 Non
457 1855 543 1885 male
560 1856 666 1895 igitur
680 1856 761 1887 Pet.

61 1905 262 1938 Ciacconius
286 1904 465 1945 legendum
496 1905 644 1945 conjecit
664 1904 762 1936 subsi-

61 1956 115 1986 dia
132 1955 341 1986 laborantibus
351 1955 523 1994 submittit,
540 1955 597 1985 sed
615 1956 691 1995 plns
707 1966 763 1986 va-

61 2005 111 2037 let
122 2005 191 2038 Ms.
203 2006 323 2037 Brant.
343 2005 539 2043 auctoritas,
549 2005 583 2035 in
597 1999 664 2045 'quo
679 2006 761 2036 scri-

59 2055 153 2088 bitur
166 2054 392 2086 Laborantibus
421 2054 578 2085 auxilz‘um
593 2054 762 2094 submittit,

63 2110 99 2136 et
124 2105 174 2136 ita
196 2104 426 2145 reponendum
452 2105 612 2136 arbitror.
667 2104 761 2136 Grae-

65 2164 126 2186 eus
137 2155 252 2193 etiam,
268 2153 412 2191 βοήθειαν
423 2153 550 2191 ἔπεμπε.
575 2154 684 2185 Dacis.
721 2154 760 2185 L.

61 2205 215 2236 milium
225 2204 392 2234 submittit.
425 2204 479 2235 Sic
497 2213 540 2234 ex
556 2204 623 2234 Ms.
654 2205 761 2234 Bran-

63 2254 100 2285 tii
127 2258 164 2286 et
193 2253 347 2285 versione
377 2253 500 2284 Graeca
529 2253 761 2293 reponendum

62 2303 148 2335 vidit
184 2303 362 2335 Davisius:
397 2312 475 2334 cum
505 2312 570 2334 vox
595 2303 761 2342 auxilium,

62 2354 221 2396 quoniam
252 2363 295 2384 ex
323 2353 493 2394 plerisque
520 2352 605 2383 Mss.
627 2353 764 2384 excide·

60 2410 125 2445 rat,
152 2415 172 2435 a
194 2404 366 2444 scaligero
395 2404 538 2444 aliisque
566 2402 761 2434 Editoribus

36 2452 240 2496 ⁷perperam
270 2453 390 2484 fuisset
415 2453 548 2484 omissa.
602 2452 762 2494 Subsfflia,

63 2513 163 2546 quam
191 2514 309 2536 vocem
347 2504 546 2535 Ciacconius
575 2503 763 2534 rescriben-

64 2554 222 2599 domnon
236 2554 324 2585 male
345 2554 507 2594 conjecit,
525 2553 634 2584 minus
650 2558 763 2584 tamen

62 2610 119 2636 est·
129 2605 304 2645 eleganter
317 2614 393 2636 cum
411 2614 492 2635 voce
507 2604 666 2635 submittit
683 2614 762 2635 con-

58 2653 190 2695 juncta.
215 2653 322 2684 Clark.
373 2654 426 2685 Cl.
453 2654 589 2685 Cortius
617 2653 660 2684 ad
690 2654 762 2684 Sal-

64 2705 146 2736 lust.
159 2703 238 2744 Jug.
251 2706 304 2735 54.
318 2703 354 2734 in
370 2702 395 2735 f.
408 2702 535 2735 frustra
545 2704 634 2735 hunc
650 2703 763 2735 locum

66 2753 243 2787 sollicitari
261 2754 331 2787 ait:
353 2755 427 2787 sine
448 2755 563 2797 dubio,
590 2755 669 2798 quia
691 2764 762 2787 cre·

1392 205 1505 248 1263

808 309 930 340 didita
953 312 1088 342 Caesare
1112 310 1302 351 profectum
1324 309 1505 342 submittere

808 359 970 390 absolute.
1019 361 1145 392 Verum
1161 362 1262 392 veiim
1278 362 1356 392 mihi
1369 361 1503 392 ostendi

809 418 910 439 unum
937 411 1059 448 locum,
1090 412 1123 441 in
1155 421 1221 452 quo
1249 417 1379 451 auctor,
1410 411 1502 452 pleni

810 457 933 498 ubique
962 461 1054 498 styli,
1078 461 1126 491 ita
1155 461 1319 501 loquatur.
1378 462 1506 493 Contra

808 517 900 547 saepe
930 510 1130 539 monendum
1161 510 1236 549 fuit,
1268 518 1416 543 nostrum
1447 512 1507 543 ad·

808 556 900 596 dere,
945 567 1020 598 quae
1058 560 1114 589 alii
1144 569 1203 599 per
1234 562 1363 600 ellipsin
1395 563 1507 593 solent

808 607 977 638 omittere.
1015 608 1114 639 Unde
1131 610 1247 641 timide
1261 612 1318 642 has
1336 613 1506 652 ellipticas

807 656 1007 697 elegantias,
1021 658 1074 688 ubi
1094 660 1174 691 Mss.
1192 662 1321 692 variant
1339 659 1505 702 nonnihil,

807 716 995 747 proponere
1027 708 1141 740 debui.
1197 711 1238 740 V.
1279 711 1353 742 Ind.
1386 722 1506 744 morere

809 767 870 798 pro
892 762 994 790 castra
1025 771 1153 800 morere,
1181 764 1295 793 soli-ere
1323 773 1384 803 pro
1417 774 1509 795 nates

806 809 930 839 solvere.
977 809 1013 839 In
1030 819 1122 840 unum
1140 812 1209 850 cogi
1233 822 1292 852 pro
1305 813 1338 843 in
1359 823 1451 844 unum
1467 815 1508 844 lo-

808 868 875 888 cum
895 860 984 897 cogi.-
1016 866 1051 890 et
1081 861 1155 891 alia.
1201 861 1367 892 Absolute
1398 867 1508 893 tamen

809 908 883 948 plus
907 910 1010 939 semel
1030 911 1182 941 sustinere
1203 911 1393 943 adhibuisse
1417 912 1508 943 vide-

810 962 876 996 tur,
899 963 936 988 ut
960 964 1057 998 patet
1072 960 1112 989 ad
1130 969 1169 990 11.
1187 964 1238 991 25.
1265 966 1300 991 et
1319 963 1358 992 B.
1377 962 1449 992 Civ.
1469 971 1508 994 ιι.

811 1011 862 1038 19.
887 1009 895 1025 ‘
911 1008 952 1038 ad
970 1009 1057 1040 diem
1081 1011 1299 1042 conveniret)
1347 1012 1448 1042 Forte
1473 1018 1509 1043 et

809 1059 1005 1088 conscendere
1019 1068 1079 1098 pro
1089 1069 1194 1090 narem
1207 1062 1403 1091 conscendere
1416 1061 1507 1091 Hirt.

811 1108 851 1138 B.
870 1107 944 1139 Afr.
971 1118 1000 1139 c.
1027 1112 1078 1139 2.;
1105 1110 1154 1140 uti
1179 1115 1213 1141 et
1235 1112 1360 1141 solrere.
1406 1112 1447 1141 V.
1465 1111 1507 1141 ad

811 1165 858 1187 ιν.
876 1160 929 1188 23.
957 1162 991 1188 et
1017 1168 1048 1189 c.
1072 1169 1143 1199 seq.
1168 1160 1177 1176 ‘
1195 1160 1223 1190 si
1245 1160 1413 1190 sustinere
1443 1170 1509 1191 non

811 1208 917 1247 possit
930 1207 950 1237 :'
972 1208 1028 1238 ubi
1051 1210 1137 1239 male
1163 1209 1323 1240 Beroald.
1350 1211 1508 1241 sustineri.

811 1258 914 1288 Errat
931 1267 1011 1289 vero
1028 1259 1197 1298 Clurkius,
1211 1270 1284 1290 cum
1302 1260 1386 1291 banc
1413 1261 1511 1291 omis-

811 1307 938 1338 sionem
963 1309 1077 1339 ausilii
1103 1309 1277 1349 Scaligero
1313 1310 1510 1342 adscribat:

813 1356 923 1386 nullus
939 1356 1052 1387 editor
1065 1358 1179 1389 habet.
1213 1359 1286 1389 Nec
1303 1359 1410 1390 minus
1425 1359 1511 1390 bene

808 1405 958 1445 judicat,
984 1416 1059 1437 cum
1087 1407 1173 1438 dicit
1197 1418 1315 1439 vocem
1347 1409 1513 1440 subsidium

813 1454 922 1485 minus
939 1456 1114 1496 eleganter
1137 1458 1296 1498 conjungi
1315 1458 1420 1489 verbo
1442 1459 1511 1489 sub-

814 1504 935 1541 mittit;
957 1506 1159 1536 contrarium
1178 1507 1283 1547 liquet
1300 1517 1342 1537 ex
1355 1507 1512 1539 adductis

815 1553 854 1584 ad
880 1563 919 1584 11.
942 1558 974 1585 6.
998 1556 1006 1572 ‘
1024 1556 1100 1586 Nisi
1124 1555 1311 1587 subsidium
1335 1557 1512 1588 submitta-

815 1609 881 1644 tur,
896 1615 971 1636 sese
986 1605 1113 1636 diutius
1131 1607 1296 1637 sustinere
1308 1617 1374 1638 non
1390 1607 1512 1648 posse!

815 1656 905 1688 Quin
929 1657 1029 1687 immo
1051 1657 1199 1697 optimus
1227 1658 1348 1688 Petav.
1368 1658 1509 1689 exhibet

813 1708 833 1736 l.
849 1706 1020 1737 subsidium
1036 1707 1203 1746 submittit,
1214 1708 1307 1747 cujus
1320 1708 1412 1738 vocis
1426 1709 1513 1747 glos-

813 1765 884 1787 sam
901 1766 974 1787 esse
986 1756 1023 1786 τὸ
1033 1757 1189 1787 auxilium
1206 1757 1404 1787 rer<imilius
1421 1757 1512 1787 vide-

813 1811 881 1844 tur,
895 1816 996 1846 quam
1010 1806 1179 1836 subsidium
1202 1815 1275 1837 esse
1302 1807 1444 1846 glossam
1456 1807 1514 1836 τοῦ

812 1856 938 1886 auxilii.
1003 1856 1230 1887 Nihilominus
1256 1865 1332 1886 cum
1360 1856 1513 1886 auxilium

813 1905 916 1936 etiam
945 1910 1133 1946 agnoscant
1154 1905 1378 1945 integerrimi,
1395 1912 1430 1937 et
1455 1906 1512 1936 bo-

813 1966 865 1987 nae
882 1962 973 1988 notae
988 1957 1095 1988 Codd.
1118 1957 1229 1988 Oxou.
1247 1957 1372 1987 Lovan.
1388 1961 1424 1987 et
1447 1957 1513 1997 Eg-

812 2007 971 2038 mundan.
985 2007 1069 2037 illud
1085 2016 1161 2038 cum
1176 2007 1315 2038 Davisio
1329 2013 1363 2038 et
1376 2007 1514 2038 Clarkio

813 2055 928 2086 sedem
945 2065 1040 2086 suam
1052 2061 1169 2087 tenere
1183 2066 1299 2096 passus
1314 2067 1398 2087 sum.
1412 2067 1442 2087 c.
1458 2059 1511 2087 81.

812 2106 820 2120 ‘
839 2103 978 2136 Auxilio
992 2105 1031 2135 iis
1048 2105 1131 2136 alios
1147 2104 1394 2136 submittebat.y
1420 2105 1513 2137 Hirt.

813 2154 855 2185 de
870 2155 909 2185 B.
926 2153 1034 2186 Afric.
1048 2165 1077 2186 c.
1090 2158 1143 2185 78.
1167 2159 1176 2173 ‘
1191 2155 1361 2196 equitibus
1384 2156 1512 2187 auxilia

812 2204 1058 2236 submittebat!
1073 2205 1125 2236 Ad
1138 2206 1273 2236 animum
1287 2207 1423 2237 occurrit
1435 2216 1511 2237 cum

813 2254 1030 2285 Hotomanno
1046 2259 1082 2286 et
1098 2255 1268 2296 plerisque
1284 2256 1383 2296 capio
1400 2265 1461 2295 pro
1478 2256 1510 2286 in

811 2307 940 2335 mentem
962 2304 1026 2335 illis
1047 2305 1143 2343 teuit,
1163 2306 1335 2336 succurrit:
1360 2305 1513 2346 utrisque

813 2355 971 2385 Romanis
994 2355 1127 2386 scilicet
1143 2361 1178 2387 et
1194 2356 1315 2387 Gallis.
1360 2355 1446 2386 Vide
1465 2360 1514 2386 ta-

810 2415 889 2436 men
903 2405 936 2436 in
948 2405 1051 2436 variis
1064 2406 1277 2437 lectionibus.
1310 2406 1366 2436 De
1380 2415 1415 2437 se
1431 2415 1509 2436 mox

813 2454 946 2486 demum
959 2455 1028 2495 agit
1044 2455 1160 2486 Caesar
1177 2465 1207 2485 c.
1220 2465 1292 2496 seq.
1315 2456 1325 2472 ‘
1346 2455 1424 2495 Ipse
1439 2455 1512 2486 adit

813 2504 980 2545 reliquos:
1006 2505 1306 2544 cohortatur‚’&c.
1341 2504 1512 2536 Defendit

813 2554 916 2584 etiam
945 2555 997 2586 Cl.
1025 2555 1203 2586 Drakenb.
1236 2555 1279 2585 ad
1305 2555 1374 2585 Liv.
1402 2563 1452 2584 w.
1481 2555 1513 2584 6.

814 2604 822 2620 ‘
838 2605 985 2644 Populos
996 2605 1213 2645 juventutem
1230 2602 1443 2635 submisisse!

853 2656 875 2684 4
900 2654 1054 2686 Contendi
1072 2657 1172 2696 cona]
1206 2655 1272 2685 Ms.
1297 2654 1382 2691 Reg.
1404 2661 1510 2683 conre-

812 2703 880 2734 niot
909 2705 1099 2736 contendere.
1166 2704 1253 2736 Quae
1279 2702 1382 2732 lectio
1413 2707 1512 2742 aeque

813 2757 865 2785 est
880 2753 1029 2797 elegans.
1054 2755 1161 2785 Clark.
1205 2752 1326 2794 Apage
1339 2752 1424 2784 tales
1440 2751 1511 2785 ele·
