1818 3131
382 200 472 228 hin.
510 199 550 228 V.
584 198 688 226 CAP.
721 186 787 227 19
824 198 883 226 ΗΓ.
919 199 1071 229 BELLO
1103 200 1329 230 GALLlCO.

182 295 198 321 4
224 291 367 322 Animum
383 288 530 329 adt-ertit]
557 288 830 328 Yulgganimad-

138 341 242 371 tertie.
296 341 366 371 Nos
401 345 514 370 autem
544 338 638 369 Msti.
694 337 830 368 Norric.

140 392 318 421 lectionem
349 390 526 430 sequimur.
573 388 658 419 vide
690 393 760 419 not.
788 387 830 418 ad

143 442 183 472 B.
209 441 253 471 G.
286 450 308 471 ι.
335 442 385 470 24.
419 439 626 469 Observavit
653 439 755 469 etiam
782 439 831 468 vii·

139 491 348 522 doctissimus
377 489 412 521 J.
439 490 564 529 Georg.
604 489 762 520 Graevius
789 488 830 518 ad

140 542 312 572 Ciceronis
342 538 442 570 offic.
471 548 510 570 ιι.
547 542 593 570 19.
659 539 831 570 Librarios

139 592 287 632 plurimis
309 591 339 621 in
363 591 444 620 locis
461 591 650 629 elegantem
676 590 762 620 bunc
784 590 831 620 lo-

138 640 262 681 quendi
286 640 418 671 modum
442 646 598 676 mutasse,
627 645 663 671 ut
688 641 831 671 alterum

139 690 397 721 substituerent.
461 691 570 721 Daris.
635 691 691 721 Sic
730 690 831 721 etiam

139 740 391 780 quatuordecim
406 750 446 770 ex
467 740 557 771 meis.

180 794 200 820 0
226 791 369 827 Eiusdem
391 790 513 827 generis
538 789 591 820 sub
618 800 694 829 aqua
723 789 832 830 defixa*

138 841 226 870 stules
245 840 376 880 flumine
405 839 602 880 tegebantur]
639 841 771 880 Lipsius
798 840 832 870 in

140 890 375 921 Poliorccticis
393 891 412 920 l.
430 899 463 921 v.
479 890 556 920 diat.
574 892 604 920 3.
629 890 752 930 quaerit
773 899 833 921 cur

129 940 263 980 flumine
279 940 333 971 bic
350 941 494 981 legatur,
516 950 591 971 cum
618 941 732 981 paullo
755 946 834 972 ante

140 990 266 1021 dixerit
287 992 401 1022 Carsar
415 991 468 1022 sub
491 1001 579 1030 aqua.
627 991 744 1031 ltaque
772 1000 833 1030 pro

130 1039 264 1080 fluuiine
293 1041 446 1080 ambigit,
469 1051 511 1071 an
537 1045 676 1080 reponat
700 1040 833 1081 plumbo.

140 1091 205 1121 sed
229 1091 383 1130 ambigit,
406 1100 471 1121 non
493 1090 623 1121 statuit.
666 1090 753 1121 Sane
777 1090 833 1130 ju—

142 1151 221 1172 vare
248 1141 381 1172 videtur
400 1141 590 1180 opinionem
608 1140 697 1170 illius
716 1139 833 1177 Beda;

142 1201 217 1222 cnm
246 1191 335 1222 Hist.
354 1191 453 1229 Angi.
470 1200 492 1221 ι.
509 1194 540 1221 2.
557 1191 622 1220 ait:
655 1191 664 1206 ‘
683 1189 833 1221 Quarum

141 1242 283 1281 vestigia
310 1241 442 1271 sudium
467 1241 592 1271 ibidem
609 1250 712 1280 usque
735 1239 834 1270 bodie

144 1293 308 1330 visuntur,
331 1291 418 1331 quod
435 1291 567 1328 singula
581 1299 696 1320 earnm
709 1290 750 1320 ad
767 1299 835 1319 mo-

143 1342 220 1372 dum
247 1341 379 1371 humani
404 1340 539 1371 femoris
559 1350 698 1379 grossae,
719 1345 754 1370 et
771 1341 835 1370 cir-

142 1389 305 1420 cumfusoe
321 1390 467 1429 plumbo,
491 1389 705 1420 immobiliter
730 1389 836 1420 liaere-

140 1444 200 1470 ant
230 1440 263 1470 in
295 1439 496 1480 profundum
529 1438 674 1470 fluminis
705 1439 836 1470 infime!

142 1489 209 1519 Sed
233 1489 449 1519 considerare
476 1494 624 1529 oportet,
645 1489 746 1520 sudes
763 1489 837 1520 illas

141 1543 261 1569 acutas
287 1538 328 1568 ab
367 1539 500 1569 cassare
531 1538 616 1569 dici:
656 1548 731 1569 nam
761 1549 836 1569 cum

142 1591 244 1617 autea
269 1586 425 1625 dixisset,
449 1587 553 1627 ripam
571 1588 678 1618 acutis
700 1588 837 1618 sudibus

142 1636 292 1677 praefixis
307 1637 469 1668 munitam
483 1638 597 1675 fuisse,
613 1638 740 1677 subdit,
755 1639 838 1679 ejus-

143 1687 218 1719 dem
236 1689 367 1727 generis
383 1689 482 1719 sudes
501 1689 562 1719 sub
588 1699 674 1729 aqua
690 1690 836 1721 latuisse.

146 1738 266 1778 ltaque
297 1738 468 1777 plumbum
500 1738 676 1769 habuerint
700 1740 764 1769 ima
785 1749 836 1770 su·

142 1787 247 1818 dium.
309 1788 413 1828 Atqui
444 1788 610 1829 quomodo
637 1794 718 1819 tunc
745 1789 838 1820 dicat

140 1840 259 1870 Caesar
289 1843 396 1869 tectas
429 1838 566 1878 plumbo
592 1838 715 1869 fuisse?
749 1840 837 1870 Nam

144 1889 315 1929 plumbum
334 1895 449 1919 acutas
473 1887 587 1919 facere
604 1889 703 1919 sudes
722 1890 838 1931 nequi-

143 1939 216 1970 bat.
261 1941 333 1979 Ego
345 1939 460 1979 itaque
475 1939 561 1970 malo
574 1940 741 1979 vulgatam
759 1940 839 1970 reti-

120 2007 124 2011 -
146 1998 227 2020 nere
245 1989 435 2019 lectionem.
481 1988 580 2020 Quod
596 1994 708 2019 autem
726 1990 839 2020 Caesar

146 2039 254 2079 primo
281 2040 328 2069 ait
357 2039 419 2069 snb
454 2048 540 2079 aqna
568 2038 698 2070 defixas
726 2040 838 2079 sudes,

149 2089 347 2119 tantundem
365 2094 431 2125 cst,
455 2098 493 2119 ac
509 2089 536 2118 si
553 2089 645 2119 dieat
660 2088 763 2120 fundo
778 2089 838 2120 flu-

148 2140 243 2168 minis
265 2139 381 2168 infixas
398 2138 496 2169 sudes
519 2138 641 2170 fnisse:
665 2139 743 2170 dein
766 2141 839 2171 sul)-

145 2187 212 2225 dit,
235 2191 244 2204 *
263 2188 398 2218 tlnmine
424 2188 651 2228 tegebantnr‚'
675 2195 712 2220 ut
728 2195 839 2221 osten-

148 2238 208 2268 dat
226 2247 290 2268 non
305 2238 474 2268 exstitisse
487 2238 661 2269 cacumina
671 2249 784 2270 earum
797 2250 839 2271 ex

147 2298 246 2329 aqna.
285 2289 378 2319 Beda
393 2288 435 2319 de
452 2289 588 2329 plumbo
603 2289 698 2328 dicit,
719 2290 777 2321 sed
794 2292 840 2322 vi-

148 2339 231 2369 deor
256 2339 333 2370 milii
359 2349 536 2370 occurrere
565 2340 613 2370 illi
642 2348 841 2381 argumento

150 2398 262 2429 posse.
293 2390 380 2420 Nam
399 2389 473 2430 quis
486 2389 628 2420 affirmet
644 2390 716 2421 illas
730 2392 841 2431 sudes,

145 2447 291 2479 quarum
318 2439 459 2477 vestigia
487 2439 591 2470 Bedae
614 2444 766 2480 tempore
783 2441 840 2472 de-

148 2490 325 2529 prebensa,
348 2489 482 2520 easdem
498 2489 614 2528 fuisse,
637 2500 713 2530 quae
729 2490 840 2522 Caesa-

147 2539 194 2570 ris
218 2544 373 2579 tempore
401 2537 526 2569 flumini
551 2538 663 2570 infixae
693 2539 841 2573 fuerunt.

148 2588 264 2629 Inquit
288 2589 403 2621 Caesar
425 2588 548 2620 flumen
573 2589 655 2620 illud
681 2599 747 2621 uno
771 2595 843 2621 tan-

149 2641 222 2668 mm
249 2639 491 2679 loeo‘pedibns
518 2639 651 2670 transiri
681 2640 842 2680 potuisse.

149 2687 278 2726 Forsan
293 2690 450 2721 Britanni
465 2695 585 2730 postea
601 2690 696 2722 bellis
711 2691 843 2722 intesti-

154 2736 204 2767 nis
219 2739 370 2771 concussi
385 2739 603 2780 prohibendis
618 2740 761 2772 transitu
777 2749 844 2772 am-

1470 191 1577 231 1095

883 291 934 319 nis
961 293 1192 324 conterraneis
1215 293 1315 325 sudes
1332 294 1404 324 illas
1422 303 1575 335 posuvrv.

882 339 1047 379 Equidem
1066 351 1128 381 ego
1146 343 1177 373 id
1202 344 1423 375 crediderim:
1449 354 1511 375 nec
1531 352 1578 375 te-

882 397 972 418 mere
1000 396 1091 421 muto
1116 393 1148 422 in
1178 394 1336 431 Caesare3
1369 394 1430 424 nisi
1454 395 1578 425 veteri⁴

882 437 1010 468 codicis
1027 442 1190 472 autoritas
1213 444 1367 475 accedat.
1410 445 1477 475 Sed
1495 444 1576 475 illud

883 488 1077 528 notandum,
1101 491 1189 530 quod
1215 493 1395 533 Polyaenus
1420 495 1466 525 ait
1489 495 1580 526 Stra-

883 542 952 578 teg.
982 547 1062 570 vm.
1092 543 1143 571 23.
1199 543 1322 573 Ca‘sari
1360 545 1578 584 elephantum

883 597 983 619 unum
1009 589 1041 619 in
1061 590 1235 622 lliitannia
1251 591 1369 632 fuisse,
1394 595 1444 624 cui
1473 595 1578 634 impo-

881 638 946 668 sita
963 639 1065 669 turris
1081 650 1089 677 ;
1114 639 1254 681 ejusque
1272 647 1402 673 terrore
1423 644 1577 675 Britanni

882 688 1003 728 dilapsi
1019 690 1208 720 custodiam
1233 691 1337 721 amnis
1353 692 1578 724 deseruerint.

883 738 976 769 Mhi}
995 744 1105 770 tamen
1131 739 1172 770 de
1199 740 1307 770 bellua
1323 741 1378 771 illa
1396 742 1428 772 in
1445 742 1578 773 casare

883 788 1026 828 legitur;
1051 790 1139 820 unde
1161 791 1312 830 suspicor
1330 791 1526 832 Polyaenum
1546 793 1579 822 id

884 837 1032 869 hausisse
1057 848 1099 870 ex
1122 841 1405 880 Ephcmeridibus
1424 843 1579 882 Caesam,

884 887 917 918 in
944 888 1067 928 quibus
1090 890 1195 920 multa
1225 900 1243 920 a
1270 892 1402 922 Caesare
1418 899 1581 923 annotata

883 937 997 977 fuisse,
1013 948 1086 979 quae
1100 939 1149 970 his
1164 941 1420 972 Commentariis
1437 952 1501 972 nou
1513 952 1580 973 me-

883 993 1069 1027 morantur,
1086 989 1158 1029 jam
1182 990 1278 1021 initio
1299 997 1451 1022 notarum
1468 992 1582 1024 obser-

883 1039 1046 1070 vav'unns.
1095 1040 1226 1071 Vossius.

925 1091 946 1119 9
968 1090 1070 1128 Atque
1086 1089 1217 1129 impetu]
1251 1090 1333 1121 Mss.
1351 1091 1436 1131 Reg.
1456 1092 1580 1123 Eliens.

884 1142 920 1169 et
949 1139 1059 1170 Vossii
1088 1149 1123 1170 ea
1150 1141 1320 1180 celeritate,
1346 1145 1436 1182 atque
1461 1152 1500 1173 co
1524 1144 1581 1175 im-

881 1192 967 1229 petu.
1016 1190 1125 1221 Clark.
1171 1191 1219 1221 Eo
1236 1198 1424 1231 agnoscunt
1447 1202 1579 1234 quoque

884 1241 1049 1281 Bongars.
1067 1241 1164 1280 prim.
1190 1248 1225 1272 ct
1247 1243 1383 1273 secund.
1429 1244 1582 1275 Vossiani

884 1299 1010 1330 omnes,
1045 1292 1164 1322 Petav.
1195 1293 1362 1333 Egmund.
1396 1295 1521 1325 Lovan.
1545 1300 1582 1326 et

885 1344 1028 1379 quatuor
1043 1341 1112 1379 alii,
1137 1352 1211 1372 cum
1237 1342 1299 1373 Ed.
1317 1343 1466 1383 Incerta,
1496 1345 1580 1375 Vas—

887 1398 957 1419 cos.
984 1390 1128 1429 Stradae,
1151 1391 1295 1431 Gnyphii
1320 1393 1519 1432 posteriore,
1546 1400 1582 1424 et

887 1440 1145 1471 recentioribus.
1206 1442 1251 1472 Et
1291 1442 1443 1482 quamvis
1479 1444 1579 1475 alicui

887 1489 992 1520 videri
1009 1491 1113 1530 possit
1124 1491 1245 1521 morari
1259 1493 1474 1531 sententiam,
1491 1493 1580 1524 unde

889 1539 1039 1570 Grutero
1073 1541 1175 1570 etiam
1200 1544 1290 1580 atque
1314 1542 1430 1582 impetu
1458 1543 1583 1583 ejicere

890 1589 1060 1629 placebat,
1085 1595 1197 1621 tamen
1226 1591 1307 1621 milii
1333 1592 1468 1623 videtur
1495 1594 1583 1633 stylo

887 1640 1032 1671 Caesaris
1047 1641 1153 1680 magis
1177 1642 1367 1681 convenire,
1391 1644 1445 1683 qui
1464 1653 1583 1684 prono-

886 1689 976 1720 mina
998 1694 1034 1720 et
1055 1690 1222 1730 adjectiva
1247 1701 1342 1732 aeque
1367 1702 1406 1722 ac
1422 1694 1583 1734 praeposi-

886 1739 996 1770 tiones
1013 1750 1105 1779 sa‘pe
1133 1741 1301 1781 geminare
1326 1742 1424 1774 solet.
1455 1752 1505 1774 vt.
1529 1747 1581 1775 42.

886 1789 895 1804 ‘
914 1789 1040 1819 Omnes
1063 1789 1128 1820 vici
1155 1795 1257 1830 atque
1280 1792 1391 1822 omnia
1416 1792 1583 1825 aedificia!

886 1838 974 1868 vide
1001 1838 1102 1869 etiam
1130 1841 1172 1870 ad
1197 1849 1244 1870 u.
1273 1843 1320 1870 ll.
1347 1841 1386 1871 B.
1413 1842 1485 1873 Civ.
1512 1846 1582 1874 137.

887 1889 896 1905 ‘
914 1890 992 1921 Qua
1018 1899 1100 1920 voce
1128 1895 1163 1920 et
1192 1900 1256 1931 quo
1282 1892 1397 1923 Setos
1426 1893 1516 1925 Hirt.
1541 1895 1581 1926 B.

886 1938 995 1970 Afric.
1015 1949 1044 1970 c.
1063 1943 1112 1971 19.
1138 1940 1148 1956 ‘
1164 1941 1238 1971 Hac
1267 1952 1326 1982 spe
1354 1948 1455 1984 atque
1483 1954 1523 1975 ea
1547 1945 1584 1976 ti-

885 1989 1005 2021 dacia!

928 2048 1006 2070 xix.
1021 2043 1035 2070 l
1055 2041 1096 2070 ζ’(
1107 2050 1200 2080 supra
1212 2043 1493 2080 &inmiserat-imus,
1504 2047 1585 2075 οηηιὶ

885 2090 1022 2130 deposita
1037 2100 1090 2130 spe
1105 2092 1320 2132 contentiorite]
1342 2092 1380 2122 In
1398 2093 1500 2125 editis
1516 2104 1584 2125 om-

887 2139 986 2170 nibus
1003 2139 1051 2170 ita
1074 2141 1308 2181 interpunctas
1324 2147 1377 2173 est
1400 2143 1454 2174 hic
1475 2145 1583 2185 locus,

888 2193 926 2220 ut
948 2189 1140 2229 ambiguum
1165 2190 1207 2221 sit
1233 2200 1299 2231 quo
1320 2191 1511 2224 referantur
1532 2195 1585 2226 hae

887 2247 1001 2280 voces,
1023 2244 1057 2271 ut
1078 2251 1173 2281 supra
1187 2243 1483 2281 demonstravimus;
1508 2257 1585 2278 cum

888 2292 1102 2324 manifestum
1126 2294 1171 2324 sit
1199 2302 1254 2324 eas
1283 2295 1325 2325 ad
1352 2296 1441 2327 istud
1465 2298 1585 2336 solum,

888 2342 969 2372 omni
989 2343 1127 2382 deposita
1148 2353 1200 2383 spe
1225 2346 1438 2385 contentionis,
1465 2347 1585 2379 referri

888 2391 1025 2423 debere.
1084 2393 1210 2425 Quanti
1240 2393 1411 2426 interdum
1444 2397 1487 2428 sit
1517 2407 1585 2428 mo-

888 2443 993 2473 menti
1018 2452 1070 2473 res
1087 2447 1154 2473 tam
1172 2444 1367 2485 perexigua,
1384 2446 1461 2477 w'de
1484 2446 1583 2485 infra,

888 2501 964 2532 quae
980 2493 1224 2533 annotavimus,
1240 2493 1283 2524 de
1300 2493 1390 2526 bello
1404 2496 1514 2536 Civili,
1529 2505 1584 2528 m.

888 2543 940 2573 39.
965 2542 1079 2580 Clark.

931 2594 950 2622 3
982 2592 1131 2633 Relictis]
1174 2593 1396 2626 Recentiores
1431 2595 1559 2626 retentis
1573 2606 1586 2632 ,-

889 2641 949 2672 sed
971 2643 1118 2674 omnium
1140 2643 1309 2675 Mstorum
1337 2649 1373 2675 et
1398 2645 1584 2686 antiquitus

890 2699 1044 2723 tusorum
1099 2692 1281 2724 lectionem
1316 2693 1443 2733 absque
1482 2699 1585 2726 causa

889 2741 1020 2773 sontica
1061 2741 1299 2784 deseruerunt,
1341 2747 1380 2774 ut
1418 2745 1584 2787 exemplis
