1818 3131
237 191 350 234 1082

232 297 411 336 ,virtusque
437 294 579 326 deerat!
641 295 690 326 Ut
717 294 833 326 Livius
855 295 938 326 viros

233 346 432 384 decadem.
446 345 504 375 l.1.
520 345 529 361 ‘
540 343 687 386 Jamque
695 346 939 378 omnibussatis

232 395 441 435 comparatis
458 394 499 424 ad
518 394 770 435 trajiciendum,
789 397 939 428 terrebat

236 455 277 476 ex
294 444 434 475 adverso
449 446 707 484 liostis‚omnem
724 447 829 487 ripam
846 447 938 488 equi-

237 503 356 536 tesque
371 495 500 534 virique
524 496 742 528 obtinentes.'
786 498 860 529 Nec
876 496 938 528 dif-

234 546 323 578 ficile
338 547 495 586 conjectu
509 552 574 585 est,
588 555 649 578 eur
662 548 711 579 ita
722 549 810 580 solus
823 547 940 588 pedes,

234 605 303 627 nou
332 605 436 637 eques
458 598 664 637 appelletur.
712 599 800 629 Nam
831 599 940 638 prima

235 646 325 678 inter
338 648 498 679 mortales
515 649 687 688 pedestria
700 650 819 689 proelia
831 648 938 679 fuere.

230 697 333 733 ‚Solus
349 697 382 728 id
402 698 619 738 Palu-piretus
635 700 714 730 satis
731 699 883 730 docuerit
897 699 939 729 de

235 746 328 778 lucr.
352 757 381 778 c.
409 751 438 778 l.
463 758 538 779 cum
562 750 622 788 ait,
646 749 798 780 νεανίσκοι
814 749 847 780 δέ
859 761 941 780 τινες

230 797 408 836 ,ἐπινοοῦσιν
431 799 541 829 ἵππους
564 799 699 836 κέλητας
722 798 847 838 διδάξαι·
870 799 941 840 πρό-

231 860 324 888 περον
338 850 400 889 γὰρ
415 851 469 880 οὐκ
490 850 661 886 ἠπίσταντο
676 852 722 890 ἐφ’
743 851 844 882 ἵππων
857 850 940 890 ὀχεῖ-

230 902 318 939 σθαι,
333 900 417 931 ἀλλὰ
431 899 523 937 μόνον
538 899 669 940 ἅρμασιν
681 902 836 941 ἐχρῶντο;
860 902 941 933 Ado-

234 951 390 981 lesceutuli
400 961 468 981 tero
485 951 623 982 nonnulli
638 961 726 991 equos
739 953 863 982 domare
875 955 942 982 tum

232 1000 369 1039 primum
383 1002 537 1040 aggressi,
552 1003 698 1041 quomodo
711 1003 826 1042 equites
847 1012 941 1033 sesso-

234 1059 341 1089 resque
357 1051 446 1081 dorso
459 1054 632 1090 gestarent,
653 1051 720 1082 illos
734 1053 840 1082 docere
854 1063 942 1083 exco-

231 1100 351 1138 gitant.
397 1101 492 1131 Prius
515 1101 596 1132 enim
618 1102 754 1132 homiues
773 1103 858 1142 equis
874 1103 943 1133 cclii

228 1150 423 1191 nesciebant,
434 1161 540 1182 verum
555 1152 696 1182 curribus
706 1154 863 1183 duntaxat
876 1158 941 1183 ute-

235 1199 360 1230 bantur.
408 1201 450 1231 Et
475 1201 554 1231 hinc
581 1201 624 1232 ob
653 1201 866 1233 insolentiam
893 1203 941 1232 rei

229 1260 312 1281 ‚cum
327 1251 424 1290 primi
440 1261 587 1283 sessores
599 1262 760 1293 equorum
778 1262 941 1294 conspec—

231 1301 260 1331 ti
277 1300 450 1342 κενταύρων
464 1312 582 1333 nomen
601 1308 839 1343 reportavere:
866 1313 940 1334 nam

234 1350 384 1382 homines
409 1361 482 1382 esse
507 1362 571 1382 non
597 1353 775 1393 putabant.
821 1353 942 1393 Itaque

228 1401 351 1432 similis
367 1403 495 1434 locutio
509 1403 540 1433 in
559 1403 617 1434 illo
633 1403 777 1434 Caesaris
795 1404 836 1435 de
853 1404 942 1435 bello

233 1451 334 1482 Civili
358 1462 398 1484 11.
426 1456 479 1483 39.
509 1454 518 1469 ‘
537 1453 639 1494 Capti
666 1454 820 1485 homines
847 1455 941 1495 equi-

230 1505 356 1542 ,tesque
377 1502 676 1542 producebantur)
709 1504 777 1534 Ubi
794 1503 940 1536 fortasse

230 1551 530 1583 emendator-culus
553 1553 718 1594 quispiam
744 1560 889 1594 reponat
911 1565 941 1586 e-

230 1601 362 1644 qyiquoe
386 1611 452 1633 non
469 1612 552 1642 ego:
580 1604 636 1644 qui
655 1604 686 1634 in
701 1609 847 1645 quatuor
864 1615 940 1645 pro-

232 1651 284 1686 bis
301 1652 492 1693 codicibus,
508 1657 544 1683 et
560 1653 714 1684 omnibus
743 1654 842 1685 editis
858 1656 940 1695 equi-

231 1705 278 1733 tes
308 1702 454 1733 invenio.
499 1702 572 1734 Aut
588 1704 616 1734 si
640 1705 709 1735 alte
734 1704 818 1735 adeo
845 1715 940 1746 repe-

233 1756 307 1783 tere
325 1762 476 1784 caussam
493 1753 592 1794 liujus
609 1763 674 1785 non
704 1755 838 1795 placeat
855 1755 940 1796 (non

229 1807 285 1840 ¹est
302 1807 414 1834 tamen
437 1803 523 1834 adeo
539 1803 702 1843 absurda,
718 1815 816 1844 quam
831 1805 940 1845 prima

228 1852 345 1884 fronte
360 1853 449 1884 forte
461 1854 565 1894 aliqui
577 1854 813 1894 jitdicabunt),
825 1854 940 1885 dicen-

229 1902 309 1939 dum
327 1902 468 1934 militem
487 1903 599 1934 vocari
617 1903 778 1944 peditem,
794 1905 870 1945 quia
882 1914 938 1934 ex-

229 1953 360 1983 ercitus
377 1953 556 1993 potissima
572 1953 628 1983 ille¹
644 1964 733 1994 pars.
768 1955 939 1987 Quemad-

230 2003 368 2034 modum
407 2008 521 2034 autem
561 2005 671 2044 prima
703 2005 820 2045 pru-lia
849 2010 940 2035 terra

229 2051 342 2092 suere,
373 2053 567 2094 priusquam
596 2054 677 2084 mari
705 2059 936 2095 pugnaretur:

229 2102 279 2134 ita
293 2103 408 2133 Czesar
418 2113 521 2144 supra
534 2112 582 2134 iv.
597 2106 650 2134 24.
666 2105 842 2136 terrestria
852 2114 940 2145 proe-

230 2153 276 2190 lia
290 2153 376 2183 dixit
389 2154 568 2194 pedestria.-
591 2155 741 2194 nammbi
759 2155 801 2186 de
819 2156 940 2186 Roma-

229 2201 281 2233 nis
307 2203 468 2243 loquitur,
485 2203 542 2244 qui
563 2203 595 2234 in
623 2202 784 2236 fluctibns
810 2209 939 2235 stantes

230 2252 441 2292 pugnabant,
456 2253 521 2284 ait:
545 2254 555 2270 ⁴
571 2254 704 2286 Quibus
718 2255 818 2286 rebus
831 2255 939 2285 nostri

230 2302 420 2342 perterriti,
434 2308 537 2343 atque
551 2303 651 2343 hujus
661 2305 794 2335 omnino
805 2300 939 2345 generis

228 2361 352 2392 pugn-«u
390 2353 549 2393 imperiti,
582 2363 647 2386 nou
674 2364 789 2385 omnes
820 2355 938 2386 eadem

230 2401 423 2440 alacritate,
440 2412 479 2433 ac
495 2402 620 2442 studio,
635 2413 701 2444 quo
718 2404 751 2435 in
775 2405 938 2444 pedestri-

228 2451 290 2483 bus
304 2453 352 2483 uti
371 2453 498 2492 proeliis
515 2459 778 2495 consueverant,
794 2456 933 2487 uteban-

227 2503 309 2534 tur?
337 2503 471 2535 Vossius.
513 2504 600 2535 Vide
617 2516 700 2546 quos
725 2509 879 2548 congessi
897 2508 937 2539 ad

228 2553 379 2585 Frontin.
406 2563 448 2586 11.
472 2557 503 2585 3.
531 2558 581 2586 14.
627 2555 695 2587 Adi
721 2562 757 2588 et
783 2558 872 2589 infra
896 2559 938 2590 ad

230 2612 294 2635 vu.
312 2607 365 2636 61.
381 2609 418 2636 et
433 2606 626 2638 sexcenties
640 2607 673 2637 in
697 2607 748 2639 his
771 2618 940 2640 commen-

231 2653 339 2685 tariis.

268 2707 289 2734 6
306 2705 345 2735 In
364 2705 456 2736 litore
473 2705 597 2745 ejectas]
621 2706 777 2739 Leidens.
792 2719 845 2749 pr.
863 2710 938 2750 Cuj.

226 2754 353 2796 Sealig.
375 2756 489 2789 Oxou.
508 2766 585 2789 cum
601 2757 689 2790 Edd.
705 2757 801 2800 Ami,
823 2760 941 2802 Steph.

701 199 843 230 NOTAE
875 198 1138 230 VARIORUM
1175 199 1225 229 ΙΝ

990 294 1136 335 Grypbii
1152 294 1295 335 aliisque
1311 294 1344 324 in
1358 294 1443 325 litus.
1470 292 1538 326 Sed
1556 292 1688 333 Fuerat,

991 346 1212 385 Hotomanni,
1239 346 1387 385 Branfii,
1414 345 1548 387 meique
1584 345 1689 376 ceteri

990 396 1099 429 Codd.
1115 407 1189 429 cum
1204 397 1290 429 Edd.
1308 397 1424 438 primis
1438 400 1576 428 servant
1589 396 1690 427 litore.

991 448 1122 478 Recte:
1150 458 1225 478 nam
1250 454 1473 488 p1·.1=terquam
1494 446 1584 488 quod
1599 455 1689 487 saepe

990 499 1023 528 in
1046 507 1121 528 cum
1143 498 1291 529 ablativo
1308 503 1464 538 ponatur,
1480 498 1561 529 licet
1577 497 1630 528 vel
1646 497 1692 528 iu-

990 547 1036 578 sit
1050 552 1160 578 motus
1183 547 1398 587 significatio,
1416 548 1486 579 sive
1502 547 1615 588 potius
1636 547 1692 578 ille

991 602 1102 627 motus
1134 598 1363 637 praecesserit,
1389 603 1426 629 ut
1454 602 1607 630 notatum
1633 606 1692 628 sae·

992 645 1142 686 pissime,
1160 647 1230 676 liaec.
1257 647 1330 686 ipsa
1347 657 1411 678 vox
1431 648 1520 679 litore
1535 649 1582 678 ita
1599 657 1692 678 usur-

991 699 1091 735 patur
1109 705 1128 726 a
1144 696 1279 727 Lucano
1296 705 1335 728 n.
1351 699 1425 728 710.
1456 700 1465 714 ‘
1485 697 1551 729 Hic
1568 699 1694 729 haesere

992 751 1083 776 rates
1109 746 1265 786 geminae,
1292 747 1460 788 classique
1478 752 1612 788 paratas
1628 748 1693 778 Ex-

991 805 1115 835 cepere
1153 806 1282 835 manus‚
1316 802 1495 838 tractoque
1527 798 1561 829 in
1595 798 1693 829 litore

992 846 1083 877 bello
1111 846 1177 877 Hic
1203 847 1369 887 primum,’
1385 850 1449 878 &m
1474 849 1529 880 ubi
1543 848 1622 880 vide
1636 857 1694 880 uo-

992 901 1057 927 tas.
1104 897 1272 938 Adposite
1294 899 1400 939 magis
1415 899 1537 940 Virgil.
1556 899 1629 931 AEn.
1646 907 1694 930 iv.

991 948 1065 977 373.
1101 947 1284 987 ‘Ejectum
1309 948 1422 988 litore,
1448 954 1603 990 egentem
1629 950 1695 981 Ex-

992 996 1091 1037 cepi!
1115 997 1261 1029 Consule
1278 1004 1315 1030 et
1330 999 1377 1030 ibi
1393 999 1673 1031 Commentarios.

1034 1050 1053 1077 7
1071 1047 1296 1089 Subsiseerent]
1314 1050 1494 1082 Pulmanni
1511 1051 1698 1092 Excerpta,

992 1098 1124 1129 Duker.
1159 1098 1305 1130 Dorvill.
1338 1105 1375 1131 et
1406 1100 1495 1131 Edd.
1534 1101 1697 1140 Romana,

991 1149 1137 1179 Mediol.
1167 1150 1252 1180 Ven.
1271 1150 1398 1182 substin.
1421 1152 1473 1182 vel
1499 1152 1697 1182 sustinerent.

992 1198 1070 1229 Non
1089 1199 1188 1237 male,
1214 1199 1273 1230 sed
1293 1209 1388 1240 cave,
1415 1200 1589 1232 admittas.
1635 1201 1698 1232 Est

991 1248 1080 1278 enim
1106 1249 1168 1279 hoc
1194 1249 1268 1280 loco
1293 1250 1418 1281 Glossa
1439 1251 1495 1281 τοῦ
1519 1251 1699 1283 subsistere:

991 1298 1033 1329 de
1050 1309 1115 1340 quo
1132 1300 1235 1330 verbo
1263 1301 1401 1332 consule
1428 1312 1594 1333 summum
1612 1304 1697 1335 Gro-

991 1351 1125 1380 novium
1152 1350 1296 1382 Observ.
1316 1361 1340 1383 r.
1359 1355 1408 1383 17.
1427 1358 1464 1383 et
1491 1353 1533 1383 ad
1563 1353 1698 1384 Livium

991 1408 1109 1431 xxvu.
1125 1403 1157 1430 7.
1190 1401 1199 1417 ‘
1217 1401 1283 1432 Vix
1308 1401 1471 1433 Annibali
1498 1407 1603 1444 atque
1625 1403 1699 1444 ejus

990 1450 1093 1480 armis
1123 1451 1387 1484 subsistentem:
1422 1453 1525 1485 Ovid.
1542 1455 1562 1486 l.
1579 1462 1635 1486 m.
1656 1463 1698 1485 ex

990 1500 1031 1530 P.
1050 1501 1102 1532 El.
1118 1503 1150 1533 ,4.
1167 1503 1221 1533 83.
1245 1502 1254 1519 ‘
1273 1503 1342 1534 Res
1360 1513 1494 1545 quoque
1512 1509 1606 1537 tauta
1623 1504 1700 1546 fuit,

991 1555 1126 1591 quantae
1158 1552 1356 1593 subsistere,
1384 1564 1513 1586 summo
1537 1556 1698 1587 AEneidos

990 1601 1060 1631 vati
1073 1600 1199 1641 grande
1213 1601 1335 1634 fuisset
1347 1604 1455 1635 onus.’
1480 1604 1581 1637 Adde
1593 1605 1699 1637 Glan-

990 1652 1088 1691 ‹lorp.
1119 1656 1155 1682 et
1185 1652 1226 1682 ad
1254 1661 1336 1685 v111.
1361 1656 1414 1685 28.
1437 1655 1535 1687 ‘toto
1564 1655 1698 1697 agmine

992 1701 1238 1733 subsistentes!

1034 1759 1085 1780 xi.
1099 1754 1118 1781 2
1137 1752 1255 1783 itinere
1270 1754 1434 1794 desistere]
1450 1754 1560 1786 Editt.
1578 1755 1696 1796 primae

991 1805 1025 1830 et
1043 1801 1201 1832 Beroald.
1216 1802 1344 1834 habent
1355 1805 1389 1834 in
1400 1804 1512 1835 itinere
1524 1806 1701 1843 consistere,

991 1851 1076 1881 Mss.
1115 1852 1235 1882 Braut.
1275 1858 1310 1883 et
1349 1854 1490 1884 Non-vic.
1525 1864 1602 1885 cum
1633 1855 1697 1886 Ed.

990 1901 1107 1941 Steph.
1146 1902 1183 1932 In
1200 1903 1311 1934 itinere
1333 1905 1487 1944 resistere,
1505 1915 1606 1946 quam
1630 1905 1699 1937 lec-

990 1952 1116 1983 tionem
1135 1953 1256 1993 probat
1275 1953 1458 1985 Hotoman.
1474 1956 1586 1986 Dacis.
1612 1956 1697 1987 Mss-

991 2002 1079 2043 Reg.
1097 2004 1224 2034 Eliens.
1241 2009 1277 2035 et
1290 2005 1401 2035 Vossii
1425 2006 1434 2021 ‘
1453 2005 1487 2035 iu
1504 2005 1628 2037 itinere
1646 2016 1698 2038 re—

990 2052 1137 2083 sistere.'
1162 2054 1270 2086 Clark.
1296 2054 1381 2085 Mss.
1405 2054 1509 2085 etiam
1537 2055 1603 2087 mei
1630 2056 1699 2096 ple-

991 2103 1087 2144 rique
1119 2103 1151 2134 in
1182 2104 1294 2135 itinere
1323 2105 1468 2135 resistere
1499 2110 1533 2137 et
1561 2106 1594 2136 in
1621 2106 1698 2138 Pal.

989 2153 1166 2184 consistere.
1199 2154 1325 2185 Petav.
1353 2163 1434 2186 vero
1457 2164 1524 2186 non
1546 2156 1699 2196 agnoscit

989 2205 1284 2245 praepositionem:
1321 2206 1422 2238 immo
1452 2208 1602 2240 desistere
1628 2217 1699 2239 ser-

989 2259 1072 2285 vant
1097 2256 1163 2286 Ms.
1186 2255 1443 2297 antiquissimus
1472 2258 1601 2297 Ursini,
1629 2257 1698 2289 An-

990 2303 1057 2334 din.
1084 2303 1203 2344 Cujac.
1231 2305 1355 2346 Scalig.
1389 2307 1547 2339 Leidens.
1582 2317 1634 2348 pr.
1661 2312 1698 2339 et

990 2352 1100 2385 Oxon.
1127 2364 1166 2385 ac
1193 2364 1268 2387 cum
1293 2356 1447 2396 plurimis
1474 2357 1574 2388 editis
1592 2357 1694 2388 etiam

989 2404 1152 2445 Stephani
1190 2405 1254 2436 Ed.
1284 2406 1326 2438 A.
1356 2410 1451 2439 154⁴.
1507 2407 1695 2448 Multisque

988 2454 1075 2485 hanc
1112 2455 1295 2487 lectionem
1333 2457 1462 2496 optime
1500 2462 1697 2498 propugnat

989 2505 1041 2536 Cl.
1055 2506 1121 2536 Bos
1138 2505 1172 2536 in
1186 2505 1423 2537 Animadvers.
1435 2506 1477 2537 ad
1491 2507 1576 2538 Caes.
1595 2517 1629 2548 p.
1645 2510 1696 2539 18.

988 2554 1088 2587 Adde
1109 2555 1150 2586 B.
1168 2556 1211 2587 G.
1227 2565 1252 2588 1.
1268 2559 1299 2587 8.
1325 2557 1333 2573 ‘
1354 2557 1428 2587 Hoc
1448 2562 1573 2588 conatu
1590 2557 1695 2589 desti·

990 2605 1195 2638 terunt.'1v.
1224 2609 1274 2637 12.
1305 2608 1313 2623 ‘
1332 2606 1381 2636 Ut
1408 2615 1473 2637 non
1498 2607 1589 2647 prius
1613 2607 1695 2648 fuga

989 2656 1215 2689 desisterent:
1239 2657 1314 2688 Vim
1332 2657 1427 2698 hujus
1445 2658 1550 2697 verbi,
1567 2668 1606 2690 ac
1623 2668 1695 2690 mu·

989 2711 1072 2740 tatae
1101 2707 1224 2738 mentis
1252 2707 1452 2749 consiliique
1477 2707 1696 2748 significatio-

990 2768 1067 2791 nem
1085 2758 1233 2799 pluribus
1247 2757 1405 2789 inlustrat
1423 2757 1692 2799 elegantissimi„
