<?xml version="1.0" encoding="UTF-8"?>
<!DOCTYPE html PUBLIC "-//W3C//DTD XHTML 1.0 Transitional//EN"
    "http://www.w3.org/TR/xhtml1/DTD/xhtml1-transitional.dtd">
<html xmlns="http://www.w3.org/1999/xhtml" xml:lang="en" lang="en">
 <head>
  <title>
</title>
<meta http-equiv="Content-Type" content="text/html;charset=utf-8" />
  <meta name='ocr-system' content='tesseract 3.04.00' />
  <meta name='ocr-capabilities' content='ocr_page ocr_carea ocr_par ocr_line ocrx_word'/>
</head>
<body>
  <div class='ocr_page' id='page_1' title='image "./operaomniaexedit03caesuoft/operaomniaexedit03caesuoft_0307.png"; bbox 0 0 1818 3131; ppageno 0'>
   <div class='ocr_carea' id='block_1_1' title="bbox 315 230 1300 272">
    <p class='ocr_par' dir='ltr' id='par_1_1' title="bbox 315 230 1300 272">
     <span class='ocr_line' id='line_1_1' title="bbox 315 230 1300 272; baseline 0 -1"><span class='ocrx_word' id='word_1_1' title='bbox 315 242 409 272; x_wconf 77' lang='lat' dir='ltr'>mn.</span> <span class='ocrx_word' id='word_1_2' title='bbox 441 241 527 271; x_wconf 81' lang='lat' dir='ltr'>vii.</span> <span class='ocrx_word' id='word_1_3' title='bbox 559 230 754 270; x_wconf 57' lang='lat' dir='ltr'>omnm.</span> <span class='ocrx_word' id='word_1_4' title='bbox 790 241 850 269; x_wconf 72' lang='lat' dir='ltr'>nn</span> <span class='ocrx_word' id='word_1_5' title='bbox 885 241 1042 271; x_wconf 63' lang='lat' dir='ltr'>nanno</span> <span class='ocrx_word' id='word_1_6' title='bbox 1073 240 1300 271; x_wconf 74' lang='lat' dir='ltr'>GALLICO.</span> 
     </span>
    </p>
   </div>
   <div class='ocr_carea' id='block_1_2' title="bbox 78 333 789 2827">
    <p class='ocr_par' dir='ltr' id='par_1_2' title="bbox 78 333 789 2827">
     <span class='ocr_line' id='line_1_2' title="bbox 86 333 781 377; baseline -0.006 -11"><span class='ocrx_word' id='word_1_7' title='bbox 86 336 163 377; x_wconf 83' lang='lat' dir='ltr'>quia</span> <span class='ocrx_word' id='word_1_8' title='bbox 179 335 212 366; x_wconf 89' lang='lat' dir='ltr'>in</span> <span class='ocrx_word' id='word_1_9' title='bbox 230 335 439 367; x_wconf 80' lang='lat' dir='ltr'>Carrariensi</span> <span class='ocrx_word' id='word_1_10' title='bbox 463 333 580 365; x_wconf 89' lang='lat' dir='ltr'>codice</span> <span class='ocrx_word' id='word_1_11' title='bbox 608 337 781 372; x_wconf 87' lang='lat' dir='ltr'>repertum</span> 
     </span>
     <span class='ocr_line' id='line_1_3' title="bbox 86 381 780 425; baseline -0.007 -9"><span class='ocrx_word' id='word_1_12' title='bbox 86 390 152 425; x_wconf 88' lang='lat' dir='ltr'>est,</span> <span class='ocrx_word' id='word_1_13' title='bbox 179 385 333 424; x_wconf 82' lang='lat' dir='ltr'>admitto,</span> <span class='ocrx_word' id='word_1_14' title='bbox 371 384 478 414; x_wconf 90' lang='lat' dir='ltr'>donec</span> <span class='ocrx_word' id='word_1_15' title='bbox 509 381 713 413; x_wconf 87' lang='lat' dir='ltr'>commodior</span> <span class='ocrx_word' id='word_1_16' title='bbox 745 391 780 412; x_wconf 87' lang='lat' dir='ltr'>se</span> 
     </span>
     <span class='ocr_line' id='line_1_4' title="bbox 84 430 781 475; baseline -0.006 -10"><span class='ocrx_word' id='word_1_17' title='bbox 84 435 205 467; x_wconf 80' lang='lat' dir='ltr'>offerat</span> <span class='ocrx_word' id='word_1_18' title='bbox 221 435 398 475; x_wconf 84' lang='lat' dir='ltr'>scriptura.</span> <span class='ocrx_word' id='word_1_19' title='bbox 445 433 485 463; x_wconf 78' lang='lat' dir='ltr'>In</span> <span class='ocrx_word' id='word_1_20' title='bbox 500 431 676 471; x_wconf 89' lang='lat' dir='ltr'>Anonymo</span> <span class='ocrx_word' id='word_1_21' title='bbox 691 430 781 462; x_wconf 93' lang='lat' dir='ltr'>Celsi</span> 
     </span>
     <span class='ocr_line' id='line_1_5' title="bbox 84 482 781 526; baseline -0.006 -10"><span class='ocrx_word' id='word_1_22' title='bbox 84 487 295 526; x_wconf 67' lang='lat' dir='ltr'>exscriptore</span> <span class='ocrx_word' id='word_1_23' title='bbox 309 484 452 522; x_wconf 87' lang='lat' dir='ltr'>invenio,</span> <span class='ocrx_word' id='word_1_24' title='bbox 468 484 476 500; x_wconf 91' lang='lat'><strong>‘</strong></span> <span class='ocrx_word' id='word_1_25' title='bbox 491 482 654 514; x_wconf 82' lang='lat' dir='ltr'><strong>Substitit</strong></span> <span class='ocrx_word' id='word_1_26' title='bbox 680 482 781 522; x_wconf 83' lang='lat' dir='ltr'>legio,</span> 
     </span>
     <span class='ocr_line' id='line_1_6' title="bbox 85 533 780 576; baseline -0.007 -9"><span class='ocrx_word' id='word_1_27' title='bbox 85 546 159 576; x_wconf 83' lang='lat' dir='ltr'>quae</span> <span class='ocrx_word' id='word_1_28' title='bbox 198 534 418 576; x_wconf 89' lang='lat' dir='ltr'>propinquior</span> <span class='ocrx_word' id='word_1_29' title='bbox 448 538 533 573; x_wconf 89' lang='lat' dir='ltr'>erat,</span> <span class='ocrx_word' id='word_1_30' title='bbox 565 533 672 564; x_wconf 83' lang='lat' dir='ltr'>altera</span> <span class='ocrx_word' id='word_1_31' title='bbox 700 542 780 563; x_wconf 90' lang='lat' dir='ltr'>vero</span> 
     </span>
     <span class='ocr_line' id='line_1_7' title="bbox 84 583 781 624; baseline -0.004 -7"><span class='ocrx_word' id='word_1_32' title='bbox 84 585 270 624; x_wconf 50' lang='lat' dir='ltr'>remotior}</span> <span class='ocrx_word' id='word_1_33' title='bbox 284 586 348 616; x_wconf 66' lang='grc' dir='ltr'>διο.</span> <span class='ocrx_word' id='word_1_34' title='bbox 377 584 513 616; x_wconf 71' lang='lat' dir='ltr'>Vossius.</span> <span class='ocrx_word' id='word_1_35' title='bbox 544 583 688 615; x_wconf 88' lang='lat' dir='ltr'>Codices</span> <span class='ocrx_word' id='word_1_36' title='bbox 702 593 781 614; x_wconf 84' lang='lat' dir='ltr'>non-</span> 
     </span>
     <span class='ocr_line' id='line_1_8' title="bbox 84 635 781 677; baseline -0.001 -10"><span class='ocrx_word' id='word_1_37' title='bbox 84 636 178 676; x_wconf 88' lang='lat' dir='ltr'>nulli,</span> <span class='ocrx_word' id='word_1_38' title='bbox 223 636 232 652; x_wconf 92' lang='lat'>‘</span> <span class='ocrx_word' id='word_1_39' title='bbox 250 646 318 677; x_wconf 87' lang='lat' dir='ltr'>qua</span> <span class='ocrx_word' id='word_1_40' title='bbox 356 640 426 667; x_wconf 88' lang='lat' dir='ltr'>tum</span> <span class='ocrx_word' id='word_1_41' title='bbox 464 639 539 667; x_wconf 86' lang='lat' dir='ltr'>erat</span> <span class='ocrx_word' id='word_1_42' title='bbox 576 635 781 666; x_wconf 91' lang='lat' dir='ltr'>comitatus.&#39;</span> 
     </span>
     <span class='ocr_line' id='line_1_9' title="bbox 83 685 782 728; baseline -0.004 -9"><span class='ocrx_word' id='word_1_43' title='bbox 83 687 192 720; x_wconf 85' lang='lat' dir='ltr'>Quam</span> <span class='ocrx_word' id='word_1_44' title='bbox 215 687 412 718; x_wconf 86' lang='lat' dir='ltr'>Lectionem</span> <span class='ocrx_word' id='word_1_45' title='bbox 441 687 695 728; x_wconf 78' lang='lat' dir='ltr'>amplectuntur</span> <span class='ocrx_word' id='word_1_46' title='bbox 712 685 782 727; x_wconf 85' lang='lat' dir='ltr'>qui-</span> 
     </span>
     <span class='ocr_line' id='line_1_10' title="bbox 82 735 780 778; baseline -0.001 -10"><span class='ocrx_word' id='word_1_47' title='bbox 82 737 160 768; x_wconf 91' lang='lat' dir='ltr'>dam</span> <span class='ocrx_word' id='word_1_48' title='bbox 186 737 260 768; x_wconf 84' lang='lat' dir='ltr'>Viri</span> <span class='ocrx_word' id='word_1_49' title='bbox 287 737 406 774; x_wconf 85' lang='lat' dir='ltr'>Docti,</span> <span class='ocrx_word' id='word_1_50' title='bbox 438 737 515 778; x_wconf 88' lang='lat' dir='ltr'>quia</span> <span class='ocrx_word' id='word_1_51' title='bbox 544 737 660 768; x_wconf 77' lang='lat' dir='ltr'>Caesar</span> <span class='ocrx_word' id='word_1_52' title='bbox 686 735 780 775; x_wconf 89' lang='lat' dir='ltr'>alibi,</span> 
     </span>
     <span class='ocr_line' id='line_1_11' title="bbox 82 786 780 827; baseline -0.004 -8"><span class='ocrx_word' id='word_1_53' title='bbox 82 798 149 820; x_wconf 90' lang='lat' dir='ltr'>non</span> <span class='ocrx_word' id='word_1_54' title='bbox 178 788 275 819; x_wconf 85' lang='lat' dir='ltr'>‘cum</span> <span class='ocrx_word' id='word_1_55' title='bbox 296 787 485 827; x_wconf 86' lang='lat' dir='ltr'>militibus‚&#39;</span> <span class='ocrx_word' id='word_1_56' title='bbox 509 787 567 819; x_wconf 88' lang='lat' dir='ltr'>sed</span> <span class='ocrx_word' id='word_1_57' title='bbox 594 787 708 827; x_wconf 88' lang='lat' dir='ltr'>‘apud</span> <span class='ocrx_word' id='word_1_58' title='bbox 722 786 780 816; x_wconf 94' lang='lat' dir='ltr'>mi-</span> 
     </span>
     <span class='ocr_line' id='line_1_12' title="bbox 80 836 780 878; baseline -0.006 -9"><span class='ocrx_word' id='word_1_59' title='bbox 80 837 385 876; x_wconf 87' lang='lat' dir='ltr'>litescoucionari,’</span> <span class='ocrx_word' id='word_1_60' title='bbox 401 836 645 878; x_wconf 85' lang='lat' dir='ltr'>semperdicat.</span> <span class='ocrx_word' id='word_1_61' title='bbox 672 836 780 866; x_wconf 79' lang='lat' dir='ltr'>Clark.</span> 
     </span>
     <span class='ocr_line' id='line_1_13' title="bbox 83 888 780 929; baseline -0.004 -9"><span class='ocrx_word' id='word_1_62' title='bbox 83 890 131 920; x_wconf 88' lang='lat' dir='ltr'>Ut</span> <span class='ocrx_word' id='word_1_63' title='bbox 147 889 248 929; x_wconf 86' lang='lat' dir='ltr'>vulgo</span> <span class='ocrx_word' id='word_1_64' title='bbox 274 889 446 928; x_wconf 79' lang='lat' dir='ltr'><strong>exhibent,</strong></span> <span class='ocrx_word' id='word_1_65' title='bbox 470 893 584 920; x_wconf 81' lang='lat' dir='ltr'>exstat</span> <span class='ocrx_word' id='word_1_66' title='bbox 608 888 643 918; x_wconf 91' lang='lat' dir='ltr'>in</span> <span class='ocrx_word' id='word_1_67' title='bbox 666 888 780 918; x_wconf 81' lang='lat' dir='ltr'>Ursin.</span> 
     </span>
     <span class='ocr_line' id='line_1_14' title="bbox 83 938 781 980; baseline -0.003 -9"><span class='ocrx_word' id='word_1_68' title='bbox 83 940 201 980; x_wconf 88' lang='lat' dir='ltr'>Cujac.</span> <span class='ocrx_word' id='word_1_69' title='bbox 231 939 356 970; x_wconf 77' lang='lat' dir='ltr'>Andiu.</span> <span class='ocrx_word' id='word_1_70' title='bbox 384 939 480 970; x_wconf 85' lang='lat' dir='ltr'>Leid.</span> <span class='ocrx_word' id='word_1_71' title='bbox 511 948 561 979; x_wconf 87' lang='lat' dir='ltr'>pr.</span> <span class='ocrx_word' id='word_1_72' title='bbox 594 944 628 969; x_wconf 88' lang='lat' dir='ltr'>et</span> <span class='ocrx_word' id='word_1_73' title='bbox 657 938 781 978; x_wconf 85' lang='lat' dir='ltr'>Scalig.</span> 
     </span>
     <span class='ocr_line' id='line_1_15' title="bbox 82 989 782 1030; baseline -0.001 -10"><span class='ocrx_word' id='word_1_74' title='bbox 82 989 218 1030; x_wconf 87' lang='lat' dir='ltr'><strong>Reliqui</strong></span> <span class='ocrx_word' id='word_1_75' title='bbox 237 989 319 1020; x_wconf 88' lang='lat' dir='ltr'>Mss.</span> <span class='ocrx_word' id='word_1_76' title='bbox 340 994 375 1020; x_wconf 86' lang='lat' dir='ltr'>et</span> <span class='ocrx_word' id='word_1_77' title='bbox 391 989 479 1020; x_wconf 89' lang='lat' dir='ltr'>Edd.</span> <span class='ocrx_word' id='word_1_78' title='bbox 507 989 622 1030; x_wconf 86' lang='lat' dir='ltr'>primae</span> <span class='ocrx_word' id='word_1_79' title='bbox 653 989 662 1004; x_wconf 92' lang='lat'>‘</span> <span class='ocrx_word' id='word_1_80' title='bbox 679 989 782 1029; x_wconf 86' lang='lat' dir='ltr'>legio-</span> 
     </span>
     <span class='ocr_line' id='line_1_16' title="bbox 83 1039 781 1080; baseline 0 -11"><span class='ocrx_word' id='word_1_81' title='bbox 83 1039 199 1080; x_wconf 87' lang='lat' dir='ltr'><strong>nique,</strong></span> <span class='ocrx_word' id='word_1_82' title='bbox 218 1041 283 1070; x_wconf 64' lang='grc' dir='ltr'>ἃς.</span> <span class='ocrx_word' id='word_1_83' title='bbox 301 1039 510 1071; x_wconf 56' lang='lat' dir='ltr'>constituit?</span> <span class='ocrx_word' id='word_1_84' title='bbox 533 1040 596 1070; x_wconf 87' lang='lat' dir='ltr'>nisi</span> <span class='ocrx_word' id='word_1_85' title='bbox 622 1039 711 1080; x_wconf 92' lang='lat' dir='ltr'>quod</span> <span class='ocrx_word' id='word_1_86' title='bbox 739 1040 781 1070; x_wconf 86' lang='lat' dir='ltr'>le-</span> 
     </span>
     <span class='ocr_line' id='line_1_17' title="bbox 78 1088 780 1129; baseline 0.001 -10"><span class='ocrx_word' id='word_1_87' title='bbox 78 1089 166 1128; x_wconf 77' lang='lat' dir='ltr'>giom·</span> <span class='ocrx_word' id='word_1_88' title='bbox 188 1088 313 1120; x_wconf 80' lang='lat' dir='ltr'>habeat</span> <span class='ocrx_word' id='word_1_89' title='bbox 339 1090 465 1120; x_wconf 87' lang='lat' dir='ltr'>Lovan.</span> <span class='ocrx_word' id='word_1_90' title='bbox 486 1090 611 1120; x_wconf 80' lang='lat' dir='ltr'>decimoe</span> <span class='ocrx_word' id='word_1_91' title='bbox 634 1098 701 1120; x_wconf 90' lang='lat' dir='ltr'>non</span> <span class='ocrx_word' id='word_1_92' title='bbox 725 1098 780 1129; x_wconf 87' lang='lat' dir='ltr'>ag-</span> 
     </span>
     <span class='ocr_line' id='line_1_18' title="bbox 80 1139 780 1170; baseline -0.003 0"><span class='ocrx_word' id='word_1_93' title='bbox 80 1143 222 1170; x_wconf 76' lang='lat' dir='ltr'>noscant</span> <span class='ocrx_word' id='word_1_94' title='bbox 239 1139 336 1170; x_wconf 83' lang='lat' dir='ltr'>Gott.</span> <span class='ocrx_word' id='word_1_95' title='bbox 353 1140 449 1170; x_wconf 69' lang='lat' dir='ltr'>Voss.</span> <span class='ocrx_word' id='word_1_96' title='bbox 468 1143 546 1170; x_wconf 89' lang='lat' dir='ltr'>tert.</span> <span class='ocrx_word' id='word_1_97' title='bbox 573 1139 671 1170; x_wconf 90' lang='lat' dir='ltr'>Leid.</span> <span class='ocrx_word' id='word_1_98' title='bbox 699 1142 780 1169; x_wconf 91' lang='lat' dir='ltr'>tert.</span> 
     </span>
     <span class='ocr_line' id='line_1_19' title="bbox 80 1188 781 1220; baseline -0.003 0"><span class='ocrx_word' id='word_1_99' title='bbox 80 1192 116 1220; x_wconf 84' lang='lat' dir='ltr'>et</span> <span class='ocrx_word' id='word_1_100' title='bbox 133 1188 197 1220; x_wconf 86' lang='lat' dir='ltr'>Ed.</span> <span class='ocrx_word' id='word_1_101' title='bbox 214 1188 286 1220; x_wconf 86' lang='lat' dir='ltr'>luc.</span> <span class='ocrx_word' id='word_1_102' title='bbox 303 1194 338 1220; x_wconf 87' lang='lat' dir='ltr'>et</span> <span class='ocrx_word' id='word_1_103' title='bbox 353 1189 557 1220; x_wconf 79' lang='lat' dir='ltr'>constiterunt</span> <span class='ocrx_word' id='word_1_104' title='bbox 584 1189 628 1219; x_wconf 85' lang='lat' dir='ltr'>sit</span> <span class='ocrx_word' id='word_1_105' title='bbox 652 1188 685 1219; x_wconf 92' lang='lat' dir='ltr'>in</span> <span class='ocrx_word' id='word_1_106' title='bbox 710 1188 781 1219; x_wconf 81' lang='lat' dir='ltr'>Ox-</span> 
     </span>
     <span class='ocr_line' id='line_1_20' title="bbox 81 1239 781 1280; baseline -0.001 -10"><span class='ocrx_word' id='word_1_107' title='bbox 81 1239 210 1271; x_wconf 90' lang='lat' dir='ltr'>oniensi</span> <span class='ocrx_word' id='word_1_108' title='bbox 225 1244 261 1270; x_wconf 92' lang='lat' dir='ltr'>et</span> <span class='ocrx_word' id='word_1_109' title='bbox 277 1239 374 1271; x_wconf 84' lang='lat' dir='ltr'>Leid.</span> <span class='ocrx_word' id='word_1_110' title='bbox 393 1240 512 1280; x_wconf 91' lang='lat' dir='ltr'>primo.</span> <span class='ocrx_word' id='word_1_111' title='bbox 559 1239 720 1270; x_wconf 88' lang='lat' dir='ltr'>Ceterum</span> <span class='ocrx_word' id='word_1_112' title='bbox 731 1248 781 1269; x_wconf 89' lang='lat' dir='ltr'>er-</span> 
     </span>
     <span class='ocr_line' id='line_1_21' title="bbox 80 1289 781 1330; baseline -0.001 -11"><span class='ocrx_word' id='word_1_113' title='bbox 80 1289 168 1320; x_wconf 88' lang='lat' dir='ltr'>ravit</span> <span class='ocrx_word' id='word_1_114' title='bbox 184 1289 346 1320; x_wconf 88' lang='lat' dir='ltr'>Brantius</span> <span class='ocrx_word' id='word_1_115' title='bbox 363 1294 399 1320; x_wconf 91' lang='lat' dir='ltr'>et</span> <span class='ocrx_word' id='word_1_116' title='bbox 414 1299 490 1320; x_wconf 89' lang='lat' dir='ltr'>cum</span> <span class='ocrx_word' id='word_1_117' title='bbox 503 1299 543 1320; x_wconf 89' lang='lat' dir='ltr'>eo</span> <span class='ocrx_word' id='word_1_118' title='bbox 559 1289 626 1329; x_wconf 90' lang='lat' dir='ltr'>alii,</span> <span class='ocrx_word' id='word_1_119' title='bbox 644 1289 701 1330; x_wconf 92' lang='lat' dir='ltr'>qui</span> <span class='ocrx_word' id='word_1_120' title='bbox 722 1298 781 1329; x_wconf 92' lang='lat' dir='ltr'>pu-</span> 
     </span>
     <span class='ocr_line' id='line_1_22' title="bbox 82 1340 782 1379; baseline -0.001 -9"><span class='ocrx_word' id='word_1_121' title='bbox 82 1342 198 1371; x_wconf 91' lang='lat' dir='ltr'>tarunt</span> <span class='ocrx_word' id='word_1_122' title='bbox 228 1340 262 1371; x_wconf 90' lang='lat' dir='ltr'>in</span> <span class='ocrx_word' id='word_1_123' title='bbox 291 1341 387 1372; x_wconf 84' lang='lat' dir='ltr'>Cart.</span> <span class='ocrx_word' id='word_1_124' title='bbox 416 1341 503 1371; x_wconf 87' lang='lat' dir='ltr'>libro</span> <span class='ocrx_word' id='word_1_125' title='bbox 530 1344 666 1370; x_wconf 83' lang='lat' dir='ltr'>exstare</span> <span class='ocrx_word' id='word_1_126' title='bbox 690 1340 699 1356; x_wconf 83' lang='lat'>‘</span> <span class='ocrx_word' id='word_1_127' title='bbox 717 1348 782 1379; x_wconf 91' lang='lat' dir='ltr'>qua</span> 
     </span>
     <span class='ocr_line' id='line_1_23' title="bbox 81 1388 781 1421; baseline -0.003 -1"><span class='ocrx_word' id='word_1_128' title='bbox 81 1393 154 1420; x_wconf 87' lang='lat' dir='ltr'>tum</span> <span class='ocrx_word' id='word_1_129' title='bbox 170 1399 201 1421; x_wconf 91' lang='lat' dir='ltr'>e.</span> <span class='ocrx_word' id='word_1_130' title='bbox 217 1390 395 1421; x_wconf 88' lang='lat' dir='ltr'>comitatus</span> <span class='ocrx_word' id='word_1_131' title='bbox 405 1390 423 1420; x_wconf 88' lang='lat'>:&#39;</span> <span class='ocrx_word' id='word_1_132' title='bbox 447 1399 522 1420; x_wconf 88' lang='lat' dir='ltr'>nam</span> <span class='ocrx_word' id='word_1_133' title='bbox 547 1390 674 1420; x_wconf 84' lang='lat' dir='ltr'>Brutus</span> <span class='ocrx_word' id='word_1_134' title='bbox 700 1388 735 1418; x_wconf 90' lang='lat' dir='ltr'>id</span> <span class='ocrx_word' id='word_1_135' title='bbox 763 1397 781 1418; x_wconf 91' lang='lat' dir='ltr'>e</span> 
     </span>
     <span class='ocr_line' id='line_1_24' title="bbox 81 1438 782 1480; baseline -0.003 -10"><span class='ocrx_word' id='word_1_136' title='bbox 81 1439 153 1470; x_wconf 87' lang='lat' dir='ltr'>sola</span> <span class='ocrx_word' id='word_1_137' title='bbox 169 1439 312 1480; x_wconf 83' lang='lat' dir='ltr'>Gryphii</span> <span class='ocrx_word' id='word_1_138' title='bbox 328 1439 477 1470; x_wconf 85' lang='lat' dir='ltr'>editione</span> <span class='ocrx_word' id='word_1_139' title='bbox 502 1439 658 1480; x_wconf 86' lang='lat' dir='ltr'>protulit,</span> <span class='ocrx_word' id='word_1_140' title='bbox 685 1443 721 1469; x_wconf 90' lang='lat' dir='ltr'>et</span> <span class='ocrx_word' id='word_1_141' title='bbox 748 1438 782 1468; x_wconf 90' lang='lat' dir='ltr'>in</span> 
     </span>
     <span class='ocr_line' id='line_1_25' title="bbox 83 1488 783 1528; baseline -0.001 -8"><span class='ocrx_word' id='word_1_142' title='bbox 83 1490 216 1521; x_wconf 89' lang='lat' dir='ltr'>Carrar.</span> <span class='ocrx_word' id='word_1_143' title='bbox 242 1498 328 1528; x_wconf 83' lang='lat' dir='ltr'>esse,</span> <span class='ocrx_word' id='word_1_144' title='bbox 357 1494 394 1520; x_wconf 89' lang='lat' dir='ltr'>ut</span> <span class='ocrx_word' id='word_1_145' title='bbox 411 1489 480 1520; x_wconf 80' lang='lat' dir='ltr'>dixi</span> <span class='ocrx_word' id='word_1_146' title='bbox 506 1489 539 1520; x_wconf 95' lang='lat' dir='ltr'>in</span> <span class='ocrx_word' id='word_1_147' title='bbox 563 1489 701 1528; x_wconf 87' lang='lat' dir='ltr'>ceteris,</span> <span class='ocrx_word' id='word_1_148' title='bbox 728 1488 783 1519; x_wconf 87' lang='lat' dir='ltr'>ad-</span> 
     </span>
     <span class='ocr_line' id='line_1_26' title="bbox 80 1538 781 1579; baseline -0.003 -8"><span class='ocrx_word' id='word_1_149' title='bbox 80 1539 223 1571; x_wconf 87' lang='lat' dir='ltr'>notavit.</span> <span class='ocrx_word' id='word_1_150' title='bbox 269 1540 355 1570; x_wconf 91' lang='lat' dir='ltr'>Cum</span> <span class='ocrx_word' id='word_1_151' title='bbox 380 1539 493 1579; x_wconf 90' lang='lat' dir='ltr'>Lipsio</span> <span class='ocrx_word' id='word_1_152' title='bbox 514 1538 548 1569; x_wconf 91' lang='lat' dir='ltr'>in</span> <span class='ocrx_word' id='word_1_153' title='bbox 566 1539 677 1570; x_wconf 85' lang='lat' dir='ltr'>Elect.</span> <span class='ocrx_word' id='word_1_154' title='bbox 694 1547 734 1569; x_wconf 91' lang='lat'>11.</span> <span class='ocrx_word' id='word_1_155' title='bbox 750 1541 781 1569; x_wconf 86' lang='grc'>7.</span> 
     </span>
     <span class='ocr_line' id='line_1_27' title="bbox 83 1589 782 1630; baseline -0.003 -10"><span class='ocrx_word' id='word_1_156' title='bbox 83 1589 255 1620; x_wconf 87' lang='lat' dir='ltr'>consentit</span> <span class='ocrx_word' id='word_1_157' title='bbox 292 1599 424 1630; x_wconf 89' lang='lat' dir='ltr'>quoque</span> <span class='ocrx_word' id='word_1_158' title='bbox 461 1590 599 1619; x_wconf 90' lang='lat' dir='ltr'>Brutus.</span> <span class='ocrx_word' id='word_1_159' title='bbox 660 1589 782 1619; x_wconf 79' lang='lat' dir='ltr'>Posses</span> 
     </span>
     <span class='ocr_line' id='line_1_28' title="bbox 83 1638 784 1680; baseline -0.004 -9"><span class='ocrx_word' id='word_1_160' title='bbox 83 1639 271 1680; x_wconf 87' lang='lat' dir='ltr'>conjicere,</span> <span class='ocrx_word' id='word_1_161' title='bbox 305 1640 405 1671; x_wconf 87' lang='lat' dir='ltr'>‘Qua</span> <span class='ocrx_word' id='word_1_162' title='bbox 435 1649 511 1670; x_wconf 83' lang='lat' dir='ltr'>cuin</span> <span class='ocrx_word' id='word_1_163' title='bbox 535 1638 679 1669; x_wconf 77' lang='lat' dir='ltr'>maxime</span> <span class='ocrx_word' id='word_1_164' title='bbox 710 1643 784 1669; x_wconf 88' lang='lat' dir='ltr'>erat</span> 
     </span>
     <span class='ocr_line' id='line_1_29' title="bbox 83 1688 783 1730; baseline -0.004 -9"><span class='ocrx_word' id='word_1_165' title='bbox 83 1688 362 1721; x_wconf 72' lang='lat' dir='ltr'>concomitatusz&#39;</span> <span class='ocrx_word' id='word_1_166' title='bbox 387 1689 476 1730; x_wconf 86' lang='lat' dir='ltr'>quod</span> <span class='ocrx_word' id='word_1_167' title='bbox 501 1688 726 1728; x_wconf 88' lang='lat' dir='ltr'>compositum</span> <span class='ocrx_word' id='word_1_168' title='bbox 750 1688 783 1718; x_wconf 92' lang='lat' dir='ltr'>in</span> 
     </span>
     <span class='ocr_line' id='line_1_30' title="bbox 83 1738 783 1779; baseline -0.003 -10"><span class='ocrx_word' id='word_1_169' title='bbox 83 1738 264 1779; x_wconf 87' lang='lat' dir='ltr'>participio</span> <span class='ocrx_word' id='word_1_170' title='bbox 288 1738 442 1769; x_wconf 88' lang='lat' dir='ltr'>adhibuit</span> <span class='ocrx_word' id='word_1_171' title='bbox 472 1747 605 1779; x_wconf 91' lang='lat' dir='ltr'>quoque</span> <span class='ocrx_word' id='word_1_172' title='bbox 631 1738 783 1768; x_wconf 86' lang='lat' dir='ltr'>Plautus.</span> 
     </span>
     <span class='ocr_line' id='line_1_31' title="bbox 85 1788 784 1829; baseline -0.001 -10"><span class='ocrx_word' id='word_1_173' title='bbox 85 1789 188 1824; x_wconf 83' lang='lat' dir='ltr'>Quum</span> <span class='ocrx_word' id='word_1_174' title='bbox 205 1788 339 1819; x_wconf 69' lang='lat' dir='ltr'>maxime</span> <span class='ocrx_word' id='word_1_175' title='bbox 354 1789 484 1829; x_wconf 89' lang='lat' dir='ltr'>optime</span> <span class='ocrx_word' id='word_1_176' title='bbox 507 1789 584 1819; x_wconf 91' lang='lat' dir='ltr'>huic</span> <span class='ocrx_word' id='word_1_177' title='bbox 611 1788 687 1818; x_wconf 90' lang='lat' dir='ltr'>loco</span> <span class='ocrx_word' id='word_1_178' title='bbox 708 1797 784 1819; x_wconf 90' lang='lat' dir='ltr'>con-</span> 
     </span>
     <span class='ocr_line' id='line_1_32' title="bbox 82 1839 781 1877; baseline 0 -8"><span class='ocrx_word' id='word_1_179' title='bbox 82 1839 188 1877; x_wconf 77' lang='lat' dir='ltr'>venit.</span> <span class='ocrx_word' id='word_1_180' title='bbox 233 1839 321 1869; x_wconf 91' lang='lat' dir='ltr'>Vide</span> <span class='ocrx_word' id='word_1_181' title='bbox 336 1839 377 1869; x_wconf 90' lang='lat' dir='ltr'>ad</span> <span class='ocrx_word' id='word_1_182' title='bbox 389 1839 541 1870; x_wconf 89' lang='lat' dir='ltr'>Frontin.</span> <span class='ocrx_word' id='word_1_183' title='bbox 558 1847 598 1869; x_wconf 86' lang='lat'>11.</span> <span class='ocrx_word' id='word_1_184' title='bbox 615 1841 647 1869; x_wconf 87' lang='grc'>9.</span> <span class='ocrx_word' id='word_1_185' title='bbox 664 1841 694 1869; x_wconf 90' lang='grc'>6.</span> <span class='ocrx_word' id='word_1_186' title='bbox 732 1847 781 1869; x_wconf 81' lang='lat' dir='ltr'>1v.</span> 
     </span>
     <span class='ocr_line' id='line_1_33' title="bbox 82 1887 784 1921; baseline -0.003 -1"><span class='ocrx_word' id='word_1_187' title='bbox 82 1892 113 1921; x_wconf 86' lang='lat'>5.</span> <span class='ocrx_word' id='word_1_188' title='bbox 131 1892 163 1921; x_wconf 81' lang='grc'>2.</span> <span class='ocrx_word' id='word_1_189' title='bbox 208 1889 358 1920; x_wconf 80' lang='lat' dir='ltr'>Rlienan.</span> <span class='ocrx_word' id='word_1_190' title='bbox 381 1892 417 1919; x_wconf 89' lang='lat' dir='ltr'>et</span> <span class='ocrx_word' id='word_1_191' title='bbox 443 1887 577 1920; x_wconf 87' lang='lat' dir='ltr'>Acidal.</span> <span class='ocrx_word' id='word_1_192' title='bbox 606 1887 648 1918; x_wconf 89' lang='lat' dir='ltr'>ad</span> <span class='ocrx_word' id='word_1_193' title='bbox 673 1888 784 1919; x_wconf 87' lang='lat' dir='ltr'>Tacit.</span> 
     </span>
     <span class='ocr_line' id='line_1_34' title="bbox 84 1939 783 1980; baseline -0.003 -9"><span class='ocrx_word' id='word_1_194' title='bbox 84 1939 175 1971; x_wconf 84' lang='lat' dir='ltr'>Hist.</span> <span class='ocrx_word' id='word_1_195' title='bbox 193 1948 217 1970; x_wconf 89' lang='lat'>1.</span> <span class='ocrx_word' id='word_1_196' title='bbox 232 1941 284 1970; x_wconf 88' lang='grc'>29.</span> <span class='ocrx_word' id='word_1_197' title='bbox 300 1942 352 1970; x_wconf 72' lang='grc'>84.</span> <span class='ocrx_word' id='word_1_198' title='bbox 392 1939 557 1980; x_wconf 85' lang='lat' dir='ltr'>Suspicor</span> <span class='ocrx_word' id='word_1_199' title='bbox 570 1944 685 1970; x_wconf 83' lang='lat' dir='ltr'>tamen</span> <span class='ocrx_word' id='word_1_200' title='bbox 704 1939 783 1969; x_wconf 82' lang='lat' dir='ltr'>Con-</span> 
     </span>
     <span class='ocr_line' id='line_1_35' title="bbox 82 1991 784 2032; baseline -0.006 -9"><span class='ocrx_word' id='word_1_201' title='bbox 82 1991 200 2023; x_wconf 79' lang='lat' dir='ltr'>cionari</span> <span class='ocrx_word' id='word_1_202' title='bbox 227 2002 356 2032; x_wconf 82' lang='lat' dir='ltr'>quacum</span> <span class='ocrx_word' id='word_1_203' title='bbox 381 1991 511 2023; x_wconf 89' lang='lat' dir='ltr'>dictum</span> <span class='ocrx_word' id='word_1_204' title='bbox 534 2000 604 2022; x_wconf 83' lang='lat' dir='ltr'>esse</span> <span class='ocrx_word' id='word_1_205' title='bbox 627 1995 665 2021; x_wconf 91' lang='lat' dir='ltr'>ut</span> <span class='ocrx_word' id='word_1_206' title='bbox 694 1999 784 2020; x_wconf 82' lang='lat' dir='ltr'>orare</span> 
     </span>
     <span class='ocr_line' id='line_1_36' title="bbox 84 2039 782 2082; baseline -0.004 -9"><span class='ocrx_word' id='word_1_207' title='bbox 84 2052 154 2073; x_wconf 85' lang='lat' dir='ltr'>cum</span> <span class='ocrx_word' id='word_1_208' title='bbox 168 2041 282 2082; x_wconf 79' lang='lat' dir='ltr'>aliquo,</span> <span class='ocrx_word' id='word_1_209' title='bbox 305 2041 349 2072; x_wconf 89' lang='lat' dir='ltr'>de</span> <span class='ocrx_word' id='word_1_210' title='bbox 373 2051 439 2082; x_wconf 91' lang='lat' dir='ltr'>quo</span> <span class='ocrx_word' id='word_1_211' title='bbox 464 2041 541 2072; x_wconf 91' lang='lat' dir='ltr'>vide</span> <span class='ocrx_word' id='word_1_212' title='bbox 569 2041 612 2072; x_wconf 90' lang='lat' dir='ltr'>ad</span> <span class='ocrx_word' id='word_1_213' title='bbox 639 2041 680 2071; x_wconf 91' lang='lat' dir='ltr'>B.</span> <span class='ocrx_word' id='word_1_214' title='bbox 709 2039 782 2071; x_wconf 90' lang='lat' dir='ltr'>Civ.</span> 
     </span>
     <span class='ocr_line' id='line_1_37' title="bbox 84 2088 785 2124; baseline -0.007 0"><span class='ocrx_word' id='word_1_215' title='bbox 84 2101 110 2124; x_wconf 85' lang='lat'>1.</span> <span class='ocrx_word' id='word_1_216' title='bbox 126 2095 179 2123; x_wconf 84' lang='lat'>22.</span> <span class='ocrx_word' id='word_1_217' title='bbox 203 2093 309 2124; x_wconf 91' lang='lat' dir='ltr'>‘Cum</span> <span class='ocrx_word' id='word_1_218' title='bbox 336 2100 376 2122; x_wconf 89' lang='lat' dir='ltr'>co</span> <span class='ocrx_word' id='word_1_219' title='bbox 400 2091 442 2122; x_wconf 90' lang='lat' dir='ltr'>de</span> <span class='ocrx_word' id='word_1_220' title='bbox 471 2091 581 2122; x_wconf 85' lang='lat' dir='ltr'>salute</span> <span class='ocrx_word' id='word_1_221' title='bbox 595 2100 655 2121; x_wconf 90' lang='lat' dir='ltr'>sua</span> <span class='ocrx_word' id='word_1_222' title='bbox 681 2088 785 2120; x_wconf 74' lang='lat' dir='ltr'>oratz&#39;</span> 
     </span>
     <span class='ocr_line' id='line_1_38' title="bbox 85 2140 784 2182; baseline -0.007 -9"><span class='ocrx_word' id='word_1_223' title='bbox 85 2146 122 2173; x_wconf 88' lang='lat' dir='ltr'>et</span> <span class='ocrx_word' id='word_1_224' title='bbox 152 2146 191 2173; x_wconf 89' lang='lat' dir='ltr'>ut</span> <span class='ocrx_word' id='word_1_225' title='bbox 216 2141 354 2182; x_wconf 88' lang='lat' dir='ltr'>Apulei.</span> <span class='ocrx_word' id='word_1_226' title='bbox 378 2140 426 2171; x_wconf 92' lang='lat' dir='ltr'>ait</span> <span class='ocrx_word' id='word_1_227' title='bbox 450 2140 536 2172; x_wconf 84' lang='lat' dir='ltr'>Met.</span> <span class='ocrx_word' id='word_1_228' title='bbox 553 2141 575 2171; x_wconf 89' lang='lat' dir='ltr'>l.</span> <span class='ocrx_word' id='word_1_229' title='bbox 593 2149 649 2170; x_wconf 90' lang='lat'>111.</span> <span class='ocrx_word' id='word_1_230' title='bbox 674 2149 707 2179; x_wconf 93' lang='lat' dir='ltr'>p.</span> <span class='ocrx_word' id='word_1_231' title='bbox 730 2141 784 2169; x_wconf 88' lang='grc'>57.</span> 
     </span>
     <span class='ocr_line' id='line_1_39' title="bbox 83 2190 787 2223; baseline -0.004 0"><span class='ocrx_word' id='word_1_232' title='bbox 83 2192 94 2210; x_wconf 81' lang='lat'>‘</span> <span class='ocrx_word' id='word_1_233' title='bbox 109 2192 260 2223; x_wconf 88' lang='lat' dir='ltr'>Multum</span> <span class='ocrx_word' id='word_1_234' title='bbox 282 2201 359 2223; x_wconf 83' lang='lat' dir='ltr'>cuin</span> <span class='ocrx_word' id='word_1_235' title='bbox 379 2191 520 2222; x_wconf 90' lang='lat' dir='ltr'>lucerna</span> <span class='ocrx_word' id='word_1_236' title='bbox 534 2195 668 2222; x_wconf 87' lang='lat' dir='ltr'>secreto</span> <span class='ocrx_word' id='word_1_237' title='bbox 685 2190 787 2221; x_wconf 84' lang='lat' dir='ltr'>collo·</span> 
     </span>
     <span class='ocr_line' id='line_1_40' title="bbox 87 2240 785 2280; baseline -0.004 -7"><span class='ocrx_word' id='word_1_238' title='bbox 87 2240 186 2273; x_wconf 66' lang='lat' dir='ltr'>cuta?</span> <span class='ocrx_word' id='word_1_239' title='bbox 231 2242 339 2272; x_wconf 88' lang='lat' dir='ltr'>Immo</span> <span class='ocrx_word' id='word_1_240' title='bbox 354 2241 492 2272; x_wconf 88' lang='lat' dir='ltr'>Sallust.</span> <span class='ocrx_word' id='word_1_241' title='bbox 508 2241 550 2271; x_wconf 89' lang='lat' dir='ltr'>B.</span> <span class='ocrx_word' id='word_1_242' title='bbox 572 2241 654 2280; x_wconf 85' lang='lat' dir='ltr'>Jug.</span> <span class='ocrx_word' id='word_1_243' title='bbox 680 2249 708 2271; x_wconf 92' lang='lat' dir='ltr'>c.</span> <span class='ocrx_word' id='word_1_244' title='bbox 733 2242 785 2270; x_wconf 91' lang='grc'>10.</span> 
     </span>
     <span class='ocr_line' id='line_1_41' title="bbox 87 2290 788 2331; baseline -0.003 -8"><span class='ocrx_word' id='word_1_245' title='bbox 87 2293 96 2310; x_wconf 92' lang='lat'>‘</span> <span class='ocrx_word' id='word_1_246' title='bbox 114 2291 240 2323; x_wconf 90' lang='lat' dir='ltr'>dicitur</span> <span class='ocrx_word' id='word_1_247' title='bbox 261 2290 497 2331; x_wconf 84' lang='lat' dir='ltr'>hujuscemodi</span> <span class='ocrx_word' id='word_1_248' title='bbox 515 2290 620 2322; x_wconf 90' lang='lat' dir='ltr'>verba</span> <span class='ocrx_word' id='word_1_249' title='bbox 637 2300 713 2322; x_wconf 90' lang='lat' dir='ltr'>cum</span> <span class='ocrx_word' id='word_1_250' title='bbox 728 2290 788 2322; x_wconf 83' lang='lat' dir='ltr'>Ju-</span> 
     </span>
     <span class='ocr_line' id='line_1_42' title="bbox 86 2340 786 2384; baseline -0.003 -11"><span class='ocrx_word' id='word_1_251' title='bbox 86 2342 209 2384; x_wconf 85' lang='lat' dir='ltr'>gurtha</span> <span class='ocrx_word' id='word_1_252' title='bbox 222 2341 391 2373; x_wconf 89' lang='lat' dir='ltr'>habuisse&#39;</span> <span class='ocrx_word' id='word_1_253' title='bbox 413 2341 434 2373; x_wconf 87' lang='lat' dir='ltr'>i.</span> <span class='ocrx_word' id='word_1_254' title='bbox 458 2351 488 2373; x_wconf 89' lang='lat' dir='ltr'>e.</span> <span class='ocrx_word' id='word_1_255' title='bbox 512 2341 555 2371; x_wconf 90' lang='lat' dir='ltr'>ad</span> <span class='ocrx_word' id='word_1_256' title='bbox 571 2340 786 2380; x_wconf 78' lang='lat' dir='ltr'>Jugurtham.</span> 
     </span>
     <span class='ocr_line' id='line_1_43' title="bbox 85 2390 788 2424; baseline -0.006 0"><span class='ocrx_word' id='word_1_257' title='bbox 85 2392 228 2424; x_wconf 87' lang='lat' dir='ltr'>Terent.</span> <span class='ocrx_word' id='word_1_258' title='bbox 252 2392 338 2424; x_wconf 88' lang='lat' dir='ltr'>Hec.</span> <span class='ocrx_word' id='word_1_259' title='bbox 366 2399 422 2422; x_wconf 88' lang='lat'>111.</span> <span class='ocrx_word' id='word_1_260' title='bbox 450 2394 481 2422; x_wconf 82' lang='lat'>3.</span> <span class='ocrx_word' id='word_1_261' title='bbox 497 2394 529 2422; x_wconf 82' lang='lat'>2.</span> <span class='ocrx_word' id='word_1_262' title='bbox 552 2390 700 2422; x_wconf 85' lang='lat' dir='ltr'>‘habere</span> <span class='ocrx_word' id='word_1_263' title='bbox 716 2399 788 2421; x_wconf 88' lang='lat' dir='ltr'>ora·</span> 
     </span>
     <span class='ocr_line' id='line_1_44' title="bbox 88 2440 787 2482; baseline -0.004 -7"><span class='ocrx_word' id='word_1_264' title='bbox 88 2442 215 2475; x_wconf 83' lang='lat' dir='ltr'>tionem</span> <span class='ocrx_word' id='word_1_265' title='bbox 240 2441 407 2474; x_wconf 87' lang='lat' dir='ltr'>mecum:’</span> <span class='ocrx_word' id='word_1_266' title='bbox 445 2451 520 2482; x_wconf 87' lang='lat' dir='ltr'>pro,</span> <span class='ocrx_word' id='word_1_267' title='bbox 549 2442 588 2472; x_wconf 85' lang='lat' dir='ltr'>ad</span> <span class='ocrx_word' id='word_1_268' title='bbox 614 2451 672 2472; x_wconf 87' lang='lat' dir='ltr'>me.</span> <span class='ocrx_word' id='word_1_269' title='bbox 730 2440 787 2472; x_wconf 90' lang='lat' dir='ltr'>Sic</span> 
     </span>
     <span class='ocr_line' id='line_1_45' title="bbox 88 2490 787 2535; baseline -0.009 -8"><span class='ocrx_word' id='word_1_270' title='bbox 88 2493 210 2535; x_wconf 81' lang='lat' dir='ltr'>passim</span> <span class='ocrx_word' id='word_1_271' title='bbox 238 2493 364 2534; x_wconf 86' lang='lat' dir='ltr'>‘agere</span> <span class='ocrx_word' id='word_1_272' title='bbox 394 2502 471 2524; x_wconf 87' lang='lat' dir='ltr'>cum</span> <span class='ocrx_word' id='word_1_273' title='bbox 501 2491 649 2533; x_wconf 87' lang='lat' dir='ltr'>populo‚&#39;</span> <span class='ocrx_word' id='word_1_274' title='bbox 676 2490 711 2522; x_wconf 92' lang='lat' dir='ltr'>id</span> <span class='ocrx_word' id='word_1_275' title='bbox 734 2495 787 2522; x_wconf 86' lang='lat' dir='ltr'>est</span> 
     </span>
     <span class='ocr_line' id='line_1_46' title="bbox 88 2542 788 2584; baseline -0.003 -8"><span class='ocrx_word' id='word_1_276' title='bbox 88 2544 286 2577; x_wconf 72' lang='lat' dir='ltr'>concionem</span> <span class='ocrx_word' id='word_1_277' title='bbox 300 2544 427 2575; x_wconf 89' lang='lat' dir='ltr'>habere</span> <span class='ocrx_word' id='word_1_278' title='bbox 454 2543 496 2574; x_wconf 90' lang='lat' dir='ltr'>ad</span> <span class='ocrx_word' id='word_1_279' title='bbox 524 2543 697 2584; x_wconf 86' lang='lat' dir='ltr'>populum.</span> <span class='ocrx_word' id='word_1_280' title='bbox 741 2542 788 2574; x_wconf 91' lang='lat'>0-</span> 
     </span>
     <span class='ocr_line' id='line_1_47' title="bbox 88 2593 787 2627; baseline -0.001 -2"><span class='ocrx_word' id='word_1_281' title='bbox 88 2593 156 2626; x_wconf 86' lang='lat' dir='ltr'>vid.</span> <span class='ocrx_word' id='word_1_282' title='bbox 171 2594 257 2626; x_wconf 88' lang='lat' dir='ltr'>Met.</span> <span class='ocrx_word' id='word_1_283' title='bbox 273 2603 322 2627; x_wconf 88' lang='lat' dir='ltr'>v1.</span> <span class='ocrx_word' id='word_1_284' title='bbox 337 2597 412 2626; x_wconf 81' lang='lat'>205.</span> <span class='ocrx_word' id='word_1_285' title='bbox 434 2594 443 2610; x_wconf 93' lang='lat'>‘</span> <span class='ocrx_word' id='word_1_286' title='bbox 456 2594 591 2625; x_wconf 78' lang='lat' dir='ltr'>Talibus</span> <span class='ocrx_word' id='word_1_287' title='bbox 607 2598 661 2626; x_wconf 89' lang='lat' dir='ltr'>est</span> <span class='ocrx_word' id='word_1_288' title='bbox 685 2593 787 2625; x_wconf 88' lang='lat' dir='ltr'>dictis</span> 
     </span>
     <span class='ocr_line' id='line_1_48' title="bbox 88 2643 787 2686; baseline 0 -11"><span class='ocrx_word' id='word_1_289' title='bbox 88 2643 416 2686; x_wconf 81' lang='lat' dir='ltr'>geminacumprole</span> <span class='ocrx_word' id='word_1_290' title='bbox 442 2643 584 2676; x_wconf 76' lang='lat' dir='ltr'>locutaz’</span> <span class='ocrx_word' id='word_1_291' title='bbox 608 2645 630 2676; x_wconf 90' lang='lat' dir='ltr'>i.</span> <span class='ocrx_word' id='word_1_292' title='bbox 656 2654 685 2676; x_wconf 92' lang='lat' dir='ltr'>e.</span> <span class='ocrx_word' id='word_1_293' title='bbox 712 2654 787 2676; x_wconf 89' lang='lat' dir='ltr'>eam</span> 
     </span>
     <span class='ocr_line' id='line_1_49' title="bbox 91 2695 787 2736; baseline 0.004 -12"><span class='ocrx_word' id='word_1_294' title='bbox 91 2697 233 2734; x_wconf 82' lang='lat' dir='ltr'>precata</span> <span class='ocrx_word' id='word_1_295' title='bbox 255 2699 330 2734; x_wconf 85' lang='lat' dir='ltr'>est;</span> <span class='ocrx_word' id='word_1_296' title='bbox 352 2699 389 2727; x_wconf 88' lang='lat' dir='ltr'>ut</span> <span class='ocrx_word' id='word_1_297' title='bbox 405 2695 539 2727; x_wconf 85' lang='lat' dir='ltr'>Seneca</span> <span class='ocrx_word' id='word_1_298' title='bbox 555 2696 621 2736; x_wconf 88' lang='lat' dir='ltr'>Ep.</span> <span class='ocrx_word' id='word_1_299' title='bbox 646 2704 682 2727; x_wconf 80' lang='lat' dir='ltr'>x.</span> <span class='ocrx_word' id='word_1_300' title='bbox 707 2696 716 2713; x_wconf 90' lang='lat'>‘</span> <span class='ocrx_word' id='word_1_301' title='bbox 731 2695 787 2727; x_wconf 87' lang='lat' dir='ltr'>Sic</span> 
     </span>
     <span class='ocr_line' id='line_1_50' title="bbox 90 2743 789 2789; baseline 0.004 -15"><span class='ocrx_word' id='word_1_302' title='bbox 90 2743 209 2784; x_wconf 70' lang='lat' dir='ltr'>loquere</span> <span class='ocrx_word' id='word_1_303' title='bbox 235 2754 304 2776; x_wconf 81' lang='lat' dir='ltr'>cum</span> <span class='ocrx_word' id='word_1_304' title='bbox 333 2745 413 2788; x_wconf 79' lang='lat' dir='ltr'>Deo,</span> <span class='ocrx_word' id='word_1_305' title='bbox 442 2750 613 2789; x_wconf 81' lang='lat' dir='ltr'>tamquam</span> <span class='ocrx_word' id='word_1_306' title='bbox 635 2746 789 2779; x_wconf 88' lang='lat' dir='ltr'>homines</span> 
     </span>
     <span class='ocr_line' id='line_1_51' title="bbox 88 2792 252 2827; baseline 0 0"><span class='ocrx_word' id='word_1_307' title='bbox 88 2792 252 2827; x_wconf 72' lang='lat' dir='ltr'>audiant:</span> 
     </span>
    </p>
   </div>
   <div class='ocr_carea' id='block_1_3' title="bbox 1420 232 1530 274">
    <p class='ocr_par' dir='ltr' id='par_1_3' title="bbox 1420 232 1530 274">
     <span class='ocr_line' id='line_1_52' title="bbox 1420 232 1530 274; baseline 0.027 -3"><span class='ocrx_word' id='word_1_308' title='bbox 1420 232 1530 274; x_wconf 69' lang='lat'>1297</span> 
     </span>
    </p>
   </div>
   <div class='ocr_carea' id='block_1_4' title="bbox 829 334 1541 2836">
    <p class='ocr_par' dir='ltr' id='par_1_4' title="bbox 831 334 1535 1069">
     <span class='ocr_line' id='line_1_53' title="bbox 875 334 1532 377; baseline 0.006 -13"><span class='ocrx_word' id='word_1_309' title='bbox 875 336 893 364; x_wconf 79' lang='lat'>3</span> <span class='ocrx_word' id='word_1_310' title='bbox 918 334 961 364; x_wconf 74' lang='lat' dir='ltr'>Ae</span> <span class='ocrx_word' id='word_1_311' title='bbox 993 334 1080 375; x_wconf 82' lang='lat' dir='ltr'>Rel.]</span> <span class='ocrx_word' id='word_1_312' title='bbox 1112 334 1287 367; x_wconf 79' lang='lat' dir='ltr'>Attentius</span> <span class='ocrx_word' id='word_1_313' title='bbox 1304 335 1532 377; x_wconf 84' lang='lat' dir='ltr'>perpendenti</span> 
     </span>
     <span class='ocr_line' id='line_1_54' title="bbox 833 384 1531 426; baseline 0.009 -14"><span class='ocrx_word' id='word_1_314' title='bbox 833 384 1012 423; x_wconf 82' lang='lat' dir='ltr'>apparebit</span> <span class='ocrx_word' id='word_1_315' title='bbox 1024 385 1110 415; x_wconf 87' lang='lat' dir='ltr'>istud</span> <span class='ocrx_word' id='word_1_316' title='bbox 1126 389 1158 416; x_wconf 80' lang='grc' dir='ltr'>αι</span> <span class='ocrx_word' id='word_1_317' title='bbox 1176 386 1282 416; x_wconf 69' lang='lat' dir='ltr'>minus</span> <span class='ocrx_word' id='word_1_318' title='bbox 1297 391 1378 426; x_wconf 84' lang='lat' dir='ltr'>apto</span> <span class='ocrx_word' id='word_1_319' title='bbox 1390 386 1443 418; x_wconf 87' lang='lat' dir='ltr'>hic</span> <span class='ocrx_word' id='word_1_320' title='bbox 1456 387 1531 418; x_wconf 88' lang='lat' dir='ltr'>loco</span> 
     </span>
     <span class='ocr_line' id='line_1_55' title="bbox 832 435 1532 475; baseline 0.01 -13"><span class='ocrx_word' id='word_1_321' title='bbox 832 442 905 463; x_wconf 81' lang='lat' dir='ltr'>esse</span> <span class='ocrx_word' id='word_1_322' title='bbox 934 435 1080 472; x_wconf 88' lang='lat' dir='ltr'>positum</span> <span class='ocrx_word' id='word_1_323' title='bbox 1102 436 1218 475; x_wconf 76' lang='lat' dir='ltr'>‘signa</span> <span class='ocrx_word' id='word_1_324' title='bbox 1245 437 1438 468; x_wconf 81' lang='lat' dir='ltr'>constitere.</span> <span class='ocrx_word' id='word_1_325' title='bbox 1482 437 1532 469; x_wconf 89' lang='lat' dir='ltr'>At</span> 
     </span>
     <span class='ocr_line' id='line_1_56' title="bbox 833 483 1532 529; baseline 0.014 -18"><span class='ocrx_word' id='word_1_326' title='bbox 833 483 1132 515; x_wconf 85' lang='lat' dir='ltr'>——retinebantur.&#39;</span> <span class='ocrx_word' id='word_1_327' title='bbox 1183 486 1296 517; x_wconf 80' lang='lat' dir='ltr'>Quare</span> <span class='ocrx_word' id='word_1_328' title='bbox 1310 497 1350 517; x_wconf 83' lang='lat' dir='ltr'>ex</span> <span class='ocrx_word' id='word_1_329' title='bbox 1365 488 1430 519; x_wconf 83' lang='lat' dir='ltr'>Ms.</span> <span class='ocrx_word' id='word_1_330' title='bbox 1445 488 1532 529; x_wconf 83' lang='lat' dir='ltr'>Reg.</span> 
     </span>
     <span class='ocr_line' id='line_1_57' title="bbox 833 532 1532 579; baseline 0.01 -17"><span class='ocrx_word' id='word_1_331' title='bbox 833 532 1048 563; x_wconf 86' lang='lat' dir='ltr'>scribendum</span> <span class='ocrx_word' id='word_1_332' title='bbox 1066 534 1302 572; x_wconf 71' lang='lat' dir='ltr'>existimo‚Ac.</span> <span class='ocrx_word' id='word_1_333' title='bbox 1318 538 1532 579; x_wconf 78' lang='lat' dir='ltr'>Quamquam</span> 
     </span>
     <span class='ocr_line' id='line_1_58' title="bbox 832 583 1530 623; baseline 0.007 -9"><span class='ocrx_word' id='word_1_334' title='bbox 832 587 868 614; x_wconf 86' lang='lat' dir='ltr'>ct</span> <span class='ocrx_word' id='word_1_335' title='bbox 890 583 975 613; x_wconf 90' lang='lat' dir='ltr'>illud</span> <span class='ocrx_word' id='word_1_336' title='bbox 993 587 1038 623; x_wconf 78' lang='lat' dir='ltr'>at,</span> <span class='ocrx_word' id='word_1_337' title='bbox 1054 585 1081 614; x_wconf 78' lang='lat' dir='ltr'>si</span> <span class='ocrx_word' id='word_1_338' title='bbox 1098 584 1268 616; x_wconf 81' lang='lat' dir='ltr'>referatur</span> <span class='ocrx_word' id='word_1_339' title='bbox 1296 588 1337 617; x_wconf 88' lang='lat' dir='ltr'>ad</span> <span class='ocrx_word' id='word_1_340' title='bbox 1366 589 1374 604; x_wconf 79' lang='lat'><em>¹</em></span> <span class='ocrx_word' id='word_1_341' title='bbox 1387 597 1451 619; x_wconf 91' lang='lat' dir='ltr'>non</span> <span class='ocrx_word' id='word_1_342' title='bbox 1471 598 1530 619; x_wconf 87' lang='lat' dir='ltr'>cx·</span> 
     </span>
     <span class='ocr_line' id='line_1_59' title="bbox 832 633 1533 678; baseline 0.009 -15"><span class='ocrx_word' id='word_1_343' title='bbox 832 633 947 664; x_wconf 89' lang='lat' dir='ltr'>audito</span> <span class='ocrx_word' id='word_1_344' title='bbox 965 634 1056 664; x_wconf 80' lang='lat' dir='ltr'>tubae</span> <span class='ocrx_word' id='word_1_345' title='bbox 1074 635 1163 665; x_wconf 83' lang='lat' dir='ltr'>sono&#39;</span> <span class='ocrx_word' id='word_1_346' title='bbox 1188 634 1270 666; x_wconf 84' lang='lat' dir='ltr'>ferri</span> <span class='ocrx_word' id='word_1_347' title='bbox 1291 646 1424 677; x_wconf 88' lang='lat' dir='ltr'>quoque</span> <span class='ocrx_word' id='word_1_348' title='bbox 1438 647 1533 678; x_wconf 66' lang='lat' dir='ltr'>posse</span> 
     </span>
     <span class='ocr_line' id='line_1_60' title="bbox 832 683 1532 728; baseline 0.007 -14"><span class='ocrx_word' id='word_1_349' title='bbox 832 683 978 715; x_wconf 85' lang='lat' dir='ltr'>videtur.</span> <span class='ocrx_word' id='word_1_350' title='bbox 1002 685 1110 715; x_wconf 81' lang='lat' dir='ltr'>Clark.</span> <span class='ocrx_word' id='word_1_351' title='bbox 1155 687 1202 717; x_wconf 76' lang='lat' dir='ltr'>Ac</span> <span class='ocrx_word' id='word_1_352' title='bbox 1213 686 1413 719; x_wconf 84' lang='lat' dir='ltr'>confirmant</span> <span class='ocrx_word' id='word_1_353' title='bbox 1424 689 1532 728; x_wconf 85' lang='lat' dir='ltr'>Bong.</span> 
     </span>
     <span class='ocr_line' id='line_1_61' title="bbox 832 735 1533 779; baseline 0.007 -15"><span class='ocrx_word' id='word_1_354' title='bbox 832 744 883 774; x_wconf 87' lang='lat' dir='ltr'>pr.</span> <span class='ocrx_word' id='word_1_355' title='bbox 900 735 997 766; x_wconf 76' lang='lat' dir='ltr'>Voss.</span> <span class='ocrx_word' id='word_1_356' title='bbox 1016 745 1066 775; x_wconf 90' lang='lat' dir='ltr'>pr.</span> <span class='ocrx_word' id='word_1_357' title='bbox 1088 736 1209 767; x_wconf 89' lang='lat' dir='ltr'>Petav.</span> <span class='ocrx_word' id='word_1_358' title='bbox 1229 738 1323 777; x_wconf 86' lang='lat' dir='ltr'>Egm.</span> <span class='ocrx_word' id='word_1_359' title='bbox 1341 743 1376 768; x_wconf 93' lang='lat' dir='ltr'>et</span> <span class='ocrx_word' id='word_1_360' title='bbox 1389 744 1533 779; x_wconf 83' lang='lat' dir='ltr'>quatuor</span> 
     </span>
     <span class='ocr_line' id='line_1_62' title="bbox 832 785 1535 819; baseline 0.004 -4"><span class='ocrx_word' id='word_1_361' title='bbox 832 785 888 816; x_wconf 87' lang='lat' dir='ltr'>alii</span> <span class='ocrx_word' id='word_1_362' title='bbox 905 796 980 817; x_wconf 87' lang='lat' dir='ltr'>cum</span> <span class='ocrx_word' id='word_1_363' title='bbox 997 786 1059 817; x_wconf 89' lang='lat' dir='ltr'>Ed.</span> <span class='ocrx_word' id='word_1_364' title='bbox 1087 786 1239 818; x_wconf 88' lang='lat' dir='ltr'>Incerta.</span> <span class='ocrx_word' id='word_1_365' title='bbox 1284 787 1403 818; x_wconf 86' lang='lat' dir='ltr'>Malim</span> <span class='ocrx_word' id='word_1_366' title='bbox 1421 793 1535 819; x_wconf 87' lang='lat' dir='ltr'>tamen</span> 
     </span>
     <span class='ocr_line' id='line_1_63' title="bbox 831 835 1534 878; baseline 0.004 -13"><span class='ocrx_word' id='word_1_367' title='bbox 831 838 876 866; x_wconf 79' lang='lat' dir='ltr'>at.</span> <span class='ocrx_word' id='word_1_368' title='bbox 914 835 1115 876; x_wconf 70' lang='lat' dir='ltr'>Reliquorum</span> <span class='ocrx_word' id='word_1_369' title='bbox 1138 837 1292 876; x_wconf 75' lang='lat' dir='ltr'>legionum</span> <span class='ocrx_word' id='word_1_370' title='bbox 1315 838 1399 878; x_wconf 91' lang='lat' dir='ltr'>(quo</span> <span class='ocrx_word' id='word_1_371' title='bbox 1417 838 1534 869; x_wconf 88' lang='lat' dir='ltr'>ordine</span> 
     </span>
     <span class='ocr_line' id='line_1_64' title="bbox 832 886 1533 928; baseline 0.004 -12"><span class='ocrx_word' id='word_1_372' title='bbox 832 886 914 917; x_wconf 87' lang='lat' dir='ltr'>Mss.</span> <span class='ocrx_word' id='word_1_373' title='bbox 947 886 1101 927; x_wconf 89' lang='lat' dir='ltr'>plerique</span> <span class='ocrx_word' id='word_1_374' title='bbox 1129 887 1203 918; x_wconf 86' lang='lat' dir='ltr'>haec</span> <span class='ocrx_word' id='word_1_375' title='bbox 1231 887 1376 928; x_wconf 89' lang='lat' dir='ltr'>ponunt)</span> <span class='ocrx_word' id='word_1_376' title='bbox 1406 887 1533 920; x_wconf 85' lang='lat' dir='ltr'>milites</span> 
     </span>
     <span class='ocr_line' id='line_1_65' title="bbox 832 937 1535 979; baseline 0.006 -13"><span class='ocrx_word' id='word_1_377' title='bbox 832 937 1011 977; x_wconf 81' lang='lat' dir='ltr'>distinguit</span> <span class='ocrx_word' id='word_1_378' title='bbox 1038 947 1057 968; x_wconf 89' lang='lat' dir='ltr'>a</span> <span class='ocrx_word' id='word_1_379' title='bbox 1086 937 1217 969; x_wconf 80' lang='lat' dir='ltr'>decima</span> <span class='ocrx_word' id='word_1_380' title='bbox 1247 939 1391 979; x_wconf 78' lang='lat' dir='ltr'>legione.</span> <span class='ocrx_word' id='word_1_381' title='bbox 1419 939 1479 970; x_wconf 90' lang='lat' dir='ltr'>Gr.</span> <span class='ocrx_word' id='word_1_382' title='bbox 1507 939 1535 970; x_wconf 79' lang='grc' dir='ltr'>οἱ</span> 
     </span>
     <span class='ocr_line' id='line_1_66' title="bbox 832 986 1535 1029; baseline 0.003 -11"><span class='ocrx_word' id='word_1_383' title='bbox 832 986 864 1018; x_wconf 83' lang='grc' dir='ltr'>δὲ</span> <span class='ocrx_word' id='word_1_384' title='bbox 891 987 928 1024; x_wconf 79' lang='grc' dir='ltr'>δὴ</span> <span class='ocrx_word' id='word_1_385' title='bbox 951 989 1012 1018; x_wconf 83' lang='grc' dir='ltr'>τῶν</span> <span class='ocrx_word' id='word_1_386' title='bbox 1027 990 1142 1018; x_wconf 83' lang='grc' dir='ltr'>λοιπῶν</span> <span class='ocrx_word' id='word_1_387' title='bbox 1156 988 1325 1027; x_wconf 76' lang='grc' dir='ltr'>ταγμάτων</span> <span class='ocrx_word' id='word_1_388' title='bbox 1338 991 1535 1029; x_wconf 80' lang='grc' dir='ltr'>στρατιῶται·</span> 
     </span>
     <span class='ocr_line' id='line_1_67' title="bbox 832 1038 1105 1069; baseline 0.004 -1"><span class='ocrx_word' id='word_1_389' title='bbox 832 1042 867 1069; x_wconf 89' lang='lat' dir='ltr'>et</span> <span class='ocrx_word' id='word_1_390' title='bbox 886 1038 1004 1069; x_wconf 88' lang='lat' dir='ltr'>Celsus</span> <span class='ocrx_word' id='word_1_391' title='bbox 1025 1048 1105 1069; x_wconf 78' lang='lat' dir='ltr'>vero.</span> 
     </span>
    </p>

    <p class='ocr_par' dir='ltr' id='par_1_5' title="bbox 829 1089 1540 2081">
     <span class='ocr_line' id='line_1_68' title="bbox 873 1089 1537 1129; baseline 0.002 -10"><span class='ocrx_word' id='word_1_392' title='bbox 873 1091 893 1119; x_wconf 83' lang='grc'>4</span> <span class='ocrx_word' id='word_1_393' title='bbox 917 1089 1039 1128; x_wconf 79' lang='lat' dir='ltr'>Magna</span> <span class='ocrx_word' id='word_1_394' title='bbox 1062 1090 1153 1120; x_wconf 77' lang='lat' dir='ltr'>vallis</span> <span class='ocrx_word' id='word_1_395' title='bbox 1176 1089 1397 1129; x_wconf 78' lang='lat' dir='ltr'>intercedebat]</span> <span class='ocrx_word' id='word_1_396' title='bbox 1426 1089 1537 1121; x_wconf 79' lang='lat' dir='ltr'>Ursin.</span> 
     </span>
     <span class='ocr_line' id='line_1_69' title="bbox 831 1138 1535 1180; baseline 0 -10"><span class='ocrx_word' id='word_1_397' title='bbox 831 1138 987 1170; x_wconf 89' lang='lat' dir='ltr'>Leidens.</span> <span class='ocrx_word' id='word_1_398' title='bbox 1019 1148 1071 1179; x_wconf 86' lang='lat' dir='ltr'>pr.</span> <span class='ocrx_word' id='word_1_399' title='bbox 1101 1140 1213 1170; x_wconf 88' lang='lat' dir='ltr'>Oxon.</span> <span class='ocrx_word' id='word_1_400' title='bbox 1238 1140 1389 1180; x_wconf 86' lang='lat' dir='ltr'>‘magnae</span> <span class='ocrx_word' id='word_1_401' title='bbox 1428 1140 1535 1170; x_wconf 85' lang='lat' dir='ltr'>valles</span> 
     </span>
     <span class='ocr_line' id='line_1_70' title="bbox 832 1189 1535 1232; baseline 0.003 -13"><span class='ocrx_word' id='word_1_402' title='bbox 832 1189 1119 1221; x_wconf 65' lang='lat' dir='ltr'>intercedebant!</span> <span class='ocrx_word' id='word_1_403' title='bbox 1163 1190 1321 1221; x_wconf 82' lang='lat' dir='ltr'>Vossian.</span> <span class='ocrx_word' id='word_1_404' title='bbox 1338 1200 1389 1232; x_wconf 85' lang='lat' dir='ltr'>pr.</span> <span class='ocrx_word' id='word_1_405' title='bbox 1418 1191 1427 1207; x_wconf 89' lang='lat'>‘</span> <span class='ocrx_word' id='word_1_406' title='bbox 1444 1200 1535 1232; x_wconf 85' lang='lat' dir='ltr'>mag-</span> 
     </span>
     <span class='ocr_line' id='line_1_71' title="bbox 831 1240 1537 1282; baseline 0.006 -13"><span class='ocrx_word' id='word_1_407' title='bbox 831 1249 875 1270; x_wconf 86' lang='lat' dir='ltr'>na</span> <span class='ocrx_word' id='word_1_408' title='bbox 900 1240 1006 1270; x_wconf 84' lang='lat' dir='ltr'>valles</span> <span class='ocrx_word' id='word_1_409' title='bbox 1032 1240 1320 1280; x_wconf 84' lang='lat' dir='ltr'>intercedebant‚’</span> <span class='ocrx_word' id='word_1_410' title='bbox 1343 1241 1537 1282; x_wconf 86' lang='lat' dir='ltr'>subscripto</span> 
     </span>
     <span class='ocr_line' id='line_1_72' title="bbox 831 1290 1539 1331; baseline 0.004 -12"><span class='ocrx_word' id='word_1_411' title='bbox 831 1293 961 1329; x_wconf 88' lang='lat' dir='ltr'>puncto</span> <span class='ocrx_word' id='word_1_412' title='bbox 991 1290 1052 1320; x_wconf 88' lang='lat' dir='ltr'>sub</span> <span class='ocrx_word' id='word_1_413' title='bbox 1082 1300 1112 1321; x_wconf 85' lang='grc' dir='ltr'>η.</span> <span class='ocrx_word' id='word_1_414' title='bbox 1143 1300 1266 1331; x_wconf 89' lang='lat' dir='ltr'>nempe</span> <span class='ocrx_word' id='word_1_415' title='bbox 1290 1291 1385 1322; x_wconf 89' lang='lat' dir='ltr'>dedit</span> <span class='ocrx_word' id='word_1_416' title='bbox 1424 1292 1539 1323; x_wconf 84' lang='lat' dir='ltr'>Caesar</span> 
     </span>
     <span class='ocr_line' id='line_1_73' title="bbox 832 1340 1538 1382; baseline 0.004 -13"><span class='ocrx_word' id='word_1_417' title='bbox 832 1340 842 1355; x_wconf 83' lang='lat'><em>⁴</em></span> <span class='ocrx_word' id='word_1_418' title='bbox 858 1348 979 1379; x_wconf 83' lang='lat' dir='ltr'>magna</span> <span class='ocrx_word' id='word_1_419' title='bbox 991 1340 1094 1370; x_wconf 83' lang='lat' dir='ltr'>valles</span> <span class='ocrx_word' id='word_1_420' title='bbox 1106 1341 1366 1381; x_wconf 84' lang='lat' dir='ltr'>intercedebat‚&#39;</span> <span class='ocrx_word' id='word_1_421' title='bbox 1382 1342 1538 1382; x_wconf 87' lang='lat' dir='ltr'>utiegre-</span> 
     </span>
     <span class='ocr_line' id='line_1_74' title="bbox 833 1388 1538 1432; baseline 0.007 -14"><span class='ocrx_word' id='word_1_422' title='bbox 833 1388 885 1428; x_wconf 85' lang='lat' dir='ltr'>gie</span> <span class='ocrx_word' id='word_1_423' title='bbox 901 1397 1080 1420; x_wconf 81' lang='lat' dir='ltr'>servarunt</span> <span class='ocrx_word' id='word_1_424' title='bbox 1096 1390 1260 1430; x_wconf 83' lang='lat' dir='ltr'>Bongars.</span> <span class='ocrx_word' id='word_1_425' title='bbox 1286 1391 1383 1432; x_wconf 89' lang='lat' dir='ltr'>prim.</span> <span class='ocrx_word' id='word_1_426' title='bbox 1408 1397 1444 1422; x_wconf 90' lang='lat' dir='ltr'>et</span> <span class='ocrx_word' id='word_1_427' title='bbox 1471 1393 1538 1432; x_wconf 86' lang='lat' dir='ltr'>Eg-</span> 
     </span>
     <span class='ocr_line' id='line_1_75' title="bbox 833 1438 1539 1481; baseline 0.006 -13"><span class='ocrx_word' id='word_1_428' title='bbox 833 1438 992 1469; x_wconf 82' lang='lat' dir='ltr'>niuudan.</span> <span class='ocrx_word' id='word_1_429' title='bbox 1043 1439 1143 1470; x_wconf 72' lang='lat' dir='ltr'>Valles</span> <span class='ocrx_word' id='word_1_430' title='bbox 1159 1440 1289 1471; x_wconf 85' lang='lat' dir='ltr'>dictum</span> <span class='ocrx_word' id='word_1_431' title='bbox 1307 1446 1343 1472; x_wconf 92' lang='lat' dir='ltr'>et</span> <span class='ocrx_word' id='word_1_432' title='bbox 1369 1442 1475 1481; x_wconf 81' lang='lat' dir='ltr'>Vanis,</span> <span class='ocrx_word' id='word_1_433' title='bbox 1500 1446 1539 1472; x_wconf 85' lang='lat' dir='ltr'>ut</span> 
     </span>
     <span class='ocr_line' id='line_1_76' title="bbox 832 1491 1540 1533; baseline 0.006 -13"><span class='ocrx_word' id='word_1_434' title='bbox 832 1491 909 1520; x_wconf 80' lang='lat' dir='ltr'>oedis</span> <span class='ocrx_word' id='word_1_435' title='bbox 925 1495 960 1521; x_wconf 90' lang='lat' dir='ltr'>et</span> <span class='ocrx_word' id='word_1_436' title='bbox 974 1491 1065 1530; x_wconf 83' lang='lat' dir='ltr'>oedes,</span> <span class='ocrx_word' id='word_1_437' title='bbox 1080 1493 1175 1531; x_wconf 76' lang='lat' dir='ltr'>canis,</span> <span class='ocrx_word' id='word_1_438' title='bbox 1192 1497 1229 1523; x_wconf 89' lang='lat' dir='ltr'>et</span> <span class='ocrx_word' id='word_1_439' title='bbox 1244 1502 1343 1532; x_wconf 85' lang='lat' dir='ltr'>canes,</span> <span class='ocrx_word' id='word_1_440' title='bbox 1361 1502 1480 1533; x_wconf 78' lang='lat' dir='ltr'>puppes</span> <span class='ocrx_word' id='word_1_441' title='bbox 1503 1496 1540 1524; x_wconf 83' lang='lat' dir='ltr'>et</span> 
     </span>
     <span class='ocr_line' id='line_1_77' title="bbox 829 1540 1539 1583; baseline 0.006 -13"><span class='ocrx_word' id='word_1_442' title='bbox 829 1540 954 1581; x_wconf 82' lang='lat' dir='ltr'>puppis,</span> <span class='ocrx_word' id='word_1_443' title='bbox 969 1542 1073 1581; x_wconf 72' lang='lat' dir='ltr'>vulpes</span> <span class='ocrx_word' id='word_1_444' title='bbox 1090 1546 1124 1572; x_wconf 80' lang='lat' dir='ltr'>et</span> <span class='ocrx_word' id='word_1_445' title='bbox 1140 1543 1250 1582; x_wconf 73' lang='lat' dir='ltr'>vulpis,</span> <span class='ocrx_word' id='word_1_446' title='bbox 1265 1543 1409 1583; x_wconf 88' lang='lat' dir='ltr'>aliaque.</span> <span class='ocrx_word' id='word_1_447' title='bbox 1449 1543 1539 1574; x_wconf 86' lang='lat' dir='ltr'>Vide</span> 
     </span>
     <span class='ocr_line' id='line_1_78' title="bbox 834 1591 1538 1624; baseline 0.006 -4"><span class='ocrx_word' id='word_1_448' title='bbox 834 1591 970 1621; x_wconf 89' lang='lat' dir='ltr'>omnino</span> <span class='ocrx_word' id='word_1_449' title='bbox 986 1592 1139 1622; x_wconf 79' lang='lat' dir='ltr'>Servium</span> <span class='ocrx_word' id='word_1_450' title='bbox 1167 1597 1202 1623; x_wconf 87' lang='lat' dir='ltr'>et</span> <span class='ocrx_word' id='word_1_451' title='bbox 1230 1593 1383 1623; x_wconf 87' lang='lat' dir='ltr'>Pierium</span> <span class='ocrx_word' id='word_1_452' title='bbox 1402 1593 1442 1624; x_wconf 91' lang='lat' dir='ltr'>ad</span> <span class='ocrx_word' id='word_1_453' title='bbox 1460 1593 1538 1624; x_wconf 84' lang='lat' dir='ltr'>Vir-</span> 
     </span>
     <span class='ocr_line' id='line_1_79' title="bbox 834 1641 1539 1681; baseline 0.004 -10"><span class='ocrx_word' id='word_1_454' title='bbox 834 1641 890 1681; x_wconf 86' lang='lat' dir='ltr'>gil.</span> <span class='ocrx_word' id='word_1_455' title='bbox 906 1642 981 1672; x_wconf 77' lang='lat' dir='ltr'>AEn.</span> <span class='ocrx_word' id='word_1_456' title='bbox 999 1650 1050 1672; x_wconf 76' lang='lat' dir='ltr'>xi.</span> <span class='ocrx_word' id='word_1_457' title='bbox 1066 1645 1141 1673; x_wconf 76' lang='lat'>522.</span> <span class='ocrx_word' id='word_1_458' title='bbox 1165 1643 1173 1658; x_wconf 73' lang='lat'><strong>⁶</strong></span> <span class='ocrx_word' id='word_1_459' title='bbox 1186 1644 1249 1674; x_wconf 87' lang='lat' dir='ltr'>Est</span> <span class='ocrx_word' id='word_1_460' title='bbox 1274 1653 1378 1674; x_wconf 84' lang='lat' dir='ltr'>curvo</span> <span class='ocrx_word' id='word_1_461' title='bbox 1395 1642 1539 1674; x_wconf 83' lang='lat' dir='ltr'>amfrac-</span> 
     </span>
     <span class='ocr_line' id='line_1_80' title="bbox 835 1692 1539 1730; baseline 0.006 -9"><span class='ocrx_word' id='word_1_462' title='bbox 835 1696 872 1722; x_wconf 91' lang='lat' dir='ltr'>tu</span> <span class='ocrx_word' id='word_1_463' title='bbox 887 1692 1004 1730; x_wconf 81' lang='lat' dir='ltr'>valles,</span> <span class='ocrx_word' id='word_1_464' title='bbox 1022 1692 1244 1724; x_wconf 82' lang='lat' dir='ltr'>adcommoda</span> <span class='ocrx_word' id='word_1_465' title='bbox 1258 1692 1394 1725; x_wconf 63' lang='lat' dir='ltr'>fraudi?</span> <span class='ocrx_word' id='word_1_466' title='bbox 1437 1693 1539 1725; x_wconf 85' lang='lat' dir='ltr'>Adde</span> 
     </span>
     <span class='ocr_line' id='line_1_81' title="bbox 834 1742 1538 1775; baseline 0.004 -3"><span class='ocrx_word' id='word_1_467' title='bbox 834 1742 915 1773; x_wconf 86' lang='lat' dir='ltr'>Var.</span> <span class='ocrx_word' id='word_1_468' title='bbox 931 1742 998 1773; x_wconf 91' lang='lat' dir='ltr'>LL.</span> <span class='ocrx_word' id='word_1_469' title='bbox 1025 1751 1074 1774; x_wconf 80' lang='lat' dir='ltr'>V1.</span> <span class='ocrx_word' id='word_1_470' title='bbox 1105 1745 1157 1774; x_wconf 71' lang='lat'>34.</span> <span class='ocrx_word' id='word_1_471' title='bbox 1181 1744 1305 1774; x_wconf 81' lang='lat' dir='ltr'>‘valles</span> <span class='ocrx_word' id='word_1_472' title='bbox 1335 1743 1474 1774; x_wconf 84' lang='lat' dir='ltr'>abdita.&#39;</span> <span class='ocrx_word' id='word_1_473' title='bbox 1498 1744 1538 1775; x_wconf 84' lang='lat' dir='ltr'>B.</span> 
     </span>
     <span class='ocr_line' id='line_1_82' title="bbox 834 1791 1538 1826; baseline 0.004 -4"><span class='ocrx_word' id='word_1_474' title='bbox 834 1791 933 1822; x_wconf 85' lang='lat' dir='ltr'>Alex.</span> <span class='ocrx_word' id='word_1_475' title='bbox 965 1802 994 1822; x_wconf 90' lang='lat' dir='ltr'>c.</span> <span class='ocrx_word' id='word_1_476' title='bbox 1022 1795 1076 1823; x_wconf 83' lang='lat'>73.</span> <span class='ocrx_word' id='word_1_477' title='bbox 1100 1793 1282 1824; x_wconf 80' lang='lat' dir='ltr'>‘intercisa</span> <span class='ocrx_word' id='word_1_478' title='bbox 1310 1793 1439 1824; x_wconf 87' lang='lat' dir='ltr'>valles.’</span> <span class='ocrx_word' id='word_1_479' title='bbox 1464 1794 1538 1826; x_wconf 82' lang='lat' dir='ltr'>Cel.</span> 
     </span>
     <span class='ocr_line' id='line_1_83' title="bbox 832 1841 1537 1874; baseline 0.004 -3"><span class='ocrx_word' id='word_1_480' title='bbox 832 1841 950 1871; x_wconf 89' lang='lat' dir='ltr'>Burm.</span> <span class='ocrx_word' id='word_1_481' title='bbox 967 1842 1008 1871; x_wconf 90' lang='lat' dir='ltr'>ad</span> <span class='ocrx_word' id='word_1_482' title='bbox 1022 1842 1159 1874; x_wconf 80' lang='lat' dir='ltr'>Phaedr.</span> <span class='ocrx_word' id='word_1_483' title='bbox 1177 1843 1260 1873; x_wconf 87' lang='lat' dir='ltr'>Fab.</span> <span class='ocrx_word' id='word_1_484' title='bbox 1279 1852 1302 1874; x_wconf 90' lang='lat'>1.</span> <span class='ocrx_word' id='word_1_485' title='bbox 1319 1846 1348 1873; x_wconf 84' lang='grc'>7.</span> <span class='ocrx_word' id='word_1_486' title='bbox 1367 1844 1474 1874; x_wconf 81' lang='lat' dir='ltr'>Drak.</span> <span class='ocrx_word' id='word_1_487' title='bbox 1493 1843 1537 1874; x_wconf 90' lang='lat' dir='ltr'>ad</span> 
     </span>
     <span class='ocr_line' id='line_1_84' title="bbox 834 1890 1538 1934; baseline 0.003 -12"><span class='ocrx_word' id='word_1_488' title='bbox 834 1890 905 1922; x_wconf 90' lang='lat' dir='ltr'>Liv.</span> <span class='ocrx_word' id='word_1_489' title='bbox 920 1900 968 1921; x_wconf 91' lang='lat' dir='ltr'>1v.</span> <span class='ocrx_word' id='word_1_490' title='bbox 982 1894 1035 1922; x_wconf 78' lang='lat'>25.</span> <span class='ocrx_word' id='word_1_491' title='bbox 1054 1891 1093 1922; x_wconf 93' lang='lat' dir='ltr'>C.</span> <span class='ocrx_word' id='word_1_492' title='bbox 1111 1894 1163 1923; x_wconf 82' lang='lat'>69.</span> <span class='ocrx_word' id='word_1_493' title='bbox 1181 1892 1216 1922; x_wconf 92' lang='lat' dir='ltr'>in</span> <span class='ocrx_word' id='word_1_494' title='bbox 1233 1892 1318 1924; x_wconf 86' lang='lat' dir='ltr'>Mss.</span> <span class='ocrx_word' id='word_1_495' title='bbox 1335 1893 1538 1934; x_wconf 89' lang='lat' dir='ltr'>quibusdam</span> 
     </span>
     <span class='ocr_line' id='line_1_85' title="bbox 832 1940 1539 1980; baseline 0.004 -10"><span class='ocrx_word' id='word_1_496' title='bbox 832 1941 922 1970; x_wconf 83' lang='lat' dir='ltr'>colles</span> <span class='ocrx_word' id='word_1_497' title='bbox 948 1940 1100 1980; x_wconf 83' lang='lat' dir='ltr'>cingebat.</span> <span class='ocrx_word' id='word_1_498' title='bbox 1125 1950 1205 1972; x_wconf 77' lang='lat' dir='ltr'>vul.</span> <span class='ocrx_word' id='word_1_499' title='bbox 1235 1945 1266 1973; x_wconf 83' lang='lat'>8.</span> <span class='ocrx_word' id='word_1_500' title='bbox 1304 1942 1337 1972; x_wconf 91' lang='lat' dir='ltr'>in</span> <span class='ocrx_word' id='word_1_501' title='bbox 1369 1942 1539 1973; x_wconf 86' lang='lat' dir='ltr'>nonnullis</span> 
     </span>
     <span class='ocr_line' id='line_1_86' title="bbox 833 1989 1539 2033; baseline 0.007 -14"><span class='ocrx_word' id='word_1_502' title='bbox 833 1989 1098 2030; x_wconf 74' lang='lat' dir='ltr'>hostesprodiret,</span> <span class='ocrx_word' id='word_1_503' title='bbox 1125 1991 1189 2022; x_wconf 91' lang='lat' dir='ltr'>nisi</span> <span class='ocrx_word' id='word_1_504' title='bbox 1211 1991 1246 2022; x_wconf 93' lang='lat' dir='ltr'>id</span> <span class='ocrx_word' id='word_1_505' title='bbox 1273 1991 1400 2024; x_wconf 86' lang='lat' dir='ltr'>factum</span> <span class='ocrx_word' id='word_1_506' title='bbox 1425 1993 1539 2033; x_wconf 87' lang='lat' dir='ltr'>potius</span> 
     </span>
     <span class='ocr_line' id='line_1_87' title="bbox 834 2040 1409 2081; baseline 0.007 -12"><span class='ocrx_word' id='word_1_507' title='bbox 834 2049 897 2081; x_wconf 89' lang='lat' dir='ltr'>per</span> <span class='ocrx_word' id='word_1_508' title='bbox 913 2040 1124 2071; x_wconf 84' lang='lat' dir='ltr'>omissionem</span> <span class='ocrx_word' id='word_1_509' title='bbox 1141 2041 1276 2073; x_wconf 64' lang='lat' dir='ltr'>lineolae</span> <span class='ocrx_word' id='word_1_510' title='bbox 1288 2042 1409 2073; x_wconf 79' lang='lat' dir='ltr'>solitae.</span> 
     </span>
    </p>

    <p class='ocr_par' dir='ltr' id='par_1_6' title="bbox 836 2090 1541 2434">
     <span class='ocr_line' id='line_1_88' title="bbox 880 2090 1538 2132; baseline 0.006 -12"><span class='ocrx_word' id='word_1_511' title='bbox 880 2093 919 2120; x_wconf 89' lang='grc'>10</span> <span class='ocrx_word' id='word_1_512' title='bbox 943 2090 1110 2131; x_wconf 83' lang='lat' dir='ltr'>Portisque</span> <span class='ocrx_word' id='word_1_513' title='bbox 1138 2092 1440 2132; x_wconf 82' lang='lat' dir='ltr'>appropinquarunt]</span> <span class='ocrx_word' id='word_1_514' title='bbox 1471 2093 1538 2124; x_wconf 87' lang='lat' dir='ltr'>Ms.</span> 
     </span>
     <span class='ocr_line' id='line_1_89' title="bbox 837 2140 1539 2182; baseline 0.004 -11"><span class='ocrx_word' id='word_1_515' title='bbox 837 2141 919 2180; x_wconf 85' lang='lat' dir='ltr'>Reg.</span> <span class='ocrx_word' id='word_1_516' title='bbox 954 2140 1260 2182; x_wconf 78' lang='lat' dir='ltr'>Appropinquarent.</span> <span class='ocrx_word' id='word_1_517' title='bbox 1314 2142 1416 2175; x_wconf 82' lang='lat' dir='ltr'>Quod</span> <span class='ocrx_word' id='word_1_518' title='bbox 1447 2143 1539 2174; x_wconf 88' lang='lat' dir='ltr'>idem</span> 
     </span>
     <span class='ocr_line' id='line_1_90' title="bbox 837 2191 1541 2235; baseline 0.003 -13"><span class='ocrx_word' id='word_1_519' title='bbox 837 2197 900 2222; x_wconf 90' lang='lat' dir='ltr'>est.</span> <span class='ocrx_word' id='word_1_520' title='bbox 948 2192 1057 2223; x_wconf 81' lang='lat' dir='ltr'>Clark.</span> <span class='ocrx_word' id='word_1_521' title='bbox 1118 2191 1353 2233; x_wconf 84' lang='lat' dir='ltr'>Inperfectum</span> <span class='ocrx_word' id='word_1_522' title='bbox 1391 2193 1541 2235; x_wconf 86' lang='lat' dir='ltr'>praetuli,</span> 
     </span>
     <span class='ocr_line' id='line_1_91' title="bbox 838 2242 1540 2284; baseline 0.004 -12"><span class='ocrx_word' id='word_1_523' title='bbox 838 2242 1042 2273; x_wconf 83' lang='lat' dir='ltr'>auctoritate</span> <span class='ocrx_word' id='word_1_524' title='bbox 1054 2243 1174 2274; x_wconf 89' lang='lat' dir='ltr'>Petav.</span> <span class='ocrx_word' id='word_1_525' title='bbox 1190 2243 1290 2274; x_wconf 88' lang='lat' dir='ltr'>Leid.</span> <span class='ocrx_word' id='word_1_526' title='bbox 1308 2253 1359 2284; x_wconf 88' lang='lat' dir='ltr'>pr.</span> <span class='ocrx_word' id='word_1_527' title='bbox 1376 2248 1412 2275; x_wconf 92' lang='lat' dir='ltr'>et</span> <span class='ocrx_word' id='word_1_528' title='bbox 1429 2243 1540 2276; x_wconf 79' lang='lat' dir='ltr'>Oxou.</span> 
     </span>
     <span class='ocr_line' id='line_1_92' title="bbox 837 2292 1538 2334; baseline 0.004 -12"><span class='ocrx_word' id='word_1_529' title='bbox 837 2292 1065 2334; x_wconf 89' lang='lat' dir='ltr'>aliorumque:</span> <span class='ocrx_word' id='word_1_530' title='bbox 1089 2294 1410 2334; x_wconf 81' lang='lat' dir='ltr'>adpropinquaverunt</span> <span class='ocrx_word' id='word_1_531' title='bbox 1437 2295 1538 2325; x_wconf 82' lang='lat' dir='ltr'>Voss.</span> 
     </span>
     <span class='ocr_line' id='line_1_93' title="bbox 836 2342 1541 2382; baseline 0.004 -9"><span class='ocrx_word' id='word_1_532' title='bbox 836 2351 888 2382; x_wconf 90' lang='lat' dir='ltr'>pr.</span> <span class='ocrx_word' id='word_1_533' title='bbox 914 2352 982 2374; x_wconf 88' lang='lat' dir='ltr'>sec.</span> <span class='ocrx_word' id='word_1_534' title='bbox 1010 2342 1105 2374; x_wconf 85' lang='lat' dir='ltr'>Duk.</span> <span class='ocrx_word' id='word_1_535' title='bbox 1128 2343 1349 2374; x_wconf 73' lang='lat' dir='ltr'>Verissimum</span> <span class='ocrx_word' id='word_1_536' title='bbox 1375 2343 1445 2376; x_wconf 89' lang='lat' dir='ltr'>fors</span> <span class='ocrx_word' id='word_1_537' title='bbox 1473 2344 1541 2376; x_wconf 82' lang='lat' dir='ltr'>fuit</span> 
     </span>
     <span class='ocr_line' id='line_1_94' title="bbox 836 2394 1122 2434; baseline 0.003 -11"><span class='ocrx_word' id='word_1_538' title='bbox 836 2394 1122 2434; x_wconf 65' lang='lat' dir='ltr'>adpropinquat-int.</span> 
     </span>
    </p>

    <p class='ocr_par' dir='ltr' id='par_1_7' title="bbox 836 2443 1541 2836">
     <span class='ocr_line' id='line_1_95' title="bbox 881 2443 1538 2489; baseline 0.006 -16"><span class='ocrx_word' id='word_1_539' title='bbox 881 2446 920 2474; x_wconf 83' lang='lat'>13</span> <span class='ocrx_word' id='word_1_540' title='bbox 958 2443 1238 2489; x_wconf 37' lang='lat' dir='ltr'>BIatresfamz&#39;lias·</span> <span class='ocrx_word' id='word_1_541' title='bbox 1259 2446 1297 2475; x_wconf 81' lang='lat' dir='ltr'>de</span> <span class='ocrx_word' id='word_1_542' title='bbox 1330 2445 1435 2485; x_wconf 87' lang='lat' dir='ltr'>muro]</span> <span class='ocrx_word' id='word_1_543' title='bbox 1472 2446 1538 2477; x_wconf 84' lang='lat' dir='ltr'>Ms.</span> 
     </span>
     <span class='ocr_line' id='line_1_96' title="bbox 838 2493 1541 2527; baseline 0.004 -3"><span class='ocrx_word' id='word_1_544' title='bbox 838 2493 943 2525; x_wconf 88' lang='lat' dir='ltr'>Norv.</span> <span class='ocrx_word' id='word_1_545' title='bbox 958 2498 994 2524; x_wconf 90' lang='lat' dir='ltr'>et</span> <span class='ocrx_word' id='word_1_546' title='bbox 1009 2494 1062 2525; x_wconf 90' lang='lat' dir='ltr'>ed.</span> <span class='ocrx_word' id='word_1_547' title='bbox 1080 2495 1175 2527; x_wconf 89' lang='lat' dir='ltr'>Rom.</span> <span class='ocrx_word' id='word_1_548' title='bbox 1191 2496 1350 2527; x_wconf 90' lang='lat' dir='ltr'>Beroald.</span> <span class='ocrx_word' id='word_1_549' title='bbox 1373 2497 1427 2527; x_wconf 85' lang='lat' dir='ltr'>hic</span> <span class='ocrx_word' id='word_1_550' title='bbox 1449 2496 1541 2527; x_wconf 78' lang='lat' dir='ltr'>exhi-</span> 
     </span>
     <span class='ocr_line' id='line_1_97' title="bbox 837 2542 1540 2582; baseline 0.006 -9"><span class='ocrx_word' id='word_1_551' title='bbox 837 2542 922 2574; x_wconf 87' lang='lat' dir='ltr'>bent</span> <span class='ocrx_word' id='word_1_552' title='bbox 943 2547 1058 2574; x_wconf 79' lang='lat' dir='ltr'>matres</span> <span class='ocrx_word' id='word_1_553' title='bbox 1074 2543 1226 2582; x_wconf 83' lang='lat' dir='ltr'>familiae.</span> <span class='ocrx_word' id='word_1_554' title='bbox 1270 2546 1324 2577; x_wconf 89' lang='lat' dir='ltr'>Sic</span> <span class='ocrx_word' id='word_1_555' title='bbox 1347 2551 1383 2577; x_wconf 91' lang='lat' dir='ltr'>et</span> <span class='ocrx_word' id='word_1_556' title='bbox 1405 2545 1494 2577; x_wconf 88' lang='lat' dir='ltr'>infra</span> <span class='ocrx_word' id='word_1_557' title='bbox 1510 2554 1540 2576; x_wconf 91' lang='lat' dir='ltr'>c.</span> 
     </span>
     <span class='ocr_line' id='line_1_98' title="bbox 836 2593 1540 2636; baseline 0.004 -12"><span class='ocrx_word' id='word_1_558' title='bbox 836 2595 890 2624; x_wconf 84' lang='grc'>48.</span> <span class='ocrx_word' id='word_1_559' title='bbox 906 2593 964 2625; x_wconf 92' lang='lat' dir='ltr'>ubi</span> <span class='ocrx_word' id='word_1_560' title='bbox 978 2593 1014 2624; x_wconf 87' lang='lat' dir='ltr'>in</span> <span class='ocrx_word' id='word_1_561' title='bbox 1028 2595 1142 2636; x_wconf 83' lang='lat' dir='ltr'>vulgg.</span> <span class='ocrx_word' id='word_1_562' title='bbox 1165 2595 1291 2635; x_wconf 88' lang='lat' dir='ltr'>legitur</span> <span class='ocrx_word' id='word_1_563' title='bbox 1315 2596 1324 2612; x_wconf 90' lang='lat'>‘</span> <span class='ocrx_word' id='word_1_564' title='bbox 1340 2601 1465 2627; x_wconf 87' lang='lat' dir='ltr'>matres</span> <span class='ocrx_word' id='word_1_565' title='bbox 1489 2594 1540 2626; x_wconf 86' lang='lat' dir='ltr'>fa-</span> 
     </span>
     <span class='ocr_line' id='line_1_99' title="bbox 837 2643 1539 2686; baseline 0.003 -12"><span class='ocrx_word' id='word_1_566' title='bbox 837 2643 1069 2676; x_wconf 83' lang='lat' dir='ltr'>milias—snas</span> <span class='ocrx_word' id='word_1_567' title='bbox 1109 2644 1301 2686; x_wconf 86' lang='lat' dir='ltr'>obtestari‚&#39;</span> <span class='ocrx_word' id='word_1_568' title='bbox 1348 2645 1383 2676; x_wconf 91' lang='lat' dir='ltr'>in</span> <span class='ocrx_word' id='word_1_569' title='bbox 1418 2644 1539 2676; x_wconf 88' lang='lat' dir='ltr'>iisdem</span> 
     </span>
     <span class='ocr_line' id='line_1_100' title="bbox 839 2694 1539 2733; baseline -0.001 -7"><span class='ocrx_word' id='word_1_570' title='bbox 839 2694 946 2727; x_wconf 88' lang='lat' dir='ltr'>Codd.</span> <span class='ocrx_word' id='word_1_571' title='bbox 976 2699 1031 2727; x_wconf 87' lang='lat' dir='ltr'>est</span> <span class='ocrx_word' id='word_1_572' title='bbox 1065 2698 1181 2731; x_wconf 80' lang='lat' dir='ltr'>matres</span> <span class='ocrx_word' id='word_1_573' title='bbox 1205 2695 1360 2733; x_wconf 83' lang='lat' dir='ltr'>familiae;</span> <span class='ocrx_word' id='word_1_574' title='bbox 1393 2699 1429 2726; x_wconf 89' lang='lat' dir='ltr'>et</span> <span class='ocrx_word' id='word_1_575' title='bbox 1457 2703 1539 2726; x_wconf 83' lang='lat' dir='ltr'>sane</span> 
     </span>
     <span class='ocr_line' id='line_1_101' title="bbox 839 2744 1540 2784; baseline 0 -9"><span class='ocrx_word' id='word_1_576' title='bbox 839 2744 920 2775; x_wconf 90' lang='lat' dir='ltr'>alibi</span> <span class='ocrx_word' id='word_1_577' title='bbox 931 2745 995 2776; x_wconf 84' lang='lat' dir='ltr'>hoc</span> <span class='ocrx_word' id='word_1_578' title='bbox 1010 2745 1112 2781; x_wconf 86' lang='lat' dir='ltr'>modo</span> <span class='ocrx_word' id='word_1_579' title='bbox 1132 2745 1267 2775; x_wconf 88' lang='lat' dir='ltr'>locutus</span> <span class='ocrx_word' id='word_1_580' title='bbox 1288 2748 1341 2775; x_wconf 85' lang='lat' dir='ltr'>est</span> <span class='ocrx_word' id='word_1_581' title='bbox 1362 2747 1474 2784; x_wconf 74' lang='lat' dir='ltr'>noster,</span> <span class='ocrx_word' id='word_1_582' title='bbox 1499 2747 1540 2775; x_wconf 85' lang='lat' dir='ltr'>ut</span> 
     </span>
     <span class='ocr_line' id='line_1_102' title="bbox 837 2793 1540 2836; baseline 0 -8"><span class='ocrx_word' id='word_1_583' title='bbox 837 2794 1033 2828; x_wconf 86' lang='lat' dir='ltr'>observavit</span> <span class='ocrx_word' id='word_1_584' title='bbox 1050 2794 1193 2827; x_wconf 87' lang='lat' dir='ltr'>Vossius</span> <span class='ocrx_word' id='word_1_585' title='bbox 1218 2793 1263 2826; x_wconf 84' lang='lat' dir='ltr'>ad</span> <span class='ocrx_word' id='word_1_586' title='bbox 1291 2794 1434 2836; x_wconf 79' lang='lat' dir='ltr'>hujusce</span> <span class='ocrx_word' id='word_1_587' title='bbox 1459 2794 1540 2828; x_wconf 88' lang='lat' dir='ltr'>libri</span> 
     </span>
    </p>
   </div>
  </div>
 </body>
</html>
