1883 3121
439 227 529 257 [AB.
563 227 593 256 ι.
624 225 734 255 οΑΡ.
756 214 826 255 71.
859 224 921 253 na
953 224 1109 254 nanno
1141 223 1313 253 clvlLI.

151 317 302 350 nitieinz’
324 318 380 349 ubi
407 319 541 349 omnino
557 316 634 348 vide
650 315 846 347 Davisium:

151 373 255 409 atque
272 368 320 399 ita
347 368 436 409 ipsas
462 368 626 398 Mstorum
649 367 796 404 litteras,
812 370 848 396 et

150 417 356 448 notissimam
382 418 438 448 τοῦ
459 418 548 448 callis
566 415 847 456 significationem

152 468 401 499 retinuerimus.
457 468 582 497 Verum
610 466 691 496 nihil
719 470 847 496 temere

150 521 282 548 mutare
299 518 403 548 satius
424 520 491 547 est:
516 525 589 546 nam
617 525 676 555 per
691 516 784 546 valles
800 515 848 546 in-

146 567 335 607 telligenda
364 571 442 597 sunt
470 567 545 597 loca
574 566 763 606 inaequalia,
790 565 847 595 ubi

147 625 236 647 nunc
263 615 472 647 descendere
500 616 532 646 in
563 616 692 646 devexa
715 625 754 646 ac
772 624 848 655 pro-

146 664 262 706 funda,
291 675 380 697 nunc
406 666 616 698 adscendere
644 666 678 696 in
702 667 771 696 alta
792 674 849 696 ne·

149 724 243 747 cesse
270 720 332 747 est.
387 717 442 747 Sic
469 717 557 747 enim
583 716 675 747 clare
699 715 848 747 occurrit

148 765 192 797 B.
219 766 294 797 Civ.
319 775 358 796 11.
375 769 427 798 33.
449 767 459 784 ‘
475 767 558 797 Erat
582 766 680 797 vallis
707 776 773 797 non
799 766 848 797 ita

147 825 279 856 magno,
292 820 326 846 at
342 815 472 847 difficili
488 821 525 847 et
538 816 644 847 arduo
655 816 818 847 adscensu
828 817 847 847 ε’

147 869 185 897 et
214 865 343 896 ibidem
378 866 555 907 ‘adeoque
586 871 659 897 erat
694 866 847 907 inpedita

147 915 257 952 vallis,
273 921 311 946 ut
326 915 360 946 in
375 916 552 955 adscensu,
566 916 630 948 nisi
643 916 811 948 sublevati
828 927 848 948 a

147 964 228 1004 suis,
245 965 344 1005 primi
368 975 434 996 non
451 966 683 998 eniterentur!
728 967 769 998 In
796 976 849 998 ea-

147 1014 223 1046 dem
239 1025 275 1046 re
299 1015 307 1031 ‘
320 1015 450 1047 Vallem
468 1017 681 1057 transgressi’
695 1018 788 1050 Hirt.
806 1017 847 1048 B.

147 1064 246 1095 Alex.
269 1074 299 1096 c.
327 1068 381 1096 76.
405 1067 414 1083 ‘
431 1068 620 1098 convallem
646 1066 846 1108 transgredi'

148 1114 189 1145 Β.
206 1113 316 1145 Afric.
333 1125 362 1146 c.
376 1119 428 1145 50.

188 1166 208 1195 7
232 1163 383 1204 Inermes]
427 1164 524 1196 Leid.
543 1174 593 1205 pr.
606 1165 744 1197 inermis.
779 1166 846 1197 Sed

147 1213 269 1245 Petav.
295 1218 332 1244 et
356 1215 454 1245 Voss.
483 1214 606 1247 inermi.
649 1216 846 1247 Verissime.

148 1263 238 1295 Vide
253 1263 296 1294 ad
323 1265 363 1295 B.
384 1264 429 1296 G.
445 1274 469 1296 1.
488 1268 541 1296 40.
564 1267 678 1299 ‘Quos
701 1267 846 1298 inermos

147 1314 218 1346 sine
227 1324 347 1347 caussa
359 1315 572 1348 timuissent!
589 1316 847 1355 Deinfrumen'to

147 1365 236 1401 solus
261 1374 281 1395 e
311 1365 394 1396 meis
422 1365 560 1397 exhibet
586 1367 686 1398 Voss.
731 1367 847 1398 Ceteri

147 1424 224 1446 cum
239 1416 328 1447 Edd.
345 1415 460 1455 primis
468 1415 674 1454 frumentum.
707 1416 756 1447 At
772 1426 847 1448 nus—

146 1474 259 1506 quam,
274 1470 435 1506 quantum
450 1466 532 1503 scio,
547 1467 595 1497 ita
611 1466 761 1507 loquitur
775 1475 850 1497 nos-

148 1518 213 1546 ter.
241 1515 353 1556 Vulgo
369 1515 506 1556 quidem
522 1516 569 1546 ita
585 1517 699 1547 editur
716 1517 757 1547 B.
775 1517 848 1549 Civ.

147 1572 189 1596 Π.
218 1566 272 1596 35.
309 1565 465 1596 ‘aditum
496 1566 750 1607 prohibebant?
788 1566 848 1597 sed

147 1613 226 1646 vide
248 1614 293 1645 ibi
321 1615 408 1646 Mss.
453 1615 566 1647 Quare
581 1616 635 1647 hic
651 1626 785 1657 quoque
801 1617 848 1647 la-

149 1670 222 1696 tere
237 1665 317 1706 quid
334 1665 480 1698 videtur.
519 1665 572 1697 An
579 1666 752 1704 frumentis
765 1667 850 1698 abiit

148 1717 182 1746 in
199 1714 375 1756 frumenta,
402 1721 438 1747 et
464 1716 543 1747 inde
559 1715 687 1747 factum
707 1716 849 1755 frumen-

148 1763 241 1797 tum?
286 1765 418 1797 Passim
434 1765 574 1797 adhibet
590 1771 711 1798 auctor
727 1767 760 1797 in
777 1767 849 1807 plu-

147 1815 210 1847 rali
219 1815 395 1854 frumenta.

192 1873 290 1896 Lxlx.
327 1867 346 1896 3
384 1865 559 1896 Necessarii
592 1866 694 1896 metus
728 1865 849 1906 inopia]

148 1914 242 1947 Ante
260 1925 376 1947 vocem
393 1916 537 1956 primam
563 1916 597 1946 in
624 1917 691 1947 Ms.
710 1916 849 1948 Norvio.

149 1970 203 1997 est
218 1976 271 1997 nec
286 1975 364 2002 non3
386 1966 420 1996 'm
437 1966 519 1998 edit.
530 1967 618 1997 Ven.
635 1967 699 1997 hos.
731 1967 851 1999 Codex

149 2022 264 2048 autem
286 2016 399 2047 Ursin.
425 2020 462 2047 et
486 2016 642 2057 impressi
671 2017 768 2047 Rom.
785 2017 851 2047 Be-

149 2066 258 2098 roald.
272 2076 326 2098 nos
340 2071 604 2107 repraesentant,
616 2071 654 2097 ut
670 2067 850 2107 legendum

150 2116 316 2147 arbitrer:
343 2126 396 2147 nos
418 2117 581 2147 necessarii
606 2117 703 2147 victus
730 2117 851 2158 inopia,-

150 2174 216 2196 non
246 2165 335 2196 enim
365 2169 428 2204 est,
460 2175 521 2196 cur
549 2175 625 2196 eam
654 2166 808 2197 voculam
832 2176 851 2197 a

150 2215 241 2247 mala
255 2224 356 2246 manu
370 2215 541 2256 adjectam
555 2221 719 2256 putemus.
737 2216 850 2248 Davis.

150 2264 386 2307 Suffragantur
398 2266 483 2297 Mss.
496 2266 582 2306 Reg.
601 2266 739 2298 Hotom.
750 2267 849 2298 Voss.

152 2316 248 2348 Leid.
275 2325 345 2348 sec.
370 2317 478 2356 Bong.
507 2317 613 2347 Dorv.
642 2316 730 2347 Edd.
747 2316 850 2348 Vasc.

150 2366 220 2397 Str.
252 2366 371 2406 steph.
400 2365 532 2407 Gryph.
587 2365 628 2396 In
658 2365 721 2397 Ed.
749 2366 850 2397 etiam

153 2416 295 2448 Mediol.
310 2417 381 2447 hos:
397 2425 511 2447 verum
525 2416 560 2447 in
573 2416 690 2456 Cujac.
705 2420 741 2447 et
753 2415 849 2447 Leid.

152 2476 203 2507 pr.
221 2466 382 2498 scribitur
398 2476 451 2497 nec
467 2476 576 2498 necess.
594 2470 629 2497 et
645 2467 676 2497 in
694 2467 851 2497 Petavia-

151 2526 194 2551 no
209 2526 263 2549 nec
278 2527 337 2548 non
350 2527 433 2548 mec..-
462 2516 552 2547 unde
578 2525 649 2547 sese
665 2526 732 2547 non
748 2517 852 2548 extri-

153 2575 230 2597 care
258 2567 307 2598 ait
333 2566 513 2597 Gruterus.
572 2566 693 2597 Petav.
715 2565 850 2597 Codicis

153 2616 255 2648 lectio
279 2617 363 2648 mihi
390 2617 488 2648 unice
516 2617 651 2657 placet3
681 2626 757 2657 quae
785 2625 852 2646 non

152 2668 330 2700 intellecta
359 2679 378 2700 a
407 2669 552 2700 librariis
586 2679 644 2699 eas
680 2668 850 2700 variantes

152 2719 300 2759 peperit.
354 2718 531 2751 Afraniani
559 2718 852 2760 prosequebantur

153 2778 210 2802 eos
239 2770 493 2802 contumeliosis
526 2769 677 2810 vocibus,
708 2778 763 2801 nec
793 2779 852 2800 non

1485 213 1599 256 1359

901 318 1030 349 scilicet
1057 317 1197 349 dicebant
1227 317 1317 348 inter
1344 316 1422 348 alia.
1467 315 1598 347 Crebra

902 368 996 397 verbi
1020 369 1087 398 dico
1113 373 1166 398 est
1192 367 1338 406 Ellipsis.
1385 365 1471 397 Vide
1497 365 1597 396 modo

900 416 943 446 ad
971 418 1014 447 Β.
1032 418 1071 448 C.
1096 426 1136 448 n.
1152 420 1182 448 3.
1209 417 1248 447 B.
1265 417 1308 447 G.
1338 425 1361 447 1.
1377 418 1428 446 31.
1450 415 1461 432 ‘
1475 413 1596 445 flentes

899 475 934 497 se
966 467 1196 505 projecerunt.
1259 466 1336 497 Non
1372 465 1502 502 minus‚'
1535 465 1596 495 &a

899 516 1021 555 supple
1036 516 1181 546 dicentes.
1210 525 1240 546 c.
1251 518 1302 547 71.
1319 517 1327 533 ⁴
1341 520 1444 555 agunt
1460 516 1598 555 gratias,

900 565 1011 606 quod‚'
1032 568 1094 595 ὄις.
1118 566 1126 581 ‘
1142 566 1267 596 Eorum
1294 576 1329 596 se
1358 566 1524 597 beneficio
1550 567 1598 597 vi—

900 615 989 646 vere’
1004 615 1137 646 scilicet
1152 616 1250 647 (siunt.
1275 617 1313 647 B.
1331 617 1404 647 Civ.
1422 625 1477 647 ur.
1495 619 1547 647 19.
1565 616 1598 647 in

899 665 922 698 f.
938 677 966 697 c.
982 668 1033 697 22.
1089 665 1190 696 Adde
1218 667 1319 696 ctiam
1345 672 1465 697 notata
1489 667 1529 697 ad
1555 667 1597 698 Β.

900 717 999 748 Alex.
1027 726 1058 748 c.
1086 720 1139 748 59.
1161 717 1439 756 ‘concurrerunt‚
1467 721 1504 747 ut
1533 716 1598 747 sibi

899 765 1104 807 confligendi
1142 771 1294 807 potestas
1333 766 1497 797 daretur!
1556 767 1597 797 B.

901 816 998 857 Hisp.
1016 827 1045 848 c.
1063 820 1115 848 22.
1138 817 1190 848 ‘ei
1207 826 1324 847 manus
1341 816 1513 847 intentare
1532 826 1597 847 coe—

900 872 1036 907 perunt,
1060 867 1148 898 illius
1177 877 1283 907 opera
1308 877 1344 898 se
1375 865 1526 906 perisse,'
1552 876 1598 897 sc.

897 918 1041 949 dicentes.
1065 917 1164 948 Adde
1179 917 1248 948 Cel.
1265 917 1382 947 Burm.
1400 916 1442 946 ad
1459 916 1599 947 Petron.

899 977 929 998 c.
948 970 1000 999 33.
1027 978 1060 1008 p.
1080 971 1152 999 132.
1198 967 1373 998 Drakenb.
1390 967 1430 997 ad
1457 966 1530 998 Liv.
1549 975 1600 998 lv-

899 1020 951 1048 20.
974 1019 1034 1059 §⁷.
1050 1023 1085 1049 et
1100 1019 1194 1049 Cort.
1213 1017 1255 1047 ad
1272 1018 1410 1048 Sallust.
1427 1017 1529 1048 Catil.
1545 1019 1598 1047 21.

898 1069 959 1107 §3.
976 1069 1029 1099 36.
1045 1071 1082 1099 3.v
1120 1068 1201 1108 Jug.
1224 1070 1277 1097 70.
1299 1071 1330 1097 5.
1356 1069 1408 1098 71.
1427 1065 1458 1097 5.
1477 1069 1549 1097 109.
1567 1068 1598 1097 3.

897 1119 906 1134 ‘
918 1117 1005 1148 Post
1021 1117 1110 1149 diem
1125 1118 1292 1148 decimum
1306 1116 1417 1147 redire
1428 1116 1540 1156 jubet,
1558 1124 1598 1146 ac

897 1166 980 1198 nihil
993 1168 1094 1198 etiam
1108 1177 1198 1198 nunc
1211 1165 1415 1197 decrevisse’
1440 1175 1489 1197 sc.
1505 1164 1601 1205 dicits:

896 1221 933 1248 et
947 1216 996 1248 ita
1010 1217 1206 1258 soepissime.

941 1269 980 1298 11
1005 1267 1317 1307 Animadverterunt]
1362 1267 1402 1298 In
1418 1265 1515 1297 Leid.
1531 1274 1599 1297 sec.

898 1320 934 1347 et
956 1317 1064 1357 Bong.
1090 1317 1223 1347 omnium
1249 1318 1370 1347 advert.
1396 1315 1486 1346 unde
1513 1315 1600 1347 bene

899 1364 1121 1405 subodoratus
1138 1370 1191 1396 est
1216 1366 1384 1397 Gruterus
1401 1365 1434 1395 in
1452 1364 1599 1405 antiquis

899 1415 1072 1447 codicibus
1084 1414 1188 1446 fuisse
1202 1416 1339 1446 animum
1351 1416 1470 1445 adt-ert.
1482 1424 1492 1450 ,·
1523 1422 1601 1444 nam

900 1465 948 1496 sic
970 1465 1097 1497 diserte
1124 1466 1287 1497 exhibent
1304 1466 1430 1496 Lovan.
1453 1469 1488 1495 et
1506 1464 1600 1495 Leid.

899 1515 1026 1555 primus
1054 1525 1130 1547 cum
1156 1516 1332 1547 Vossiano.
1377 1515 1498 1546 Paullo
1520 1519 1600 1555 post

898 1565 988 1596 idem
1018 1565 1115 1597 Leid.
1146 1576 1196 1607 pr.
1235 1567 1408 1606 eleganter
1440 1568 1600 1606 putarent.

898 1616 987 1648 Vide
999 1616 1041 1647 ad
1053 1626 1098 1647 vr.
1110 1619 1161 1648 11.
1176 1617 1279 1657 Apul.
1290 1617 1379 1648 Met.
1393 1616 1414 1646 1.
1430 1625 1486 1646 111.
1499 1625 1532 1656 p.
1545 1618 1599 1647 44.

900 1667 1065 1708 ‘populus
1092 1672 1290 1708 conseptum
1316 1666 1510 1707 complevit,
1532 1665 1601 1696 adi-

899 1722 953 1749 tus
970 1718 1071 1749 etiam
1087 1716 1321 1758 stipaverant.'

943 1776 1027 1798 Lxx.
1059 1770 1080 1798 9
1103 1768 1158 1798 Ex
1192 1767 1313 1806 magnis
1347 1766 1473 1806 rupibus
1493 1768 1600 1795 nactus

895 1817 1077 1858 planiciem]
1130 1818 1317 1858 Postquam
1345 1816 1469 1857 aliquid
1499 1815 1602 1855 spatii

900 1877 1002 1908 rupes
1019 1873 1241 1908 occuparunt,
1259 1867 1413 1907 proxima
1439 1865 1504 1896 fuit
1530 1866 1601 1905 pla·

899 1917 1018 1957 nicies,
1047 1922 1085 1947 ut
1114 1922 1210 1947 recte
1238 1917 1387 1956 explicat
1414 1917 1512 1948 Joau.
1542 1916 1601 1946 Fr.

901 1968 1093 2000 Gronovius
1109 1968 1192 1999 Obs.
1211 1977 1261 1998 lv.
1278 1970 1331 1998 20.
1376 1968 1431 1997 Sic
1447 1966 1601 1998 Justinus

901 2027 967 2050 ΧΠ.
984 2021 1036 2049 10.
1052 2021 1082 2049 1.
1107 2018 1116 2035 ‘
1129 2018 1251 2058 Itaque
1278 2028 1320 2048 ex
1346 2026 1467 2057 magna
1483 2016 1602 2056 despe-

902 2068 1034 2098 ratione
1049 2067 1185 2098 tandem
1200 2067 1301 2097 saluti
1315 2066 1491 2097 redditus]
1520 2065 1601 2096 Vel—

901 2118 986 2149 leius
1011 2118 1213 2149 Paterculus
1230 2126 1255 2148 1.
1272 2120 1322 2148 12.
1346 2117 1418 2147 ‘Ex
1441 2125 1602 2157 provoca-

902 2169 1006 2208 tione,
1023 2169 1096 2209 ipse
1112 2168 1261 2199 modicus
1291 2167 1426 2207 virium,
1447 2167 1601 2198 immanis

901 2218 1144 2260 magnitudinis
1159 2219 1288 2249 hostem
1306 2216 1495 2249 interemit!
1512 2217 1601 2247 Vide

901 2269 1004 2300 etiam
1032 2273 1140 2299 notat.
1169 2267 1210 2299 ad
1237 2268 1378 2308 hujusce
1404 2267 1482 2298 libri
1501 2276 1530 2298 c.
1546 2269 1599 2298 46.

901 2319 1013 2350 Dacis.

944 2378 1045 2402 Lxx1.
1074 2372 1112 2401 13
1136 2369 1247 2409 Aliquo
1275 2367 1352 2407 loco]
1406 2367 1508 2397 Prior
1536 2374 1601 2397 vox

903 2421 981 2452 Pet.
1011 2421 1230 2452 Ciacconium
1267 2417 1423 2457 offendit,
1460 2426 1526 2457 qua
1560 2416 1601 2447 de

901 2480 1006 2502 causa
1030 2470 1213 2511 legendum
1240 2468 1392 2509 conjecit
1418 2478 1501 2507 aequo
1527 2468 1601 2497 Ioco.

901 2520 969 2551 Sed
995 2521 1059 2551 Ms.
1077 2520 1214 2551 Nox-vic.
1238 2519 1376 2550 exhibet
1392 2519 1453 2548 alio
1477 2518 1551 2553 loco,
1568 2520 1603 2546 et

901 2570 988 2601 hanc
1013 2579 1092 2601 sane
1119 2570 1335 2610 scripturam,
1350 2569 1384 2598 ni
1408 2566 1518 2605 fallor,
1534 2575 1602 2595 om-

903 2628 963 2650 nes
990 2629 1120 2651 mecum
1149 2619 1353 2660 probabunt.
1379 2616 1489 2647 Dacis.
1534 2613 1603 2645 Sed

903 2673 939 2700 et
965 2669 1066 2709 aliquo
1095 2670 1159 2700 loco
1186 2669 1273 2700 idem
1305 2668 1406 2707 plane
1432 2671 1483 2697 est
1511 2665 1602 2706 quod

902 2720 964 2751 alio
993 2721 1055 2751 loco
1085 2722 1139 2752 vel
1168 2721 1228 2751 alio
1258 2720 1358 2758 aliquo
1387 2720 1474 2755 Ioco;
1499 2723 1601 2758 atque

903 2771 1005 2802 etiam
1022 2772 1221 2813 elegantius.
1240 2770 1346 2801 Clark.
1385 2770 1492 2801 Bene.
1509 2767 1601 2801 Hinc
