1818 3131
317 205 528 237 1AB.x]L
559 197 859 237 car.77.nn
895 207 1047 238 nunno
1080 208 1306 239 CALLHXL

92 295 217 328 Eliens.
246 300 282 328 ct
310 297 431 335 Vossii,
466 302 501 329 et
540 297 648 328 Editt.
687 298 784 328 Rom.

94 347 201 377 Clark.
245 346 354 378 Abest
370 348 412 386 ab
431 349 510 379 Mas.
533 347 684 378 omnibus
701 357 787 388 prae-

95 401 149 427 ter
166 397 282 437 Cujac.
299 398 421 437 Scalig.
440 397 533 428 Leid.
555 407 606 437 pr.
623 397 736 428 Oxon.
751 402 786 428 et

91 445 276 482 Audinum,
311 447 391 478 item
419 447 461 477 ab
492 446 580 478 Edd.
608 447 723 487 primis
752 453 787 478 et

91 497 232 527 vascos.
259 497 380 536 Stcpli.
407 497 556 537 aliisque.
614 497 681 528 Sed
711 497 787 528 vide

92 551 204 580 tamen
220 547 262 578 ad
280 556 320 578 ιι.
340 550 387 578 19.
410 549 418 564 ‘
438 548 491 579 Ita
520 554 557 579 ut
582 549 669 579 intra
686 549 786 579 silvas

93 599 198 631 aciem
215 599 461 630 constituerat!
499 600 567 630 Ubi
584 600 670 630 male
688 600 789 631 Davi-

90 648 156 679 sius
171 648 276 689 ejecit
295 648 332 679 τὺ
349 650 404 680 ila.

133 701 151 729 3
177 699 240 729 Pro
252 699 360 739 quibus
373 699 506 740 meritis]
524 700 632 731 Iidem
646 700 789 732 Codices

88 747 226 787 liabent,
249 749 358 789 quibus
374 749 430 779 illc
442 760 499 789 pro
513 750 644 780 meritis.
686 750 790 780 Clark·

89 797 131 828 Id
157 799 263 830 multo
290 800 426 830 suavius
455 809 535 830 sane
568 805 632 831 est.
678 800 789 832 Quare

89 849 290 879 auctoritate
307 849 452 880 omnium
469 849 644 889 Codicum,
659 855 786 890 praeter

91 907 175 938 quos
189 898 288 929 modo
303 899 481 935 nominavi,
505 904 539 930 et
561 899 647 930 Edd.
671 901 792 942 prima·

90 955 177 985 rum,
200 946 407 989 suffragante
432 949 534 980 etiam
562 949 614 980 Cl.
638 950 791 989 Wasseo,

92 995 126 1027 id
145 998 289 1037 reposui.
613 1003 615 1006 '

133 1049 153 1077 9
178 1048 303 1078 Coactis
333 1049 467 1088 equiunn
499 1058 566 1080 vru
590 1050 736 1088 millibus,
759 1054 788 1080 et

89 1097 227 1137 peditum
239 1097 347 1138 ccxz]
359 1099 413 1129 Sic
430 1099 499 1130 Jul.
515 1100 632 1129 Celsus
647 1109 678 1140 p.
695 1102 786 1131 154.:

90 1147 137 1178 sic
154 1151 188 1178 et
204 1156 318 1178 omues
335 1148 442 1178 Codd.
460 1149 521 1179 uisi
537 1149 625 1189 quod
645 1149 789 1190 antiqui-

93 1201 147 1227 tus
174 1197 327 1237 impressi
348 1197 494 1229 habeant
518 1198 632 1228 coactis
655 1199 790 1239 equitum

92 1256 146 1278 vn
164 1247 314 1278 millibus.-
351 1253 385 1278 at
414 1253 506 1279 totns
533 1249 708 1280 Gallorum
732 1258 792 1279 nu-

93 1307 217 1337 merus,
238 1299 265 1329 si
291 1302 327 1329 et
342 1308 457 1330 eorum
474 1300 639 1331 rationem
656 1300 792 1338 babeas,

93 1349 152 1390 qui
164 1358 240 1380 cum
253 1349 533 1389 Vercingetorige
546 1355 643 1380 eraut
656 1350 698 1380 ad
714 1350 792 1381 Ale-

94 1399 188 1435 siam,
210 1407 361 1430 ccxxxn
376 1399 478 1429 millia
493 1397 641 1438 conficit,
656 1399 740 1429 adeo
756 1403 795 1430 ut

93 1449 147 1480 vel
176 1449 264 1480 ultra
288 1458 460 1479 numerum
480 1449 680 1489 imperatum
697 1450 794 1480 mise-

94 1498 163 1529 rint
187 1499 355 1529 nonnullae
373 1499 540 1537 civitates,
563 1499 616 1529 vel
641 1499 674 1529 in
696 1504 793 1530 notas

91 1548 279 1579 numerales
308 1548 485 1588 irrepserit
512 1549 638 1580 vitium.
683 1549 793 1580 Dat-is.

98 1607 149 1628 vn
164 1598 266 1629 etiam
280 1599 386 1629 Dorv.
403 1607 440 1628 vr
452 1599 582 1630 Duker.
600 1608 669 1630 xm
681 1600 793 1630 Oxou.

95 1648 188 1679 Dein
212 1648 349 1688 peditum
376 1657 439 1679 ccl.
463 1649 558 1680 Leid.
577 1659 626 1690 pr.
647 1651 737 1681 Scal.
758 1655 793 1681 et

96 1698 295 1731 Oxon.cu1n
310 1700 433 1730 Orosio
451 1710 497 1732 vr.
512 1704 562 1733 11.
580 1709 667 1732 CCLx
680 1702 792 1733 Samb.

96 1749 178 1781 Cod.
194 1758 298 1780 ccxm
316 1750 399 1790 legit
417 1761 593 1791 perperam
610 1752 794 1782 Hotoman-

94 1808 178 1834 ιιιιε..
228 1800 310 1830 Tum
347 1801 435 1830 enim
471 1800 621 1832 abundat
656 1802 792 1832 circiter.

96 1849 202 1880 Recte
220 1859 299 1880 vero
315 1850 477 1880 Davisius
502 1850 535 1880 in
563 1850 652 1881 curiS
675 1860 793 1881 secun-

95 1900 146 1932 dis
169 1901 289 1940 voluit,
313 1911 407 1932 suam
431 1906 545 1932 notam
570 1901 690 1940 deleri,
715 1902 794 1943 quia

94 1950 226 1982 scilicet
250 1950 429 1991 didicerat,
452 1960 469 1982 e
497 1951 669 1990 Glareani,
695 1961 793 1992 quem

95 2001 243 2041 consule,
264 2006 299 2032 et
316 2001 443 2032 Clarkii
461 2001 713 2041 computatione
736 2010 794 2032 nu-

96 2059 224 2082 merum
240 2051 326 2082 bene
343 2051 537 2082 convenire.

140 2103 177 2131 11
205 2101 493 2131 Constituebuntur:
518 2101 635 2138 Comio,
650 2100 717 2140 Qu]
742 2100 797 2131 lta

96 2150 198 2182 etiam
215 2151 358 2182 Graecus
373 2155 408 2181 et
425 2151 551 2182 Celsus.
587 2152 713 2182 Verum
730 2151 798 2181 Αιι-

98 2200 169 2230 din.
187 2199 283 2230 Leid.
300 2208 351 2240 pr.
369 2200 486 2240 Cujac.
513 2205 547 2231 et
576 2201 700 2241 Scalig.
725 2201 796 2232 haec

99 2251 146 2283 ita
194 2251 390 2291 concipiunt
434 2262 485 2292 pr.
534 2253 798 2283 constituebantur

102 2300 258 2331 Commius
273 2301 419 2338 Atrebas,
446 2302 655 2333 Viridomarus
669 2305 698 2333 et
716 2303 798 2342 Epo-

99 2351 226 2382 redorix
257 2350 364 2381 ιέάυί.
404 2351 636 2390 Vergasilauno,
659 2352 710 2390 85⁶.
750 2351 798 2382 At

101 2410 291 2442 perperam.
336 2400 472 2432 Confer.
499 2411 528 2433 c.
556 2404 609 2432 79.
639 2406 675 2432 et
698 2404 796 2432 c.83.

100 2452 110 2468 ‘
126 2452 420 2492 Vei-gasilaunum,
448 2462 549 2483 uuum
574 2462 618 2482 ex
644 2461 681 2482 lv
707 2451 798 2483 duci·

101 2499 185 2533 bus!

105 2586 108 2589 ¹
145 2553 184 2581 18
209 2551 391 2581 Praesertim
418 2551 548 2592 ancipili
573 2551 697 2591 proelio]
733 2551 799 2582 An·

101 2610 170 2642 ceps
194 2601 333 2641 proelium
363 2601 416 2632 hic
442 2602 583 2633 denotat
607 2612 753 2643 pugnam
780 2612 800 2632 a

104 2654 199 2691 tergo
215 2655 250 2690 et
263 2660 283 2681 a
305 2651 417 2683 fronte
433 2652 627 2685 instantem.
672 2652 800 2684 Noster

104 2699 148 2731 B.
161 2700 236 2731 Civ.
252 2709 310 2731 ιιι.
325 2704 379 2732 72.
413 2702 422 2718 ‘
437 2702 516 2733 Non
543 2702 591 2732 illi
615 2702 799 2743 ancipitem

107 2753 269 2782 terrorem
292 2751 383 2782 intra
408 2755 572 2794 extraque
598 2752 801 2784 munitiones

1423 200 1536 242 1955

837 310 945 333 causae
984 302 1087 334 fuisse
1131 301 1349 343 cogitabant)
1394 304 1534 334 Curtio-i

839 359 893 382 ιιι.
910 354 940 381 7.
954 355 985 382 9.
1008 354 1016 369 ‘
1035 353 1100 383 Ubi
1117 353 1301 390 circumiri,
1324 352 1378 383 ubi
1395 354 1537 393 ancipiti

838 401 910 430 acie
933 403 1038 440 premi
1062 403 1221 443 posscnt.'
1266 402 1351 433 Vide
1377 408 1412 434 et
1435 403 1536 434 Corn.

840 451 1010 490 Nepotem
1029 453 1166 482 Datam.
1184 462 1213 483 c.
1229 455 1259 482 7.
1277 455 1310 482 3.
1354 452 1464 484 Duris.

881 504 1050 532 LxxvnA
1068 502 1536 542 Acrariis‹1icei³sm1t.]Leid.

837 560 906 581 sec.
917 554 962 581 et:
973 551 1032 581 sed
1047 551 1170 582 Andin.
1186 553 1298 583 Oxou.
1309 554 1428 593 Cujac.
1444 552 1538 584 Leid.

839 601 937 641 prim.
956 605 991 631 et
1006 601 1160 632 vossian.
1189 607 1269 633 tert.
1292 604 1372 642 apud
1395 613 1468 642 quos
1488 613 1539 633 ra-

840 650 899 681 riis
912 652 942 681 d.
958 654 1051 681 sent:
1079 651 1168 691 quod
1194 652 1344 691 recipere
1363 661 1426 682 non
1445 652 1539 682 ‹lubi-

841 700 923 731 tavi.
961 701 1074 731 Dicere
1087 701 1282 739 sententiam,
1298 711 1444 739 caussam,
1459 703 1540 741 apud

839 754 1004 790 senatores,
1029 750 1163 791 judices,
1184 752 1236 790 &a
1269 752 1477 782 creberrimo
1504 753 1536 782 in

841 809 902 831 usu
919 805 982 831 est.

884 853 904 881 8
929 851 1033 881 Natus
1047 850 1124 890 loco]
1149 851 1334 891 Mss.1zeg.
1354 851 1477 883 Eliens.
1500 857 1536 883 et

839 901 947 931 Vossii
981 904 1077 931 ortus.
1125 902 1234 933 Clark.
1282 902 1381 932 Oreus
1419 912 1536 933 exara-

843 955 897 981 tur
913 960 1045 992 quoque
1061 952 1093 982 in
1111 952 1274 991 Bongars.
1290 961 1340 992 pr.
1351 951 1537 986 Vossianis.

843 999 990 1039 Andino,
1028 1000 1140 1031 Oxon.
1180 1001 1300 1031 Petav.
1352 1001 1449 1032 Leid.
1488 1011 1540 1041 pr.

843 1050 968 1080 Lovan.
1000 1049 1167 1089 Egmund.
1203 1049 1365 1090 Gottorp.
1406 1051 1541 1081 Carrar.

841 1100 958 1140 Stepb.
975 1104 1010 1131 et
1026 1101 1160 1131 Duker.
1189 1104 1271 1130 cetus
1293 1100 1385 1131 Leid.
1404 1104 1485 1130 tert.
1506 1103 1540 1130 et

843 1148 906 1180 Ed.
937 1149 1010 1180 Ine.
1041 1154 1200 1188 corrupte
1230 1158 1291 1189 pro
1321 1152 1417 1187 ortus,
1451 1149 1539 1189 quod

843 1198 1011 1229 Mstorum
1052 1207 1234 1229 consensus
1273 1197 1452 1229 restituere
1486 1207 1539 1228 me

835 1249 950 1289 jussit.
994 1248 1034 1280 Id
1075 1249 1149 1289 plus
1178 1253 1275 1279 notat
1312 1257 1411 1288 quam
1437 1251 1539 1278 natus.

843 1299 974 1337 Celsus,
996 1298 1029 1328 in
1053 1308 1120 1339 quo
1138 1298 1226 1328 male
1247 1298 1390 1337 Tritogn.
1414 1297 1540 1337 editur,

842 1348 928 1386 origo
944 1348 989 1378 ini
1005 1347 1160 1385 Arverna,
1176 1348 1292 1377 clarum
1306 1356 1412 1385 genus,
1461 1347 1542 1378 Pas-

843 1397 904 1427 sim
926 1397 935 1413 ‘
951 1402 1045 1427 ortus
1061 1406 1102 1427 ea
1118 1395 1266 1434 familia,'
1292 1398 1300 1412 ‘
1319 1396 1417 1427 claris
1433 1398 1538 1436 patri·

845 1445 927 1485 bus,’
949 1447 957 1462 ‘
975 1446 1048 1477 loco
1069 1446 1220 1485 summo,'
1242 1447 1251 1463 ‘
1269 1445 1432 1486 obscuro,'
1454 1447 1464 1463 ‘
1479 1447 1540 1477 bu-

843 1496 937 1527 mili.'
997 1496 1096 1529 Quod
1128 1507 1145 1527 c
1177 1497 1258 1526 Mss.
1296 1495 1542 1527 restituendum

844 1546 933 1586 Nep.
952 1547 1089 1578 Datam.
1104 1556 1134 1577 c.
1151 1550 1181 1577 2.
1219 1548 1227 1563 ‘
1244 1546 1360 1586 Tliyus
1384 1545 1542 1586 dynastes

844 1597 965 1637 l'aplil.
987 1597 1125 1637 antiquo
1149 1606 1288 1636 genere,
1311 1602 1405 1628 ortus
1428 1605 1448 1627 a
1475 1596 1543 1637 Py-

844 1646 1008 1685 laemene,'
1031 1647 1130 1687 vulgo
1147 1650 1246 1677 natus.

888 1699 924 1727 ll
952 1696 1057 1736 Neque
1073 1698 1113 1727 ad
1129 1696 1306 1735 concilium]
1323 1696 1379 1727 Sic
1397 1696 1545 1727 restitui·

843 1756 924 1776 mus.
984 1747 1025 1777 In
1071 1747 1215 1787 vulgatis
1257 1750 1331 1777 erat
1371 1745 1542 1776 cons-ilium.

843 1797 935 1828 Male
950 1808 955 1826 :
981 1798 1176 1828 concionem
1194 1797 1281 1828 enim
1296 1795 1477 1837 significat,
1503 1802 1539 1827 et

844 1851 938 1877 recte
962 1847 1104 1878 Graecus
1121 1846 1299 1886 utrobique
1316 1846 1420 1876 habet
1436 1846 1545 1882 ἐκκλη·

843 1897 924 1928 aiau.
969 1898 1084 1929 Dat-is.

887 1952 925 1979 15
951 1948 1118 1989 Mollities]
1153 1947 1208 1979 Sic
1229 1946 1364 1989 quidem
1387 1953 1546 1978 exaratur

844 1998 878 2028 in
908 1999 1004 2029 Carr.
1031 1998 1168 2028 Duker.
1197 1999 1304 2029 Dorv.
1337 1997 1434 2028 Leid.
1474 2007 1543 2028 sec.

845 2047 957 2078 forsan
972 2051 1008 2077 et
1024 2047 1056 2077 in
1073 2047 1191 2087 Cujac.
1207 2056 1246 2077 ac
1263 2046 1384 2086 Scalig.
1401 2050 1439 2076 ut
1453 2046 1544 2087 apud

845 2098 981 2129 Terent.
1000 2098 1087 2128 Eun.
1106 2106 1146 2128 11.
1159 2100 1188 2128 1.
1208 2100 1258 2128 16.
1275 2107 1304 2128 c.
1317 2100 1368 2128 20.
1382 2096 1391 2112 ‘
1404 2101 1546 2137 propter

846 2147 947 2178 animi
975 2148 1153 2178 mollitiem
1168 2147 1186 2178 2’
1211 2147 1267 2178 ubi
1283 2146 1371 2178 Edd.
1389 2146 1544 2188 quaedam

844 2199 1017 2230 mollitiam.
1062 2198 1131 2229 Hic
1158 2208 1240 2229 vero
1266 2198 1404 2229 molestia
1429 2202 1546 2229 exstat

845 2248 879 2279 iu
896 2249 981 2280 Mss.
995 2253 1074 2280 octo
1090 2253 1125 2279 et
1141 2248 1248 2288 Bong.
1266 2259 1284 2279 a
1300 2258 1344 2279 m.
1369 2258 1421 2289 pr.
1445 2248 1502 2289 qui
1525 2258 1547 2279 a

844 2308 945 2329 manu
960 2299 1190 2330 emendatrice
1200 2299 1272 2338 jam
1284 2298 1387 2329 babet
1398 2297 1541 2329 mollitia.

846 2350 889 2380 Et
917 2350 965 2380 ita
1007 2350 1041 2380 in
1074 2349 1308 2380 vetustissimis
1334 2352 1487 2380 remanet
1508 2348 1547 2379 li-

846 2398 928 2439 bris,
951 2398 1098 2439 Andino,
1132 2400 1254 2431 Petav.
1290 2398 1477 2431 Oxoniensi
1505 2407 1545 2428 nc

847 2450 942 2481 Leid.
968 2450 1077 2490 primo
1103 2454 1140 2481 et
1163 2450 1249 2481 Edd.
1278 2450 1378 2481 Rom.
1401 2448 1545 2480 Mediol.

846 2500 931 2532 Ven.
947 2499 1072 2532 Confer
1085 2501 1136 2533 Cl.
1152 2501 1282 2532 Duker.
1294 2500 1336 2531 ad
1347 2500 1436 2531 Flor.
1452 2508 1501 2529 ιν.
1512 2501 1544 2528 2.

846 2552 864 2591 ξ
889 2553 942 2581 24.
980 2553 990 2568 ‘
1007 2561 1066 2591 pro
1100 2551 1243 2582 mollitie
1280 2550 1421 2582 nominis
1435 2548 1455 2580 :’
1488 2547 1545 2578 ubi

848 2601 950 2632 etiam
983 2606 1052 2632 tres
1089 2601 1244 2633 Vossiani
1285 2601 1368 2631 dant
1403 2598 1545 2629 mollitia.

849 2651 921 2682 Cic.
936 2651 978 2682 de
993 2651 1086 2683 finib.
1104 2662 1128 2683 1.
1146 2655 1197 2683 10.
1219 2654 1228 2668 ‘
1245 2650 1368 2683 Officia
1383 2650 1545 2680 deserunt

847 2702 987 2733 mollitia
1016 2703 1140 2734 animi!
1196 2702 1252 2733 Sic
1279 2705 1314 2732 et
1338 2699 1473 2742 planitia
1502 2699 1548 2732 B.

849 2752 924 2783 Civ.
940 2761 964 2783 ι.
979 2755 1033 2784 43.
1509 2769 1515 2777 .
