1872 3115
267 161 354 204 962

266 270 348 298 tert.
366 271 401 297 et
417 265 480 297 Ed.
505 265 662 297 Incerta:
689 263 777 304 quod
800 262 905 294 miror
927 261 970 293 ab

266 317 500 358 Interpretum
517 315 650 346 nemine
670 324 688 345 e
711 313 778 345 suis
795 313 878 344 Mss.
895 323 970 345 esse

266 368 452 400 monitum:
479 376 579 406 quum
597 371 710 396 tamen
734 365 795 404 ita,
811 369 846 396 et
865 367 972 405 patres

259 418 398 457 sumiliae
415 417 504 457 loqui
531 425 607 446 cum
630 415 704 446 aliis
728 420 818 446 amet
842 414 970 454 Caesar,

268 474 307 500 nt
330 478 347 499 e
375 468 458 498 Mss.
484 465 678 497 docebimus
700 474 749 497 vr.
765 467 817 496 19.
841 469 876 496 et
898 465 970 506 jam

267 520 463 560 adtigernnt
480 518 620 548 Vossius
645 517 687 548 ad
713 517 751 548 B.
770 517 813 549 G.
838 525 902 547 vu.
918 520 971 548 26.

269 575 305 600 et
324 568 480 600 Davisius
506 567 548 598 ad
576 576 641 597 νιι.
658 570 711 598 47.
728 569 780 597 48.
800 566 856 597 nbi
871 566 969 597 vide:

269 618 319 650 sic
336 617 437 648 etiam
462 617 560 657 vulgo
590 617 627 647 B.
658 617 732 648 Civ.
755 625 794 647 11.
816 618 848 646 4.
871 618 880 632 ‘
900 616 973 646 Ma-

269 674 360 700 trum
376 666 511 698 familias
530 668 694 707 virginum
719 666 878 705 precibus
894 665 914 695 ι’
939 670 972 695 et

269 727 300 750 c.
314 720 367 749 44.
386 717 532 748 ‘milites
547 722 727 757 patresque
739 714 894 746 familiae!
912 715 974 745 Lo-

269 768 341 800 cuti
366 768 469 798 etiam
500 768 548 798 ita
577 772 655 798 suut
680 767 735 797 alii
765 772 911 803 veteres,
938 770 973 795 nt

269 818 493 849 Grammatici
507 822 599 848 recte
616 816 847 847 adverterunt.
886 815 974 845 Vide

270 868 372 898 etiam
391 868 539 905 Festum,
563 871 597 897 et
621 867 757 897 omnino
783 866 816 898 J.
833 866 870 896 F.
889 865 975 896 Gro-

270 917 405 948 novium
433 916 475 947 ad
503 916 632 947 Livium
658 924 785 946 xxxw.
804 918 835 946 2.
871 915 975 956 Apud

268 968 384 998 Valer.
404 968 497 998 Max.
515 977 547 998 v.
572 970 603 998 2.
629 970 658 997 1.
684 968 768 998 Mss.
786 967 923 998 Daniel.
940 971 976 998 et

270 1018 370 1050 Harl.
400 1019 408 1033 ‘
428 1023 535 1048 mater
560 1016 696 1048 familiae
713 1017 732 1046 :'
757 1022 815 1047 aut
843 1025 923 1047 vur.
946 1019 975 1047 l.

271 1071 323 1100 12.
348 1069 380 1098 in
409 1067 526 1098 Absol.
553 1072 587 1098 et
611 1068 658 1098 sic
687 1067 784 1097 Harl.
813 1072 849 1097 et
880 1067 974 1097 Leid.

271 1118 381 1150 Codd.
399 1118 478 1149 ibid.
498 1118 531 1147 in
551 1117 648 1148 Amb.
667 1118 683 1157 ξ
708 1120 739 1148 2.
769 1116 856 1147 Vide
873 1116 975 1158 etiarn

269 1168 389 1200 Soceri
415 1172 511 1199 notas
534 1167 575 1198 ad
600 1176 665 1198 vn.
683 1170 714 1199 3.
731 1169 747 1208 §
766 1170 795 1198 l.
821 1168 914 1199 Cort.
933 1167 974 1198 ad

271 1217 362 1248 Plin.
382 1219 445 1258 Ep.
464 1227 496 1248 v.
516 1220 566 1247 19.
584 1220 599 1257 ’ς
617 1221 647 1248 2.

316 1271 354 1299 14
382 1267 602 1306 Nonessesas,
617 1268 686 1308 δικ]
718 1267 782 1298 Fas
810 1267 863 1298 hic
880 1268 977 1298 sumi-

272 1324 328 1350 tur
343 1328 403 1359 pro
421 1328 460 1349 co
477 1318 567 1359 quod
584 1317 657 1348 fieri
676 1323 810 1358 potcst;
836 1323 873 1348 nt
886 1318 975 1358 apud

271 1369 489 1400 Lactantium
518 1369 599 1400 Div.
630 1369 713 1400 Inst.
745 1378 784 1399 11.
818 1372 844 1399 l.
882 1370 890 1385 ⁴
909 1370 976 1402 Qui

270 1431 338 1452 non
369 1426 558 1461 agnoscunt
601 1421 728 1451 cultum
773 1421 843 1460 ejus
876 1419 977 1461 (Dei)

273 1481 372 1514 quem
391 1481 527 1512 prorsus
544 1471 691 1509 ignorari
710 1471 752 1500 ab
769 1471 902 1502 bomine
925 1470 976 1501 fas

272 1532 338 1553 non
357 1521 430 1552 est?
461 1521 548 1551 Vide
565 1525 600 1551 et
619 1520 779 1551 Ovidium
797 1521 903 1550 Trist.
921 1530 977 1552 ιιι.

271 1576 304 1604 5.
324 1575 374 1604 16.
421 1572 448 1602 Ε
465 1575 583 1601 contra
606 1569 693 1608 nefas
715 1570 756 1600 ab
781 1570 927 1601 Horatio
943 1574 977 1600 et

274 1623 442 1654 Cicerone
459 1621 587 1652 dieitur
602 1621 644 1651 de
662 1630 696 1650 re
715 1620 813 1660 plane
829 1618 976 1658 ἀδυνάτῳ.

274 1673 420 1704 Consule
455 1672 501 1702 D.
533 1671 731 1701 Lambinum
761 1669 804 1700 ad
842 1669 979 1701 Horatii

274 1723 343 1754 Od.
360 1731 384 1753 1.
405 1725 454 1752 ll.
476 1724 503 1752 l.
552 1721 664 1751 Dat-is.

318 1780 367 1803 ιι.
395 1775 411 1802 1
440 1769 761 1809 Praesidio-relicto,
777 1779 890 1809 omnes,
911 1768 979 1808 Era]

274 1823 340 1855 ΜΒ.
374 1823 459 1861 Reg.
491 1825 526 1852 et
556 1820 648 1851 Edit.
676 1821 772 1851 Rom.
800 1819 980 1860 praesidium

272 1872 467 1913 --reliquit;
490 1881 602 1909 omnes,
617 1872 669 1911 850.
715 1872 800 1903 Quas
817 1874 852 1900 et
869 1869 980 1900 verior

275 1933 348 1954 esse
367 1923 469 1953 lectio
493 1921 638 1952 videtur.
673 1921 811 1961 Quippe
835 1925 870 1951 et
895 1920 979 1951 Mss.

274 1973 387 2004 Vossii
403 1972 543 2010 liabent,
559 1972 706 2012 reliquit‚·
729 1976 763 2002 et
786 1971 852 2001 Ms.
870 1970 981 2001 Ellen-

275 2024 320 2055 sis
347 2027 522 2063 corrupte,
550 2023 718 2062 reliquisse.
745 2023 853 2052 Clark.
893 2022 981 2052 Prae-

272 2075 351 2105 sn'dio
368 2075 475 2105 relicto
492 2073 627 2104 videtui·
651 2074 776 2113 primus
792 2072 981 2113 reposuisse

274 2124 426 2163 Scaliger
450 2134 468 2154 e
496 2123 622 2154 Codice
653 2123 780 2162 Ursini,
804 2127 906 2163 atque
934 2122 982 2153 ita

275 2175 460 2214 saepissime
493 2174 643 2214 loquitur
684 2175 808 2205 Caesar.
854 2174 980 2204 Verum

274 2229 404 2265 praeter
439 2224 708 2255 recentissimum
749 2224 857 2264 Bong.
899 2227 980 2255 tert.

275 2284 426 2305 meorum
450 2275 559 2305 nullus
577 2274 649 2305 haec
668 2274 835 2314 agnoscit,
852 2273 910 2305 sed
927 2274 981 2305 vel

272 2324 455 2365 praesidium
478 2325 615 2364 reliquit,
640 2329 677 2353 ut
703 2324 828 2354 liabent
850 2327 981 2354 veteres

275 2373 369 2406 Editi
395 2374 512 2413 etium,
537 2374 588 2403 vel
609 2374 757 2414 praesidz‘o
782 2373 918 2413 reliquit,
943 2377 981 2403 ut

276 2429 438 2456 exaratur
470 2425 502 2455 in
534 2425 699 2455 Vossiauo
731 2424 839 2465 primo
866 2428 901 2454 et
931 2432 980 2454 se-

276 2475 388 2506 cundo
405 2485 443 2505 ac
472 2475 626 2505 Leidensi
646 2475 764 2515 primo.
810 2475 929 2512 Recte,
947 2473 979 2503 ni

275 2525 376 2557 fallor
393 2537 400 2556 :
428 2525 566 2565 Reliquit
585 2525 671 2565 illud,
688 2525 776 2565 quod
793 2524 874 2555 satis
892 2523 980 2554 vido-

275 2575 388 2615 batur,
414 2575 557 2615 proesidio
579 2575 712 2605 castris.-
736 2575 784 2605 sic
807 2584 871 2605 esse
887 2574 981 2604 alicui

274 2625 419 2665 proesidio
442 2630 477 2655 ct
502 2624 622 2655 similia
650 2625 771 2664 passim
789 2629 980 2656 occurrunt.

278 2675 355 2707 Hoc
379 2676 436 2716 qui
454 2685 519 2706 non
536 2675 734 2715 capiebant,
753 2678 925 2705 mutarunt
948 2674 981 2704 iu

273 2726 470 2766 prasidimn,
493 2726 546 2757 vel
570 2726 686 2756 relicto.
711 2734 750 2755 ιι.
769 2729 818 2755 29.
855 2726 863 2740 ‘
881 2724 981 2764 Inpe-

277 2775 436 2808 dimentis
466 2777 629 2809 custodia*
661 2785 705 2807 ex
735 2775 801 2807 suis
827 2785 865 2806 ac
897 2784 982 2815 prae-

739 168 880 199 NOTAE
914 168 1174 200 VARIORUM
1211 168 1261 197 ΙΝ

1017 262 1105 294 sidio
1118 272 1166 295 vr.
1174 262 1282 294 millia
1293 261 1465 294 hominum
1477 261 1688 302 reliquerunt
1700 261 1721 294 ι’

1019 315 1076 346 ubi
1092 315 1193 346 etiam
1211 315 1298 346 vide.
1329 323 1362 345 v.
1379 317 1411 346 9.
1428 314 1437 332 ⁴
1456 313 1617 354 praesidio
1628 313 1722 344 navi-

1020 364 1083 395 bus
1100 366 1142 398 Q.
1159 365 1293 396 Atrium
1311 363 1491 405 praefecit.’
1516 373 1548 395 v.
1568 366 1619 394 11.
1643 366 1651 380 ⁸
1666 372 1722 394 co-

1021 415 1094 455 pias
1112 415 1271 455 praesidio
1286 414 1426 445 navibus
1443 413 1604 455 reliquit!
1620 423 1650 444 c.
1668 415 1722 444 32.

1022 466 1032 483 ‘
1051 465 1211 505 praesidio
1235 465 1474 505 inpedimentis
1490 464 1658 504 legionem
1674 472 1724 494 re-

1021 515 1142 556 liquit.y
1165 524 1229 546 vn.
1243 518 1297 546 40.
1314 516 1322 531 ‘
1339 517 1487 554 legatum
1500 513 1620 546 castris
1637 523 1724 553 prae·

1022 565 1109 596 sidio
1125 565 1310 607 relinquit.’
1355 566 1455 597 Adde
1468 575 1499 596 c.
1519 568 1571 596 60.
1590 565 1631 595 B.
1649 564 1724 596 Civ.

1022 624 1047 646 1.
1070 617 1123 646 41.
1160 624 1200 646 ιι.
1229 617 1281 645 39.
1315 620 1351 646 et
1377 616 1512 656 saepius.
1559 615 1648 650 Quod
1675 615 1725 646 ita

1021 665 1159 696 adhibet
1174 666 1295 696 omisso
1311 666 1507 705 pronomine
1520 665 1727 695 demonstra·

1024 715 1093 746 tivo
1109 715 1307 755 sa‘pissime.
1322 724 1378 745 ιιι.
1395 717 1445 744 16.
1469 715 1479 730 ‘
1490 713 1624 744 navium
1637 713 1726 754 quod

1023 764 1148 805 ubique
1165 764 1290 801 fuerat,
1304 763 1511 803 coegerant)
1536 762 1636 793 Adde
1650 772 1682 794 v.
1695 766 1726 794 8.

1025 824 1088 846 vn.
1105 819 1136 845 4.
1153 820 1206 847 52.
1230 821 1265 847 et
1291 826 1374 856 quos
1391 815 1506 846 laudat
1534 813 1727 845 Eruditissi-

1024 875 1097 896 nius
1113 865 1154 897 A.
1170 867 1213 898 V.
1229 866 1395 897 Staveren
1420 865 1462 896 ad
1481 865 1607 905 Nepot.
1623 864 1728 896 Dion.

1025 924 1055 945 e.
1073 918 1102 945 8.

1068 969 1088 996 2
1113 966 1227 997 Omnes
1240 964 1368 1005 alarios]
1395 964 1470 996 Aiae
1484 974 1525 995 ex
1538 963 1638 996 sociis
1650 973 1728 996 con-

1025 1016 1177 1056 stabant,
1200 1017 1248 1048 ita
1272 1017 1386 1055 dictae,
1409 1018 1417 1033 ‘
1436 1016 1526 1057 quod
1542 1016 1668 1046 circum
1685 1016 1728 1046 le-

1026 1066 1143 1106 giones
1180 1066 1305 1097 dextra
1337 1066 1538 1106 sinistraque
1569 1069 1728 1106 tanquam

1027 1116 1087 1146 alae
1106 1117 1138 1146 in
1154 1116 1266 1146 avium
1289 1115 1489 1156 corporibus
1504 1113 1730 1153 locabantur-J

1027 1171 1065 1197 ut
1089 1167 1190 1197 docet
1215 1167 1351 1197 Cincius
1379 1166 1469 1206 apud
1509 1165 1659 1196 Gellium
1684 1164 1729 1195 N.

1027 1216 1103 1248 Att.
1120 1226 1194 1248 xvi.
1209 1219 1240 1247 4.
1287 1217 1376 1247 Vide
1392 1222 1427 1247 et
1441 1217 1474 1248 J.
1488 1216 1638 1256 Lipsium
1656 1215 1732 1246 Mil.

1027 1267 1170 1299 Roman.
1188 1277 1227 1298 11.
1245 1271 1275 1298 7.
1322 1267 1432 1298 Dat-is.

1070 1320 1088 1347 3
1115 1318 1204 1352 Quod
1234 1318 1333 1348 minus
1360 1316 1496 1357 valebat]
1531 1316 1587 1347 Sic
1618 1324 1730 1346 rursus

1028 1368 1231 1398 innovarunt
1247 1367 1371 1398 Veneti
1399 1368 1451 1397 vel
1476 1366 1598 1397 Aldus.
1643 1365 1731 1396 Nam

1029 1419 1159 1458 priores
1176 1417 1264 1448 Edd.
1285 1418 1430 1458 aliaeqne
1452 1416 1567 1447 multat
1593 1420 1628 1447 et
1647 1415 1731 1446 Mss.

1028 1469 1095 1498 inei
1122 1467 1313 1499 octodecim
1344 1467 1469 1498 habent
1501 1477 1568 1506 quo.
1614 1466 1734 1503 Recte,

1027 1518 1268 1548 subintellecto
1284 1527 1317 1547 eo
1332 1518 1442 1557 magis.
1467 1516 1598 1548 Plinius
1610 1524 1686 1547 ΧιΧ.
1701 1519 1731 1547 6.

1029 1567 1308 1607 ‘Grandescunt‚
1340 1577 1406 1608 qno
1435 1567 1559 1607 saepius
1588 1567 1732 1598 sarriun-

1029 1623 1085 1648 tur
1101 1617 1120 1647 :’
1151 1627 1249 1658 quem
1281 1618 1391 1648 locum
1415 1618 1501 1649 citat
1529 1617 1600 1649 Cel.
1628 1616 1664 1649 J.
1693 1616 1730 1647 F.

1031 1667 1182 1698 Gronov.
1205 1666 1248 1697 ad
1266 1667 1345 1698 -Liv.
1368 1676 1392 1698 ι.
1418 1670 1470 1698 25.
1516 1667 1580 1698 Vel
1605 1666 1733 1708 simpli-

1031 1719 1118 1749 citer
1133 1718 1270 1758 ponitur
1286 1727 1346 1758 pro
1360 1718 1503 1757 quoniam
1515 1727 1525 1753 ‚-
1539 1716 1634 1758 qnasi
1647 1726 1732 1757 prae-

1031 1767 1186 1798 cessisset
1201 1777 1244 1797 eo.
1290 1766 1418 1797 Eadem
1432 1766 1584 1797 confusio
1602 1767 1641 1797 B.
1660 1765 1733 1798 Civ.

1031 1827 1056 1849 1.
1074 1821 1126 1848 58.
1150 1818 1158 1834 ‘
1176 1820 1253 1850 Quo
1270 1817 1377 1848 minus
1390 1817 1588 1848 exercitatis
1602 1816 1733 1857 remigi-

1032 1868 1091 1899 bus
1109 1869 1301 1907 utebantur,
1317 1867 1393 1899 &cl
1416 1868 1463 1899 sic
1481 1867 1563 1898 Mss.
1577 1867 1743 1910 meliores*

1031 1919 1085 1949 vel
1101 1919 1165 1959 qui,
1189 1919 1291 1958 vulgo
1313 1919 1402 1958 quod.
1449 1918 1489 1948 B.
1510 1917 1610 1949 Alex,
1632 1927 1662 1948 c.
1679 1919 1733 1948 30.

1031 1971 1039 1987 ‘
1058 1969 1134 2000 Non
1151 1978 1218 2010 quo
1243 1968 1276 1999 id
1302 1967 1439 1999 difficile
1461 1968 1553 1999 factu
1571 1966 1733 2007 putaret!

1033 2021 1117 2052 Mss.
1160 2025 1195 2050 et
1236 2019 1323 2050 Edd.
1354 2019 1506 2059 plerique
1535 2018 1631 2057 quod.-
1658 2016 1734 2048 vide

1033 2071 1136 2101 etiam
1155 2080 1184 2102 c.
1202 2073 1255 2101 35.
1294 2068 1419 2100 Confer
1436 2068 1586 2100 Cortium
1607 2067 1649 2098 ad
1665 2067 1736 2098 Sal·

1033 2122 1113 2152 lust.
1140 2121 1180 2151 B.
1208 2120 1283 2151 Cat.
1311 2129 1341 2149 c.
1366 2122 1418 2149 33.
1443 2122 1452 2134 ⁶
1470 2118 1547 2149 Non
1574 2127 1641 2158 quo
1670 2117 1734 2148 sibi

1033 2172 1120 2203 tanti
1144 2171 1280 2202 sceleris
1307 2169 1483 2206 conscius3
1506 2167 1565 2199 scd
1593 2168 1641 2199 nti
1667 2177 1734 2199 res-

1034 2221 1170 2262 publica
1186 2221 1304 2262 quieta
1320 2219 1433 2250 foret!
1479 2218 1546 2250 Ubi
1564 2218 1590 2249 is
1605 2217 1676 2249 fere
1700 2218 1734 2248 in

1034 2272 1181 2303 Caesaris
1207 2271 1291 2301 Mss.
1316 2280 1373 2310 quo
1399 2274 1599 2310 corruptum
1623 2273 1674 2300 est
1701 2267 1734 2299 in

1033 2323 1111 2361 quod
1129 2332 1135 2351 :
1161 2320 1209 2352 sic
1227 2330 1289 2351 vn.
1304 2324 1358 2359 63,
1371 2323 1434 2352 Sec.

1076 2375 1094 2401 5
1124 2372 1165 2402 [it
1189 2373 1229 2401 «ut
1250 2371 1396 2411 speciem]
1432 2369 1620 2410 Legionarii
1644 2369 1736 2400 vide-

1032 2421 1115 2453 licet
1131 2422 1287 2464 majorem
1305 2421 1439 2453 virtutis
1462 2420 1656 2461 opinionem
1680 2421 1736 2450 ha-

1033 2471 1171 2502 bebant.
1216 2472 1328 2503 Daris.

1076 2526 1095 2553 8
1121 2522 1305 2553 Generatim
1329 2520 1568 2560 constituerunt]
1605 2520 1736 2552 Eodem

1033 2572 1133 2602 modo
1150 2572 1284 2602 Xerxes
1304 2570 1392 2611 apud
1412 2570 1597 2601 Diodorum
1615 2579 1664 2602 xr.
1683 2574 1735 2602 14.

1026 2622 1130 2653 ,Ham
1145 2622 1178 2653 δὲ
1198 2622 1231 2653 αἱ
1250 2620 1379 2661 τριήρεις
1402 2620 1638 2659 διατεταγμέναι
1655 2620 1736 2652 κατὰ

1034 2673 1116 2704 ἔθνος
1133 2673 1210 2712 ἑξῆς,
1219 2672 1270 2703 'lua
1281 2672 1329 2702 διὰ
1340 2672 1398 2708 τὴν
1414 2671 1586 2710 ὁμοφωνίαν
1599 2671 1650 2702 καὶ
1660 2673 1737 2716 ’γνῷ-

1034 2735 1082 2755 σιν
1092 2722 1247 2763 προθύμως
1258 2721 1408 2758 ἀλλήλοις
1421 2724 1584 2758 βοηθῶσιν.
1603 2721 1736 2753 Vossius.

1078 2777 1117 2806 10
1140 2773 1299 2816 Sedusios]
1323 2773 1432 2804 Miror
1449 2773 1667 2805 Ciacconium
1682 2772 1738 2803 Se-
