1818 3131
323 248 527 280 L113.vu.
558 245 665 276 cm.
694 233 765 274 34.
799 243 861 272 nr,
895 242 1050 273 nanno
1082 241 1309 272 GALLico.

87 346 165 388 jn're
191 351 227 378 et
251 344 294 376 de
319 344 385 376 suis
414 341 545 383 legibus
556 338 576 380 ς’
611 343 647 370 et
668 337 790 378 saepius

96 397 186 429 alibi.

140 451 180 480 12
204 447 363 479 Decetiam
374 446 414 476 ad
427 453 460 475 se
475 440 568 480 evoe]
583 439 639 470 Sic
654 437 790 478 egregie

94 498 183 528 hunc
201 498 308 528 locum
325 491 518 525 emendavit
539 489 680 520 Ursinus
697 497 714 518 e
732 496 790 518 suo

96 547 215 578 codice
231 551 266 577 et
281 544 411 584 recepit
423 541 589 581 Scaliger:
605 548 681 570 cum
693 542 792 568 antea

95 603 132 629 et
159 598 192 628 in
220 597 304 627 Mss.
318 594 485 636 plerisque
511 592 683 632 legeretur
698 590 792 620 etium

95 649 135 678 ad
149 657 181 678 se
201 647 310 677 velud
333 654 365 676 se
386 644 492 682 etiam,
508 646 566 673 aut
590 640 792 681 simpliciter

95 698 134 728 ad
148 706 191 728 se.
237 695 397 727 Decetiam
410 693 520 724 inveni
537 700 669 732 quoqne
687 690 718 720 in
735 700 793 730 op-

96 748 187 779 timis
204 748 289 778 Mss.
306 747 468 785 Bongars.
487 743 608 784 primo,
626 742 719 773 Leid.
743 751 793 781 pr.

98 798 219 829 Petav.
248 797 365 837 Cujac.
403 795 566 835 Scaliger.
596 792 731 824 Andino
760 797 794 822 ct

98 848 296 880 Oxoniensi.
341 846 408 878 Sed
434 846 467 876 in
491 844 642 876 omuibus
666 842 732 873 illis
755 852 795 873 co

99 899 229 937 ordine,
244 907 308 939 quo
324 906 412 928 nunc
436 895 583 927 exhibui.
620 894 663 925 In
679 894 795 934 Cujac.

99 952 134 978 et
149 947 270 978 Petav.
288 946 492 984 marginibus
505 945 641 976 additur
653 944 798 981 Decetia,

99 1007 175 1039 quae
203 997 277 1028 aliis
304 997 434 1027 Decisa.
487 995 639 1027 Ortelius
665 1003 797 1034 quoque

98 1048 132 1079 in
148 1047 346 1088 quibusdam
370 1045 537 1086 reperisse
559 1044 740 1076 Codicibus
763 1052 798 1074 se

97 1102 255 1137 testatur,
271 1106 310 1127 ac
327 1096 526 1128 Ciacconius
550 1094 583 1124 in
607 1093 738 1125 duobus
764 1098 799 1124 et

99 1148 132 1179 in
156 1147 362 1188 Stephanico
386 1146 633 1177 Hotomannus.
678 1144 733 1174 De
759 1152 800 1174 ea

100 1198 176 1230 vide
191 1198 292 1230 etiam
307 1197 503 1237 Wesseling.
517 1195 559 1226 ad
572 1194 700 1227 Anton.
716 1193 799 1225 Itin.

102 1259 134 1290 p.
151 1251 226 1280 366.

146 1303 184 1332 15
210 1300 299 1331 Duos
313 1309 352 1331 ex
368 1308 428 1330 una
444 1297 588 1339 familia]
610 1296 677 1328 Ms.
696 1295 801 1328 NorV.

102 1349 207 1381 habet
231 1351 290 1381 duo
313 1360 352 1380 ex
375 1359 436 1379 una
452 1349 604 1386 familia;
637 1347 806 1387 ἆρχαῖκῶς,

104 1400 386 1441 quemadmodum
402 1409 444 1430 ex
459 1399 541 1429 eod.
552 1397 676 1428 Andin.
694 1397 803 1436 legen-

105 1449 183 1481 dum
200 1449 407 1481 existimavit
428 1448 461 1480 J.
480 1448 535 1479 Fr.
553 1446 742 1478 Gronovius
760 1445 803 1476 ad

106 1501 192 1532 Livii
209 1509 320 1532 xxxv.
345 1503 398 1531 21.
422 1499 532 1530 Daris.
566 1498 638 1529 Duo
657 1496 803 1535 restitui,

105 1549 394 1582 consentientibus
419 1549 583 1587 Bongars.
612 1557 665 1587 pr.
691 1546 802 1577 Oxou.

103 1600 268 1631 Vossiano
291 1608 342 1639 pr.
365 1604 400 1629 et
429 1597 542 1628 tertio.
588 1596 677 1627 Vide
701 1595 805 1626 etiam

105 1650 148 1681 ad
164 1650 316 1681 Frontin.
334 1649 355 1680 l.
372 1658 396 1679 1.
415 1658 448 1688 p.
465 1650 516 1679 54.
535 1652 570 1678 et
584 1655 685 1687 supra
700 1655 734 1677 v.
751 1648 804 1676 38.

104 1700 353 1732 restituendum
381 1699 484 1729 etiam
507 1697 682 1729 Censoriu.
704 1707 734 1728 c.
751 1699 804 1728 24.

106 1752 165 1782 duo
180 1752 308 1782 lectores
334 1754 474 1780 auctore
493 1749 559 1780 Ms.
576 1749 694 1780 Colon.
718 1751 805 1779 teste

107 1801 275 1833 Stewech.
293 1799 336 1831 ad
360 1799 463 1840 Apul.
478 1799 500 1829 l.
517 1807 566 1829 vr.
600 1808 634 1838 p.
657 1807 702 1830 m.
730 1800 804 1828 346.

107 1849 208 1882 Ambo
234 1850 268 1881 in
300 1849 382 1880 Mss.
415 1857 476 1888 pro
510 1847 612 1878 ambos
644 1846 734 1878 infra
762 1848 805 1878 B.

109 1901 182 1933 Civ.
200 1908 226 1931 1.
242 1902 295 1931 48.

150 1953 190 1983 1⁷
223 1951 449 1990 magistratum
473 1947 634 1989 deponere]
665 1947 808 1979 Leiden-

109 2011 174 2042 ses,
189 2000 354 2041 Vossiani,
368 2000 531 2040 Bongars.
553 1999 676 2030 Petav.
694 1998 808 2039 Cujac.

110 2050 224 2084 Oxou.
240 2052 367 2083 Loran.
383 2049 550 2091 Egmund.
578 2049 708 2080 Duker.
725 2048 810 2080 Got-

110 2107 198 2144 torp.
225 2103 387 2143 Stephan.
413 2106 448 2132 et
474 2101 653 2132 Edd.1nc.
669 2100 810 2130 Vascos.

111 2152 257 2192 Stradae,
279 2151 442 2191 Stephani
462 2155 497 2181 et
513 2149 658 2190 Gryphii
682 2154 810 2190 poster.

111 2202 286 2242 imperium.
312 2201 414 2241 Cujus
431 2200 573 2241 glossam
592 2199 812 2238 magistratum

114 2261 290 2293 perperam
306 2251 339 2282 in
356 2256 488 2282 textum
513 2254 717 2290 receperunt
733 2249 812 2280 Edi-

115 2307 206 2333 tores
222 2301 335 2342 primi,
361 2305 395 2331 et
421 2299 575 2341 plerique
591 2299 754 2340 deinceps
772 2309 812 2330 ac

114 2351 332 2384 recentiores.
377 2350 520 2382 Codices
537 2359 599 2390 ego
615 2359 749 2390 sequor.

158 2403 200 2433 19
235 2401 424 2432 Into-missis
461 2398 711 2440 magistratibus]
751 2398 813 2430 His

115 2450 229 2483 verbis
246 2450 402 2482 denotari
421 2449 618 2481 existimant
633 2449 689 2480 Fr.
706 2448 815 2480 Hoto-

115 2511 255 2533 mannus
271 2505 307 2532 et
325 2500 426 2534 Joan.
445 2499 621 2531 Goduinus
639 2498 816 2539 magistra·

117 2557 187 2584 tum
202 2552 235 2583 in
253 2552 372 2583 eadem
388 2550 515 2582 familia
529 2560 596 2582 non
611 2549 713 2581 fuisse
737 2559 816 2581 con-

116 2603 303 2642 tinuatum;
326 2603 384 2634 sed
410 2602 486 2634 talis
512 2601 681 2633 sententia
712 2610 754 2632 ex
778 2600 817 2630 iis

118 2653 258 2685 vocibus
282 2652 406 2685 deduci
431 2662 497 2684 non
515 2656 640 2693 potest.
686 2651 816 2691 Legen-

120 2702 199 2734 dum
221 2703 424 2735 crediderim
448 2702 632 2734 intromissis
654 2701 818 2741 magistra-

120 2751 212 2791 tibus,
241 2752 455 2784 inferioribus
483 2752 659 2792 videlicet,
695 2751 818 2793 quibus

122 2801 274 2834 omnibus
287 2808 436 2844 praeerat
444 2802 691 2845 Vergobretus.
707 2802 817 2834 Favet

1425 229 1538 270 1215

843 336 985 367 Graecuc
993 361 1000 375 ‚
1012 336 1066 378 qui
1079 337 1182 368 habet
1193 335 1350 376 παρόντων
1360 336 1422 366 τῶν
1432 335 1543 375 ἀρχόν-

841 399 912 418 των.
936 390 1047 419 Duris.
1085 391 1167 420 (jum
1191 389 1384 419 doctissimo
1403 379 1542 420 Davisio

842 438 1000 469 existimo
1016 439 1208 476 legendum,
1224 439 1411 469 intromissis
1431 439 1544 479 mag-is-

843 487 986 519 tratibus.
1046 489 1188 519 (ir-meus
1218 488 1375 528 παρόντων
1406 489 1467 518 τῶν
1493 489 1545 528 ἆρ.

843 537 964 576 χόντων
992 538 1058 569 Ms.
1085 539 1198 568 Vossii
1228 549 1293 569 sec.
1334 539 1433 570 habet
1462 540 1546 570 inter

843 589 1054 624 magistratus.
1109 588 1183 618 Nisi
1214 588 1300 619 forte
1330 589 1425 626 illud,
1450 590 1548 620 ineer-

843 637 944 668 missis
958 638 1203 677 magistratibus,
1232 639 1278 669 ita
1304 640 1412 680 accipi
1431 644 1547 680 queat,

845 696 881 721 nt
898 690 1033 721 dicatur
1049 689 1194 728 scilicet,
1207 700 1262 729 quo
1275 693 1408 730 tempore
1426 695 1547 721 mearet

845 744 1059 783 magistratus.
1097 742 1203 772 Clark.
1260 741 1448 771 Into-missis
1485 751 1547 781 pro

845 796 988 826 admissis
1003 804 1079 826 num
1097 793 1181 825 suini
1209 798 1337 833 posset.
1355 792 1547 831 videndum,

848 850 886 877 ut
911 845 1078 885 intelligat
1106 843 1284 881 interfuisse
1309 842 1337 873 ei
1362 842 1409 872 rei
1433 842 1550 881 inagis-

848 902 968 928 tratus.
1027 896 1226 927 Inter-mixtis
1252 895 1367 924 mallet
1399 894 1449 924 (Ἰ.
1483 894 1550 924 Bos

849 947 962 978 Anim.
991 946 1033 977 ad
1060 947 1146 978 Caes.
1171 956 1206 986 p.
1227 947 1279 976 23.
1324 944 1450 976 Omisit
1476 943 1547 974 lizcc

849 997 953 1028 verba
970 997 1101 1027 Celsus.

894 1055 1024 1078 xxmv.
1051 1049 1070 1077 2
1094 1043 1340 1083 Dissensionum]
1363 1044 1513 1074 Faernus
1532 1052 1549 1073 e

851 1106 910 1128 suo
927 1096 1055 1128 Codice
1082 1095 1233 1126 malebat
1256 1094 1460 1124 dissensionis.
1506 1094 1551 1124 Et

850 1156 930 1178 sane
956 1146 1054 1177 multi
1081 1145 1166 1176 Mss.
1196 1149 1230 1175 et
1246 1144 1332 1174 Edd.
1355 1144 1499 1174 Veteres
1523 1141 1554 1172 ei

852 1196 1094 1237 suffragantur.
1138 1195 1187 1226 At
1214 1203 1294 1225 vero
1323 1192 1396 1233 Cuj.
1429 1192 1552 1223 Petav.

851 1248 975 1288 Scalig.
1000 1246 1089 1278 And.
1107 1245 1219 1277 Oxon.
1245 1244 1342 1276 Leid.
1361 1244 1459 1284 prim.
1478 1252 1555 1274 cum

853 1298 926 1329 aliis
942 1298 1116 1337 vulgatum
1129 1299 1355 1336 propugnant,
1368 1294 1418 1324 uti
1431 1298 1465 1325 et
1480 1302 1556 1333 per-

853 1353 976 1387 petuus
991 1347 1075 1379 Julii
1102 1347 1222 1386 stylus,
1249 1345 1305 1386 qni
1333 1344 1498 1384 pluralem
1523 1353 1555 1373 a·

853 1402 933 1429 mat.
952 1397 1035 1436 Cap.
1049 1405 1154 1436 praec.
1179 1396 1187 1413 ‘
1207 1405 1249 1426 ex
1266 1392 1554 1425 dissensionibus!

897 1450 915 1478 3
943 1446 1076 1477 Omissis
1098 1445 1234 1476 omnibus
1256 1443 1361 1484 rebus]
1386 1444 1469 1475 Mss.
1487 1444 1558 1483 ple-

855 1498 951 1539 rique
989 1497 1127 1528 omm'bus
1163 1496 1214 1526 his
1251 1495 1350 1525 rebus.
1414 1494 1556 1524 Graecus

854 1546 955 1578 πάντα
968 1546 1065 1586 ἄλλα,
1080 1545 1220 1577 omnibus
1240 1545 1311 1575 aliis
1328 1544 1423 1575 rebus.
1450 1543 1557 1574 Clark.

854 1598 1026 1629 Beroaldo
1063 1602 1100 1629 et
1132 1597 1263 1628 Faerno
1287 1594 1468 1626 obsecutus
1507 1598 1559 1623 est

854 1648 1016 1688 Scaliger,
1032 1647 1181 1688 qui-ante
1204 1646 1313 1685 ipsum
1330 1644 1507 1683 ejecerunt
1522 1640 1560 1671 τὸ

856 1697 915 1728 his.
946 1697 1031 1727 Mss.
1063 1706 1189 1735 omues,
1220 1700 1255 1725 et
1283 1693 1370 1725 Edd.
1397 1692 1561 1723 exhibent

857 1747 996 1778 omnibus
1019 1747 1138 1778 omissis
1164 1746 1212 1776 his
1234 1744 1330 1776 rebuS.
1376 1742 1476 1776 Quod
1494 1751 1561 1773 non

856 1798 952 1839 potui
968 1807 1033 1828 non
1049 1805 1226 1838 reponere.
1274 1793 1424 1825 Omnibus
1449 1792 1498 1823 his
1512 1802 1560 1823 re·

858 1848 910 1879 bus
925 1851 1025 1879 vocat
1039 1847 1224 1878 discordias
1245 1850 1281 1876 et
1308 1844 1562 1883 dissensionem,

857 1907 951 1929 more
969 1907 1027 1928 suo
1042 1897 1168 1928 addens
1184 1905 1245 1933 res,
1257 1895 1314 1926 ubi
1331 1895 1387 1925 alii
1403 1894 1562 1924 omittere

860 1947 1036 1979 solent.V.
1055 1946 1097 1978 ad
1114 1955 1163 1977 w.
1182 1948 1234 1976 17.
1249 1948 1284 1976 et
1298 1944 1352 1974 hic
1373 1943 1562 1974 Brantium.

860 1998 937 2030 Nisi
965 1997 1048 2029 velis
1075 2006 1150 2028 cum
1176 1996 1248 2027 aliis
1272 1999 1308 2026 et
1333 1995 1374 2026 R.
1391 1994 1564 2033 Stephano

861 2048 1085 2088 distinguere,
1121 2047 1130 2064 ‘
1150 2046 1304 2077 omnibus
1341 2044 1482 2083 omissis,
1515 2043 1565 2074 his

862 2098 961 2129 rebus
977 2096 1063 2138 h.2b.
1080 2096 1204 2128 servire
1217 2095 1237 2126 :'
1260 2095 1355 2136 quasi
1378 2094 1493 2125 dicere
1508 2103 1566 2125 vo·

862 2148 981 2179 luisset
1006 2147 1061 2178 hoc
1088 2147 1193 2186 ‹igite;
1228 2149 1287 2176 aut
1310 2144 1423 2186 potius
1446 2143 1567 2174 rescri-

862 2198 943 2229 bere
967 2196 1032 2227 suis
1055 2196 1160 2227 rebus:
1196 2199 1236 2227 ut
1265 2195 1299 2226 in
1328 2194 1431 2225 Auct.
1459 2194 1501 2225 de
1522 2194 1565 2225 B.

862 2249 965 2289 Hisp.
990 2249 998 2265 ‘
1015 2247 1182 2279 Omnibus
1205 2246 1272 2278 suis
1295 2245 1395 2277 rebus
1416 2243 1567 2276 relictis)

864 2301 937 2334 Liv-
965 2309 1021 2331 111.
1051 2302 1103 2331 46.
1142 2299 1152 2316 ‘
1171 2297 1314 2330 Omissis
1344 2296 1445 2327 rebus
1473 2295 1568 2327 aliis?

865 2350 950 2381 Cum
966 2349 1046 2380 alibi
1062 2348 1153 2380 rebus
1169 2348 1278 2378 soleat
1293 2346 1462 2378 omittere.

908 2403 948 2431 12
963 2399 1012 2431 Ab
1023 2401 1124 2431 altera
1140 2398 1282 2430 Elui-eris
1294 2396 1402 2438 parte]
1423 2396 1566 2427 Graecus

865 2449 1054 2491 Interpres,
1068 2450 1136 2481 Ms.
1150 2449 1290 2481 Norvic.
1303 2457 1341 2479 ac
1355 2448 1451 2478 editt.
1468 2447 1567 2478 Rom.

864 2501 951 2532 Ven.
966 2499 1128 2532 Beroald.
1144 2500 1263 2540 legunt
1284 2498 1322 2528 ab
1343 2498 1442 2528 altera
1459 2496 1570 2538 flumi-

865 2550 915 2581 nis
925 2553 1028 2591 parte,
1053 2550 1137 2581 adeo
1164 2553 1203 2580 ut
1227 2548 1332 2579 lectio
1360 2550 1500 2587 recepta
1525 2554 1568 2575 ex

867 2600 1077 2631 Glossemate
1119 2604 1199 2630 nata
1242 2597 1411 2628 videatur.
1456 2594 1568 2626 Daris.

866 2650 966 2681 Parte
985 2649 1142 2690 fluminis.
1197 2648 1252 2679 Sic
1278 2648 1363 2678 Mss.
1391 2649 1427 2676 et
1456 2643 1567 2674 Editt.

866 2700 963 2731 Vett.
999 2700 1140 2731 Graecus
1154 2699 1247 2737 item,
1273 2695 1423 2733 ποταμοῦ.
1467 2691 1569 2725 Quod

866 2750 968 2782 habet
979 2750 1134 2792 Scaliger
1147 2754 1184 2780 et
1198 2747 1403 2779 recentiores
1416 2743 1454 2774 ab
1468 2744 1570 2775 altera

867 2801 1020 2834 Elaveris
1030 2804 1143 2844 prote,-
1174 2798 1211 2830 id
1227 2795 1394 2839 equidem,
1408 2804 1484 2827 cum
1499 2794 1571 2825 Da·
