1818 3131
323 202 417 232 LlB.
450 201 503 230 11.
536 200 641 230 CAP.
662 189 733 231 35.
763 199 824 228 DE
857 201 1013 231 BELLO
1044 199 1274 231 GALLICO.

74 303 153 325 vero
168 295 352 326 sectionem
373 292 542 331 emebant,
565 294 697 322 sectores
714 299 771 329 ap-

75 344 300 384 pellabantur.
328 343 492 375 Asconius
509 343 541 373 in
554 343 695 373 Verrem
715 351 769 373 ιιι.

73 396 83 409 ‘
101 395 258 425 See-tores
273 398 386 424 autem
402 392 486 423 dicti
502 397 594 430 sunt,
607 392 663 433 qui
677 402 770 432 spem

73 443 158 474 lucri
177 444 225 474 sui
242 442 348 473 secuti
366 442 454 472 bona
469 441 771 472 condemnatorum

74 493 171 523 simul
188 492 479 530 auctionabantur‚
495 501 622 532 proque
646 491 695 521 liis
715 501 771 531 pe-

75 543 190 573 cunias
206 541 431 583 pensitabant,
455 546 575 582 postea
595 551 655 582 pro
683 551 772 572 coin-

73 592 196 633 pendio
223 602 282 623 suo
309 593 438 629 singula
469 602 612 634 quaeque
647 593 771 634 populo

73 641 337 680 venditurijm.
360 643 411 674 Ea
424 647 535 674 autem
552 643 663 674 auctio
678 643 773 674 basta

72 691 247 732 proposita
259 692 373 723 fiebat.
392 693 523 732 Festus,
536 693 544 709 ‘
562 693 680 724 Hastae
695 692 772 723 sub-

66 740 274 781 jiciebantur
297 751 349 780 ea,
375 751 451 783 quae
483 741 619 782 publice
645 751 772 772 venun·

73 789 252 830 dabantur,
288 791 365 832 quia
402 791 532 831 signum
575 791 683 832 proelii
720 795 772 822 est

72 839 189 872 hasta:
227 841 349 872 Cicero
365 841 487 882 Philip.
505 850 544 872 11.
564 843 572 858 ‘
588 841 698 872 Hasta
716 851 773 882 po-

72 889 139 920 sita
155 899 216 930 pro
232 890 304 921 zrde
320 890 415 922 Jovis
432 891 588 930 Statoris,
604 891 691 922 bona
708 893 770 923 Cn.

72 939 228 979 Pompeii
243 940 360 980 Magni
372 941 446 972 voci
461 940 684 972 acerbissimae
699 942 774 972 sub-

67 988 164 1030 jecta
188 990 366 1030 praeconis.
413 991 479 1023 Qui
494 991 534 1021 ad
558 991 639 1022 illud
663 991 772 1022 scelus

73 1038 238 1069 auctionis
255 1039 396 1070 auderet
420 1040 599 1078 accedere,
616 1041 773 1071 inventus

72 1091 126 1119 est
136 1097 243 1124 nemo,
255 1092 383 1128 praeter
394 1088 600 1119 Antonium.'
617 1090 661 1120 Et
673 1089 772 1122 Offic.

71 1137 95 1168 1.
111 1145 152 1168 11.
168 1137 177 1154 ‘
195 1137 249 1168 Sic
265 1147 326 1178 par
347 1141 400 1168 est
424 1147 524 1179 agere
541 1149 615 1170 eum
632 1139 773 1179 civibus,

74 1196 139 1219 non
167 1188 296 1219 hastam
323 1189 357 1219 in
381 1187 455 1220 foro
480 1198 617 1230 ponere,
633 1194 669 1220 et
685 1189 772 1220 bona

74 1237 196 1268 civium
210 1238 283 1269 voci
297 1238 465 1278 subjicere
476 1240 662 1280 praeconis!
678 1240 773 1271 Ciac-

74 1296 147 1319 con.
172 1287 259 1318 Vide
277 1288 317 1318 P.
336 1288 508 1320 Nanuium
525 1289 627 1320 Misc.
651 1299 702 1321 ix.
720 1292 771 1321 11.

77 1337 172 1368 Idem.
204 1337 293 1369 Vide
308 1338 496 1370 Comment.
515 1340 674 1381 reliquos.

119 1395 248 1418 xxxxv.
265 1391 284 1418 3
307 1387 464 1428 Sesuvios]
481 1389 603 1420 Nullus
620 1395 774 1421 veterum

77 1436 164 1468 hunc
185 1438 344 1477 populum
371 1444 547 1470 memorat.
586 1439 641 1470 Ne
658 1440 774 1471 Caesar

78 1485 214 1526 quidem
225 1486 288 1517 alio
300 1496 398 1527 quam
408 1487 569 1519 hocloco.
586 1488 728 1519 Ursinus
741 1494 775 1520 et

76 1535 275 1567 Ciaceonius
292 1537 553 1577 suspicabantur
567 1538 718 1569 Lemurios
731 1539 777 1569 le-

75 1585 233 1626 geudum.
294 1586 366 1627 Ego
397 1588 530 1619 omnino
560 1589 607 1619 ita
632 1589 774 1629 corrigo.

76 1636 154 1668 Nee
182 1636 368 1668 dubitasset
396 1648 511 1670 eorum
543 1640 719 1679 alteruter,
749 1641 776 1671 si

77 1685 296 1726 attendisset,
316 1697 390 1728 quae
414 1687 519 1719 verba
534 1697 587 1719 111.
603 1692 635 1719 9.
663 1690 775 1729 legan-

80 1738 156 1765 tur:
172 1740 249 1765 sunt
265 1741 378 1766 autem
393 1737 486 1767 haec:
505 1737 513 1753 ‘
532 1737 645 1768 Socios
659 1737 721 1768 sibi
735 1738 777 1768 ad

79 1783 114 1815 id
132 1784 255 1815 bellum
285 1785 460 1825 Osismios,
479 1786 664 1825 ‘Lexovios‚
685 1788 777 1818 Nan-

79 1839 188 1875 netes,
204 1834 420 1875 Ambiliates,
436 1837 601 1876 Morinos,
620 1837 776 1868 Diablin-

79 1889 146 1925 tes,
161 1884 340 1925 Menapios
367 1885 560 1917 adsciscunt
573 1886 592 1916 ε’
625 1891 660 1917 et
677 1896 707 1917 c.
725 1889 776 1917 ll.

78 1937 88 1953 ⁴
103 1936 146 1969 Q.
168 1936 333 1967 Titurium
355 1936 514 1968 Sabinum
537 1937 685 1978 legatum
702 1948 777 1969 cum

82 1985 271 2026 legionibus
299 1995 354 2017 111.
382 1987 414 2017 in
438 1988 590 2027 Unellos,
621 1989 778 2020 Curioso-

79 2035 168 2076 litas‚
184 2037 416 2078 Lexoviosque
439 2038 545 2069 mittit
558 2038 577 2069 :'
600 2048 638 2070 ac
660 2044 778 2080 postea

81 2085 202 2117 eodem
221 2086 310 2118 libro
330 2087 504 2128 conjungit
527 2088 650 2119 iterum
667 2088 779 2120 Auler-

82 2144 132 2166 cos
154 2145 231 2166 cum
257 2136 422 2168 Lexoviis:
456 2137 504 2168 ait
534 2138 622 2168 enim
652 2139 781 2170 Aulerci

84 2184 284 2224 Eburouices,
302 2185 511 2226 .Le.roi=iique;
533 2188 583 2217 uti
604 2188 780 2227 superiore

84 2234 175 2265 loeo:
200 2243 275 2265 nam
290 2235 442 2276 triplices
458 2236 608 2275 Aulerci,
625 2237 781 2268 Diablin-

85 2288 150 2323 tes,
167 2284 362 2322 Cenomani,
387 2286 610 2317 Eburouices:
635 2286 782 2329 denique

85 2343 142 2366 111.
158 2337 212 2366 29.
227 2335 236 2352 ‘
251 2336 439 2366 exercitum
456 2336 489 2366 in
503 2336 659 2368 Aulercis
677 2339 783 2370 Lexo-

84 2384 228 2426 viisque,
242 2385 379 2426 reliquis
393 2387 473 2416 item
490 2387 697 2426 civitatibus,
708 2398 782 2429 quae

84 2435 239 2476 proxime
257 2436 380 2466 bellum
396 2434 563 2475 fecerant,
580 2437 783 2469 collocavit.'

86 2483 130 2515 In
141 2485 220 2516 Vet.
238 2485 321 2516 Cod.
343 2486 434 2516 Scal.
458 2491 532 2516 erat
562 2486 679 2524 Esbz'os,
696 2488 785 2527 quod

87 2533 240 2567 fortassis
270 2542 466 2575 corruptum
492 2537 566 2577 quis
603 2536 787 2568 arbitretur

89 2591 132 2614 ex
161 2584 286 2624 Essuos,
316 2594 457 2626 quorum
489 2594 522 2615 v.
545 2588 598 2616 21.
624 2586 786 2618 meminit.

88 2631 159 2664 Sed
175 2639 337 2675 corrupte
353 2635 399 2666 ibi
423 2636 489 2675 legi
512 2635 717 2675 notabimus,
730 2637 788 2668 ubi

91 2683 136 2714 ad
148 2693 222 2715 eum
236 2685 347 2717 locum
363 2686 546 2719 deventum
563 2687 637 2718 erit.
676 2687 789 2719 Facile

91 2737 205 2768 autem
218 2735 349 2770 Lexovii
369 2736 425 2769 vel
447 2737 582 2770 Lexovii
603 2737 729 2772 mutari
753 2737 790 2771 in

1409 190 1523 233 1005

823 290 943 321 Sesurii
973 292 1098 332 potuit,
1120 301 1196 323 nam
1224 301 1315 332 saepe
1343 291 1459 325 videas
1489 294 1522 325 in

823 341 918 370 Vett.
950 341 1057 372 Codd.
1087 343 1160 373 haec
1189 342 1321 374 nomina
1349 352 1368 373 a
1394 343 1522 374 minore

822 390 923 420 litera
955 391 1119 431 incipere,
1153 397 1187 423 et
1226 398 1296 423 tum
1333 393 1523 433 persimiles

824 444 902 470 suut
918 450 932 470 s
948 445 983 470 ct
1001 441 1031 470 l:
1058 441 1170 482 itaqne
1194 452 1294 472 unum
1309 446 1438 473 tantum
1450 452 1473 472 x
1490 443 1523 473 in

822 499 837 519 ε
864 489 986 521 mutari
1011 495 1179 529 praeterea
1200 501 1306 531 opus:
1334 497 1403 523 turn
1420 492 1523 524 babes

824 549 884 579 pro
901 539 1066 579 Lea-urim,
1081 540 1232 572 Sem-ios.
1263 543 1397 574 Vossius.
1435 543 1523 576 Vide

824 588 934 619 Hadr.
965 588 1136 619 Valesium
1169 595 1240 622 not.
1268 591 1360 623 Gall.
1391 603 1423 634 p.
1447 596 1527 630 494.

822 639 934 670 Dat-is.
968 637 1067 668 Adde
1084 642 1216 670 vu.7‘5.

865 692 883 718 5
911 687 950 718 In
979 688 1128 719 ditionem
1154 692 1392 731 potestatemque
1422 694 1526 724 redac-

822 738 884 778 tas]
906 738 961 769 Sic
988 743 1082 770 recte
1106 739 1248 770 Ursinus
1271 746 1307 771 et
1324 742 1523 773 Ciacconius

824 798 862 818 ae
886 788 1063 829 Scaligeri‚
1088 793 1124 819 et
1144 797 1237 830 seqq.
1252 790 1340 821 Edd.
1357 796 1460 832 atque
1478 792 1525 823 ita

822 837 935 869 forsan
964 839 1031 869 ΜΞ.
1060 838 1246 871 Oxoniens.
1287 841 1421 882 Reliqui
1452 847 1525 874 tum

823 889 918 927 editi,
936 894 1006 919 tum
1023 889 1156 929 scripti,
1174 890 1263 930 quod
1280 891 1382 921 sciam
1398 892 1527 923 deditio-

823 949 904 971 nem.
935 938 1002 969 Sed
1017 939 1117 980 vulgo
1132 939 1206 970 Viri
1223 939 1315 970 docti
1331 941 1439 971 ubivis
1450 941 1525 981 jam

822 989 953 1020 malunt
986 988 1145 1021 ditionem.
1193 989 1280 1020 Vide
1320 991 1451 1022 Ferrar.
1481 991 1525 1022 ad

824 1038 935 1069 Cicer.
954 1037 1042 1069 Phil.
1059 1047 1108 1070 xv.
1132 1043 1163 1069 5.
1192 1043 1228 1070 et
1249 1039 1457 1071 Gronov-ium
1482 1040 1525 1071 ad

824 1088 956 1119 Livium
978 1089 1131 1129 plurimis
1154 1089 1188 1119 in
1212 1089 1306 1128 locis,
1323 1089 1374 1121 Cl.
1393 1089 1525 1122 Duker.

822 1138 864 1169 ad
894 1138 983 1169 Flor.
1011 1148 1037 1170 1.
1062 1141 1116 1170 18.
1146 1139 1307 1181 aliosque.
1346 1140 1399 1170 Sic
1422 1140 1525 1172 etiam

822 1189 906 1220 Mss.
922 1189 1024 1220 Salm.
1050 1194 1084 1220 et
1109 1189 1260 1220 Harlem.
1277 1190 1367 1230 apud
1384 1190 1527 1222 Sueton.

823 1238 909 1270 Caes.
926 1241 979 1270 79.
1007 1239 1016 1256 ‘
1033 1239 1169 1271 Piratas
1193 1250 1296 1280 quum
1313 1241 1346 1271 in
1363 1240 1525 1273 ditionem

823 1288 1043 1328 redegisset?
1065 1290 1166 1331 vulgo
1182 1290 1393 1327 deditionem;
1416 1295 1454 1322 ut
1477 1301 1528 1323 re-

822 1339 890 1369 nire
907 1340 938 1370 in
953 1339 1150 1379 deditionem,
1165 1340 1209 1372 de
1234 1350 1299 1382 quo
1323 1351 1460 1382 agemus
1483 1342 1527 1373 ad

824 1389 865 1419 B.
881 1389 922 1420 G.
939 1398 990 1420 vr.
1005 1392 1035 1420 9.
1067 1390 1155 1421 Vide
1180 1395 1308 1431 tamen,
1333 1401 1375 1422 an
1400 1391 1526 1433 ubique

825 1443 945 1468 contra
968 1439 1077 1469 Mstos
1092 1439 1169 1479 ejici
1187 1439 1312 1471 debeat
1324 1442 1384 1478 de;
1406 1442 1433 1472 si
1449 1451 1527 1473 con-

827 1492 974 1518 struatur
1005 1497 1080 1518 eum
1108 1489 1211 1519 verbo
1238 1489 1390 1530 redigere,
1417 1496 1453 1522 et
1478 1502 1527 1523 re-

826 1538 912 1568 uir-e.-
951 1542 987 1568 et
1017 1547 1059 1568 au
1085 1547 1151 1568 uon
1188 1538 1382 1579 significare
1420 1542 1529 1582 possit

826 1587 982 1627 redigere
998 1587 1129 1618 hostem
1157 1598 1195 1619 eo
1223 1594 1261 1620 ut
1287 1599 1321 1620 se
1345 1590 1468 1630 dedat;
1493 1597 1529 1623 et

827 1637 928 1667 venire
946 1637 976 1667 in
993 1637 1176 1668 deditionem
1191 1638 1234 1670 sit
1247 1638 1372 1671 dedere
1386 1651 1432 1679 se,
1447 1651 1530 1682 prae-

828 1687 946 1717 sertim
963 1687 1110 1728 quando,
1132 1693 1170 1718 ut
1191 1688 1255 1728 hic,
1279 1689 1416 1721 additur
1430 1692 1462 1722 in
1476 1702 1529 1732 po·

826 1740 992 1768 testatem..-
1024 1748 1098 1779 quae
1129 1748 1194 1769 vox
1219 1744 1348 1772 temere
1379 1741 1530 1775 Grutero

829 1791 990 1828 suspecta
1006 1794 1069 1827 est,
1087 1794 1121 1820 et
1138 1790 1223 1820 male
1248 1800 1267 1820 a
1288 1791 1444 1823 Leidens.
1463 1794 1530 1834 pri-

828 1839 874 1869 mi
897 1843 1060 1870 contextu
1077 1839 1187 1870 abest.
1232 1840 1323 1871 Ditio
1341 1846 1376 1872 et
1396 1846 1532 1881 potestas

822 1889 1014 1930 junguntur
1031 1899 1049 1921 a
1066 1889 1136 1921 Cic.
1154 1890 1253 1921 Orat.
1272 1891 1313 1922 de
1329 1893 1404 1933 lege
1422 1892 1530 1935 Agra-

830 1940 878 1971 ria
903 1944 1022 1971 contra
1046 1941 1139 1972 Rull.
1168 1951 1199 1973 e.
1222 1945 1272 1973 27.
1300 1944 1308 1960 ‘
1325 1944 1471 1985 Redigas
1497 1946 1532 1977 in

830 1991 931 2021 istam
947 1991 1207 2022 decemviralem
1231 1993 1395 2024 ditionem
1417 2004 1457 2026 ae
1474 2005 1532 2036 po-

831 2045 991 2072 testatem
1005 2041 1024 2072 :'
1047 2051 1108 2082 pro
1123 2042 1283 2074 Quinctio
1300 2053 1330 2074 c.
1347 2046 1379 2074 2.
1402 2044 1411 2060 ‘
1428 2045 1534 2085 Cujus

831 2091 865 2121 in
883 2090 1008 2121 ditione
1024 2100 1064 2122 ae
1085 2096 1255 2131 potestate
1271 2093 1371 2125 sunt.'
1395 2095 1535 2126 Discer-

831 2141 883 2171 nit
898 2141 1001 2172 etiam
1015 2141 1128 2172 Livius
1145 2150 1245 2173 xxm.
1259 2146 1310 2174 43.
1327 2144 1336 2160 ‘
1352 2143 1419 2176 Qui
1434 2144 1533 2176 simul

832 2191 866 2221 in
882 2196 1056 2231 potestate
1082 2197 1194 2223 vestra
1219 2198 1330 2233 erunt,
1346 2203 1388 2225 ex
1405 2195 1533 2236 templo

831 2241 943 2271 omnia
960 2241 993 2271 in
1010 2240 1174 2272 ditionem
1191 2242 1350 2274 tradent.'

876 2299 990 2321 xxxv.
1003 2293 1021 2321 4
1037 2291 1115 2326 Quae
1125 2300 1156 2322 se
1166 2291 1285 2323 obsides
1296 2293 1438 2334 daturas]
1452 2294 1536 2326 Mss.

834 2340 923 2381 Reg.
934 2344 968 2371 et
986 2341 1111 2372 Eliens.
1124 2342 1188 2381 qui.
1213 2343 1321 2374 Clark.
1353 2344 1417 2379 Qui
1432 2345 1535 2375 etiam

834 2390 933 2421 estin
950 2390 1062 2422 Oxou.
1078 2391 1210 2422 Duker.
1230 2393 1325 2424 Leid.
1342 2398 1424 2425 tert.
1436 2394 1535 2426 Gott.

835 2444 872 2470 et
886 2441 950 2471 Ed.
968 2441 1043 2473 Inc.
1070 2442 1159 2482 quod
1175 2443 1308 2482 probari
1324 2448 1459 2484 posset:
1484 2444 1537 2484 qui

835 2491 961 2522 daturos
976 2490 1166 2529 etsacturos
1188 2493 1283 2524 Leid.
1307 2503 1375 2525 sec.
1400 2499 1435 2525 et
1459 2494 1536 2525 Cel-

836 2549 901 2570 sus,
943 2541 1012 2571 Sed
1035 2542 1239 2573 vetustiores
1256 2544 1382 2574 rectius
1398 2549 1537 2574 servant

836 2599 926 2628 quoe3
949 2591 1049 2622 immo
1072 2592 1165 2623 Leid.
1195 2593 1293 2633 prim.
1320 2593 1416 2623 addit
1440 2593 1539 2624 notio-

837 2649 905 2676 nes;
927 2641 1015 2682 quod
1041 2642 1169 2682 optime
1192 2643 1335 2674 Caesaris
1357 2642 1435 2672 stilo
1459 2650 1538 2673 con·

838 2691 942 2723 venit.
964 2691 1032 2729 Adi
1049 2697 1167 2723 notata
1185 2693 1226 2723 ad
1241 2701 1272 2723 c.
1291 2694 1341 2722 18.
1357 2692 1366 2707 ‘
1382 2692 1464 2723 Loci
1479 2701 1537 2722 na-

837 2743 916 2775 tura
930 2746 1005 2775 erat
1019 2742 1105 2784 haec,
1121 2751 1221 2785 quem
1229 2740 1363 2782 locum‚’
1379 2744 1415 2773 et
1429 2749 1488 2776 ιιι.
1504 2743 1536 2774 1.
