1818 3131
394 190 485 220 MP..

151 286 293 326 plicare:
318 296 392 317 cuin
420 286 520 324 igilur
544 286 688 316 Gtastum
711 285 755 315 sit
778 293 842 314 vox

153 337 361 375 Britannica,
400 337 521 368 Vitrum
556 340 667 366 antem
702 335 841 371 Latina;

151 387 235 418 lianc
252 387 339 418 illius
354 387 529 418 Glossema
545 395 618 416 esse
635 384 843 416 habendam:

154 437 242 475 Hoc,
267 438 411 478 inquam,
427 436 576 477 quamvis
593 436 762 475 ingeniose
787 444 843 465 ex-

149 488 346 526 cogitatum,
380 495 444 517 non
481 491 593 517 tamen
627 486 739 525 magni
777 489 840 515 est.

155 537 276 568 Vitrum
288 531 388 573 enim,
399 536 547 576 quamvis
562 536 603 566 sit
621 546 678 566 rox
693 535 843 572 Romana,

150 591 184 617 at
197 595 260 616 non
277 589 384 616 tamen
398 586 478 625 (isto
492 584 699 624 significatu)
713 595 767 616 usu
778 585 842 615 vnl-

145 635 217 673 gari
243 636 330 666 trita.
376 634 490 676 Atque
514 636 579 666 ista
605 635 646 665 de
663 644 776 673 causa,
800 634 840 664 ad

148 693 218 714 eam
247 685 494 725 explicandam,
517 684 657 715 Librarii
680 684 842 724 adposue-

148 738 227 764 runt
258 744 373 765 vocem
409 735 650 769 Britannicam,
686 734 840 764 Ghutum.

151 785 258 815 Clark.
319 784 458 824 Optime
485 783 611 815 refellit
641 784 842 815 ciacconius

148 834 257 865 varias
284 835 439 865 Vironum
471 834 644 865 doctorum
670 835 843 875 conjectu-

149 892 213 923 ras,
249 893 329 924 quos
366 884 468 915 etiam
508 884 690 915 recensitos
727 884 842 915 videre

145 938 243 973 potes
281 933 311 963 in
346 935 434 964 notis
472 933 616 972 Brantii,
654 933 841 974 quibusque

147 982 234 1013 adde
250 982 466 1021 Sumbucum,
483 983 538 1022 qui
561 983 676 1022 inepte
702 983 777 1022 luto,
804 992 842 1013 ac

148 1032 410 1070 Hotomannum,
427 1033 480 1072 qui
495 1034 574 1062 luero
587 1041 646 1071 pro
662 1032 763 1063 herba
780 1032 842 1072 Ly-

145 1082 291 1113 simachia
310 1084 406 1123 vulgo
424 1083 515 1113 ‹lii-ta
531 1083 671 1112 ridicule
687 1082 843 1122 conjece·

146 1137 234 1163 runt.
274 1133 361 1163 Vltro
375 1142 453 1163 vera
470 1132 571 1163 lectio
588 1135 650 1171 est,
666 1136 703 1161 ut
715 1132 842 1171 optime

146 1182 245 1213 etiam
258 1182 434 1213 Turnebus
448 1181 589 1212 Advers.
606 1191 619 1211 ι
631 1190 653 1212 ι.
669 1184 720 1212 17.
734 1189 841 1212 xxm.

145 1234 199 1263 22.
216 1236 252 1263 et
275 1232 411 1263 Vossius
435 1232 556 1272 aliique
581 1231 622 1262 ad
644 1231 784 1270 Melam,
808 1236 843 1262 et

146 1282 297 1322 inprimis
323 1282 504 1313 Salmacius
535 1282 568 1313 in
600 1281 691 1312 Plin.
720 1283 841 1314 Exere.

148 1341 181 1373 p.
214 1335 284 1363 180.
309 1332 510 1364 docuerunt.
556 1332 701 1372 Egregie
729 1337 841 1363 autem

148 1383 305 1415 Clarkius
328 1383 380 1414 liic
395 1382 509 1421 docet,
532 1383 558 1412 si
574 1391 656 1413 voce
669 1383 772 1421 glasto
787 1392 841 1413 vo-

147 1433 263 1464 luisset
298 1432 347 1464 uti
386 1432 512 1470 Caemr,
543 1431 735 1462 additurum
767 1441 841 1462 eum

146 1482 260 1522 fnisse,
275 1484 439 1524 adpellata,
454 1482 506 1513 vel
521 1481 642 1512 simile.
667 1481 844 1512 Praeterea

147 1533 265 1565 testari
283 1542 429 1574 possum,
449 1533 482 1563 in
498 1532 590 1563 nullo
607 1531 731 1562 Codice
756 1541 843 1562 nieo-

145 1592 217 1613 rnm
237 1592 376 1613 numero
392 1582 513 1623 viginti
528 1587 562 1612 et
578 1581 722 1622 plurium
740 1580 841 1621 adpa-

147 1641 222 1663 rere
234 1633 347 1672 gtasto.
393 1632 458 1662 Sed
476 1632 508 1662 in
529 1632 613 1662 Mss.
638 1631 841 1673 quatuorde-

147 1681 211 1712 cim
229 1685 264 1712 et
285 1681 348 1712 Ed.
366 1681 438 1712 Ine.
456 1690 529 1711 esse
551 1681 651 1711 ultro:
673 1681 840 1722 quomodo

147 1737 181 1763 et
197 1733 230 1763 in
246 1732 330 1763 Mss.
353 1731 456 1762 Melae
473 1741 511 1762 ac
526 1731 671 1761 Vitruvii
687 1731 789 1772 (quod
807 1735 841 1762 et

147 1781 189 1812 de
207 1781 316 1813 Palat.
344 1781 426 1812 Cod.
455 1781 632 1820 Gruterus,
656 1787 691 1812 et
715 1781 757 1812 de
782 1792 841 1813 suo

147 1832 354 1864 Pulmannus
370 1832 402 1861 in
417 1831 558 1868 schedis,
575 1840 650 1871 quae
667 1840 771 1871 penes
787 1841 840 1862 me

147 1886 237 1920 sunt,
253 1879 436 1920 testantur)
451 1880 524 1910 Viri
541 1880 634 1911 docti
651 1890 723 1911 esse
739 1881 840 1912 docu—

146 1938 261 1963 erunt:
299 1933 381 1962 ultra
417 1932 449 1962 in
481 1932 546 1962 Ms.
578 1931 679 1962 Melae
709 1941 840 1972 quoque

148 1981 272 2012 inveni.
318 1983 412 2012 Nilro
428 1981 523 2011 estin
542 1980 690 2019 margine
708 1981 838 2012 Duker.

147 2031 218 2073 (qui
235 2031 268 2062 in
289 2036 386 2063 textu
410 2031 512 2062 babet
535 2030 642 2070 ultro)
662 2030 840 2061 Pulmanni

148 2087 183 2112 et
209 2082 304 2112 Gott.
335 2091 374 2112 ac
401 2082 500 2112 Voss.
531 2086 609 2112 tert.
664 2080 730 2111 Sed
760 2082 840 2111 vitro

147 2130 367 2162 disertissime
388 2135 547 2161 exaratur
569 2131 602 2161 in
624 2131 738 2161 Ursini
757 2131 840 2162 Cod.

148 2179 228 2210 item
259 2181 293 2210 in
324 2180 473 2219 Andino‚
505 2185 541 2211 et
575 2181 773 2219 Oxofflensi,
800 2190 839 2211 ac

151 2230 244 2260 Leid.
271 2239 339 2261 sec.
363 2230 395 2260 in
421 2240 486 2270 quo
509 2235 559 2261 est
585 2231 666 2261 ultro
680 2231 733 2260 vel
749 2231 840 2262 vitro.

150 2280 256 2310 Recte
284 2280 383 2310 etiam
408 2279 634 2310 defrnderunt
657 2280 782 2311 eruditi
803 2279 841 2310 τὸ

147 2330 319 2367 coeruIeum,
343 2338 402 2369 pro
429 2338 494 2369 quo
515 2329 666 2359 cerincum
694 2330 744 2360 vel
766 2330 842 2360 ceri-

147 2387 232 2416 num,
259 2378 290 2408 id
316 2383 380 2419 est,
396 2379 535 2416 luteum,
562 2379 680 2418 reponi
707 2379 841 2410 volebat

147 2429 340 2459 sambucus.
386 2428 439 2459 Ab
455 2429 517 2459 hoc
533 2434 644 2459 autem
659 2429 771 2460 colore
795 2429 842 2469 ip-

148 2487 220 2509 sum
238 2479 459 2510 Britannorum
471 2487 527 2509 seu
546 2479 710 2510 Britonum
721 2488 841 2510 nomen

147 2536 220 2559 esse
236 2533 343 2560 ortum
358 2528 550 2560 existimant
575 2540 638 2559 nou
656 2530 740 2560 male
762 2538 842 2560 uon·

149 2579 241 2609 nulli.
276 2580 317 2610 V.
348 2580 400 2611 Cl.
432 2580 630 2620 Cannegiet.
669 2579 761 2610 Diss.
798 2579 840 2609 de

148 2626 379 2669 Brittoburgo.
418 2630 575 2661 Ceterum
589 2629 622 2660 in
640 2628 841 2660 Lovaniensi

149 2682 278 2709 exstat:
301 2679 440 2710 ‘Omnia
465 2689 545 2711 vero
571 2689 605 2709 se
630 2678 840 2716 Britannia;’

151 2734 279 2770 argute,
292 2737 358 2760 non
383 2734 494 2762 tamen
512 2740 603 2770 vere,
620 2735 658 2761 ut
674 2731 839 2762 existimo.

518 191 561 219 κς
592 177 895 218 οΛΡ.14.υΕ
931 188 1084 218 BELLO
1116 189 1342 218 GAIAACO.

1478 177 1587 220 1091

896 285 982 316 Vide
999 287 1039 317 ad
1057 296 1105 317 iv.
1122 290 1151 318 2.
1175 287 1184 304 ‘
1199 286 1309 317 Gallia
1330 285 1530 325 delectatur,
1555 293 1589 318 et

897 333 1046 374 impenso
1061 342 1181 377 parant
1195 337 1326 378 pretio.’

937 387 957 413 Γ»
982 385 1191 418 Hor-ribiliore
1205 392 1273 418 sunt
1291 388 1325 416 in
1345 397 1449 427 pugna
1469 387 1589 427 adspec-

895 434 944 474 tu]
988 435 1071 466 Mss.
1099 437 1182 475 leeg.
1211 437 1336 468 Eliens.
1370 442 1405 467 et
1435 437 1530 468 voss.
1554 442 1589 467 et

895 483 1005 515 Editt.
1017 486 1110 516 Vett.
1128 488 1135 502 ‘
1147 487 1333 518 horridiores
1344 488 1464 518 suntin
1479 497 1590 527 pugna

895 534 1082 574 adspectu)
1126 537 1224 568 Quod
1249 537 1337 567 idem
1365 543 1425 568 est.
1465 537 1588 568 Clarke.

893 585 901 600 ‘
914 584 1027 625 Atque
1045 585 1105 615 hoc
1121 586 1314 617 horribiliore
1330 593 1407 618 sunt
1428 587 1459 617 in
1479 597 1590 627 pugna

895 634 1082 674 ads-pectus
1126 636 1205 666 Mss.
1232 637 1358 667 liabent
1391 637 1589 668 horridiores,

895 684 1005 724 Lege:
1031 686 1154 726 ‘atque
1179 686 1241 716 boc
1265 686 1436 717 horridiore
1458 692 1533 717 suut
1557 688 1589 718 in

895 744 1006 774 pugna
1017 735 1205 775 ads-pectu,'
1215 737 1493 777 quemadmodum
1506 738 1591 778 Gry-

896 785 991 824 pliius
1018 785 1136 817 edidit.
1162 787 1273 817 Daris.
1297 796 1369 818 cur,
1393 797 1460 818 sec.
1509 788 1591 818 Ilor-

893 834 1032 866 ribiliore
1056 836 1203 867 retinent
1230 836 1396 876 Andium,
1420 837 1540 877 Scalig.
1556 843 1591 868 ct

896 885 1007 915 Oxon.
1036 886 1246 918 horribiliores
1276 887 1370 918 Leid.
1400 897 1450 927 pr.
1476 889 1590 919 Ceteri

895 943 1007 965 omnes
1029 935 1236 972 horridiores,-
1259 937 1320 966 nisi
1345 937 1432 977 quod
1450 938 1590 968 Vascos.

895 988 930 1014 et
951 984 1121 1025 Gryphius
1139 995 1214 1016 cum
1232 987 1294 1016 Ed.
1311 987 1444 1017 Stradze
1459 987 1591 1018 horridi-

894 1043 945 1064 ore
961 1035 1186 1074 exhibuerint,
1199 1045 1281 1076 quos
1298 1046 1418 1076 suquor
1434 1046 1508 1067 cum
1524 1038 1591 1067 Da-

895 1083 992 1121 visio,
1009 1084 1090 1114 licet
1115 1084 1222 1124 ipsum
1239 1085 1426 1116 horridiores
1451 1087 1592 1117 retineri

894 1137 1008 1172 posset
1030 1143 1070 1164 ex
1089 1134 1199 1164 Plinio
1218 1142 1266 1165 xl.
1286 1137 1336 1164 18.
1359 1136 1368 1152 ‘
1383 1145 1464 1175 apes
1488 1136 1592 1166 horri-

894 1181 946 1212 dae
976 1188 1054 1213 sunt
1081 1183 1274 1224 adspectu:'
1307 1185 1458 1224 quamvis
1489 1187 1591 1217 sciam

894 1232 938 1263 ibi
969 1232 1127 1264 horridum
1160 1233 1228 1264 dici
1257 1239 1291 1265 et
1320 1235 1498 1274 bominem,
1525 1245 1591 1267 non

894 1287 962 1314 tam
989 1283 1032 1314 ob
1055 1283 1214 1323 colorem,
1232 1293 1331 1324 quam
1357 1285 1531 1316 liirsutiem
1556 1292 1592 1317 et

893 1333 1063 1373 squalidos
1074 1334 1111 1364 'et
1125 1333 1304 1373 promissos
1319 1335 1469 1374 capillos,
1493 1335 1592 1367 Unde

894 1381 951 1412 illa
976 1383 1088 1412 omnia
1111 1382 1271 1413 dicuntur
1286 1384 1421 1424 horrere,
1437 1395 1510 1425 qnae
1527 1386 1592 1415 bir-

895 1437 986 1463 suta‘z
1013 1436 1114 1471 setas,
1146 1431 1229 1463 folia
1258 1433 1371 1473 densa,
1397 1436 1590 1474 squalentes

895 1481 1044 1522 capium,
1076 1482 1283 1524 barbamque
1311 1483 1451 1522 habent,
1480 1489 1515 1515 et
1544 1485 1592 1516 ita

894 1530 1044 1561 incomta
1071 1536 1105 1561 et
1131 1530 1355 1562 formidabilia
1371 1537 1459 1564 sunt.
1504 1533 1590 1565 Vide

894 1581 966 1611 Cel.
982 1581 1098 1612 Burm.
1117 1580 1160 1611 ad
1177 1581 1316 1612 Petron.
1334 1592 1364 1611 c.
1381 1585 1433 1613 99.
1473 1582 1591 1614 Heius.

893 1630 934 1661 ad
954 1631 1055 1662 ovid.
1072 1631 1158 1662 Met.
1177 1640 1226 1662 xl.
1245 1634 1319 1663 176.
1347 1632 1485 1673 aliisque
1506 1633 1589 1664 locis

892 1680 1016 1720 multis,
1043 1685 1077 1711 et
1107 1681 1231 1721 passim
1254 1681 1344 1712 viros
1374 1681 1502 1721 doctos,
1525 1692 1590 1723 quo

893 1740 989 1760 sensu
1004 1730 1107 1761 etiam
1129 1731 1285 1761 ‘horrida
1311 1731 1381 1762 oru'
1407 1732 1530 1762 Ovidio
1546 1742 1589 1763 ex

892 1780 1003 1810 Ponto
1017 1789 1071 1811 ιιι.
1085 1783 1115 1812 3.
1132 1783 1183 1813 17.
1204 1781 1213 1796 ‘
1229 1781 1380 1812 Horrida
1393 1782 1590 1822 pendebant

891 1829 1009 1860 molles
1025 1839 1200 1870 superora
1217 1831 1354 1870 capilli!
1377 1832 1504 1862 Verum
1518 1832 1590 1873 ipse

890 1879 947 1911 ille
964 1880 1056 1911 locus
1076 1880 1188 1921 juvat,
1214 1882 1292 1922 qnia
1316 1882 1370 1913 hic
1393 1891 1538 1924 quoque,
1554 1888 1591 1914 ut

891 1930 951 1970 ibi,
989 1931 1166 1963 ‘horridus
1204 1932 1397 1973 adspectus’
1426 1934 1592 1974 jungatur

892 1991 967 2012 cum
992 1983 1000 1999 ⁶
1015 1982 1146 2022 capillis
1163 1983 1360 2023 promissis:
1383 1993 1448 2024 quo
1464 1984 1591 2015 horridi

892 2036 990 2062 erant
1015 2032 1181 2072 Britanni,
1203 2036 1238 2063 et
1261 2033 1348 2064 vitro
1375 2033 1462 2064 illito
1487 2034 1592 2065 horri—

892 2081 1001 2113 diores
1027 2081 1168 2114 fiebant.
1215 2083 1281 2114 Sed
1313 2089 1348 2115 et
1377 2084 1419 2115 de
1446 2085 1591 2124 adspectu

891 2132 1004 2163 Valer.
1020 2132 1116 2163 Max.
1130 2142 1178 2164 lv.
1189 2136 1219 2164 4.
1235 2134 1251 2174 ξ
1269 2137 1298 2164 l.
1322 2135 1331 2150 ‘
1343 2134 1482 2165 Illarum
1498 2133 1590 2166 frons

891 2182 1029 2222 hilaris,⁷
1046 2184 1108 2213 ἃς.
1131 2185 1139 2199 ‘
1155 2188 1188 2214 ct
1212 2184 1311 2224 liujus
1337 2183 1507 2215 horridior
1533 2185 1589 2215 ad-

891 2238 1026 2273 spectus
1043 2232 1156 2264 solidis
1173 2233 1269 2264 bonis
1283 2233 1456 2266 abundet.’
1493 2235 1590 2266 Curt-

891 2290 972 2312 vm.
1009 2285 1040 2314 9.
1085 2284 1101 2322 ξ
1140 2285 1192 2314 31.
1238 2283 1280 2314 de
1325 2284 1590 2315 Brachmanibus

893 2333 902 2348 ‘
916 2330 1061 2371 Agre-ste
1099 2336 1133 2363 et
1169 2333 1341 2364 horridum
1375 2343 1478 2374 genus
1517 2334 1590 2365 est)

893 2380 1070 2413 Praeterea
1085 2382 1212 2414 dicitur
1224 2388 1258 2414 et
1273 2384 1314 2415 de
1332 2385 1408 2415 aliis
1425 2384 1537 2424 rebus,
1553 2388 1590 2415 ut

891 2430 1017 2462 horrido
1033 2435 1209 2473 tempestas,
1231 2432 1336 2474 verba,
1361 2433 1504 2465 horridus
1528 2436 1589 2465 cla-

891 2489 968 2520 mor,
982 2482 1036 2520 &aa

936 2534 973 2562 11
997 2532 1026 2564 A
1043 2533 1150 2573 quibus
1167 2534 1304 2574 primum
1317 2534 1452 2574 virgines
1465 2544 1589 2575 quoeque

892 2582 992 2612 ἀνοία
1015 2583 1103 2623 sunt]
1147 2584 1231 2615 Mss.
1257 2584 1382 2615 Eliens.
1411 2589 1446 2614 et
1463 2583 1590 2623 Vossii5

891 2641 948 2671 quo
971 2633 1053 2673 (Ms.
1080 2635 1165 2676 Reg.
1181 2633 1322 2675 quorum)
1338 2634 1472 2673 primum
1500 2632 1588 2672 virgo

891 2691 1016 2723 quaeque
1035 2685 1184 2714 deducta:
1212 2683 1304 2714 Edit.
1334 2683 1430 2714 Rom.
1454 2683 1589 2714 adducta

891 2735 948 2762 cst.
974 2733 1099 2765 Clarke.
1159 2733 1310 2764 Primum
1335 2740 1396 2772 pro
1421 2731 1531 2772 quibu
1551 2732 1586 2764 in
