1818 3131
340 223 431 253 mu.
469 221 529 251 vi.
562 218 667 250 σΑι).
689 209 757 251 17.
794 221 855 250 DE
890 220 1044 252 annno
1076 222 1304 253 GALIACO.

99 317 269 347 Caeterum
296 316 406 348 Beleni
441 324 562 346 nomen
591 313 720 346 factum
751 323 796 345 ex

95 350 182 408 '7272
198 367 278 405 baal,
293 372 352 398 aut
371 367 429 405 bal,
446 365 533 396 unde
550 363 699 405 pluribus
717 373 797 404 gen-

100 418 181 450 tium
198 418 261 448 diis
278 417 441 449 vocabula
461 426 530 447 sna.
568 415 688 457 Neque
707 415 794 446 enim

101 467 185 499 adeo
203 476 276 499 cum
299 465 431 498 Pithoeo
455 466 646 505 errandum,
673 470 710 497 ut
726 476 799 497 cre-

100 519 216 548 damus
242 517 402 548 Belenum
430 526 449 547 a
473 516 572 557 jactu
599 516 670 547 sive
697 517 796 548 emis-

97 569 190 600 sione
216 567 384 598 radiorum
407 567 440 598 id
461 576 582 598 nomen
607 566 795 606 accepisse.

96 617 202 657 Nugae
226 622 316 657 sunt,
332 623 368 648 et
388 617 489 658 digna
513 617 682 648 Graeculis
705 626 794 648 com-

95 672 220 707 menta,
235 677 345 709 neque
359 668 485 699 certius
499 667 681 708 quidquam
695 677 795 707 quam

97 726 259 766 Belenum,
296 731 334 757 ut
368 726 453 766 dixi,
493 727 607 757 venire
649 737 668 757 a
697 711 797 766 5372,

97 776 196 807 Unde
226 782 261 808 et
295 777 505 818 Hesychius:
549 775 644 815 Βέλα,
676 778 796 819 inquit,

93 828 180 863 ἥλιος
205 826 255 858 καὶ
283 826 375 865 αὐγή.
422 827 507 858 Haec
534 826 714 859 manifeste
746 829 795 860 rei

93 878 271 910 veritatem
288 878 459 909 evincunt.
493 878 593 909 Nunc
608 878 707 910 video
724 889 795 911 rec-

95 932 128 958 te
144 927 263 959 eadem
279 928 508 959 observavisse
528 927 666 959 doctum
688 929 795 961 virum

93 977 285 1018 Seldcnnm,
302 988 421 1009 verum
437 978 556 1010 eadem
580 988 599 1009 a
625 988 676 1010 me
705 981 796 1021 cogi·

93 1032 177 1066 tata,
201 1032 382 1069 antequam
408 1029 482 1069 ejus
507 1029 629 1060 librum
660 1039 796 1070 percur—

93 1087 215 1118 rerem,
246 1079 326 1109 mi'ni
357 1079 515 1111 conscius
547 1089 632 1111 sum.
686 1079 796 1111 Porro

93 1129 284 1160 sacerdotes
302 1130 422 1161 Beleni
446 1129 580 1160 Poteras
595 1135 735 1161 vocatos
753 1139 796 1161 ex

92 1179 240 1211 Ausonio
263 1179 436 1220 discimus,
456 1189 533 1211 cum
561 1180 610 1211 ait
633 1179 674 1211 de
698 1179 796 1212 Attio

91 1228 241 1260 Patera:
281 1231 290 1247 ‘
307 1230 428 1261 Beleni
456 1234 625 1261 sacratum
655 1229 750 1261 ducis
777 1239 795 1261 e

94 1280 222 1321 templo
244 1289 371 1321 genus:
400 1280 445 1311 Et
468 1280 545 1311 inde
570 1279 664 1311 vobis
691 1280 795 1312 nomi-

92 1338 152 1360 na:
175 1330 255 1361 Tibi
271 1330 428 1361 Paterae:
453 1330 502 1361 sic
518 1329 690 1361 ministros
714 1339 795 1360 nun-

94 1383 221 1419 cupant
238 1378 445 1420 Apollinaris
463 1379 618 1419 mystici.’
642 1379 710 1410 Ubi
726 1389 794 1410 mo-

92 1438 156 1460 neo
173 1429 377 1469 Apollinaris,
393 1430 449 1460 vel
471 1429 499 1460 si
515 1429 619 1460 mavis
636 1430 793 1470 Apollina—

93 1490 142 1511 res
157 1480 387 1520 scribendum,
402 1485 437 1512 et
452 1486 563 1511 tamen
579 1480 678 1511 aliter
693 1481 794 1511 Vine-

93 1535 147 1561 tus
165 1540 204 1562 ac
229 1532 380 1572 Scaliger
400 1531 602 1562 ediderunt:
627 1531 718 1572 quod
735 1532 794 1562 mi·

92 1590 160 1612 ror.
203 1581 335 1613 Vossius.

135 1632 288 1673 Martem]
326 1634 436 1666 Quem
468 1633 589 1664 Hcsum
621 1642 794 1674 nuncupa-

94 1691 185 1713 vere.
209 1683 373 1714 Occurrit
388 1683 451 1714 hoc
466 1693 587 1714 nomen
603 1683 694 1723 apud
711 1683 795 1714 Lac-

94 1735 181 1762 tant.
204 1732 247 1763 de
274 1732 359 1764 falsa
381 1733 531 1773 Sapient.
556 1742 580 1764 1.
598 1736 650 1765 21.
675 1735 684 1751 ‘
704 1733 795 1765 Galli

94 1782 196 1813 Esum
210 1788 313 1824 atque
325 1784 502 1815 Teutatem
516 1784 659 1815 humano
673 1793 793 1815 cruore

92 1833 299 1873 placabant!
345 1836 494 1867 Quorum
521 1835 616 1866 illum
646 1836 794 1867 Martem

92 1893 166 1915 esse
191 1884 269 1916 hinc
291 1885 475 1926 colligitur,
503 1886 594 1927 quod
619 1886 794 1917 Mercurio

92 1940 129 1967 et
143 1936 250 1967 Marti
265 1937 392 1977 captivi
407 1937 606 1968 litabantur.
642 1938 730 1968 Nam
747 1937 794 1968 ait

93 1986 208 2017 Caesar
233 1987 338 2018 infra:
361 1988 370 2004 ‘
389 1988 538 2018 Martem
564 1987 651 2018 bella
675 1997 794 2028 regere

91 2037 322 2077 arbitrantur3
345 2038 435 2079 huic,
446 2048 550 2080 quum
561 2039 682 2079 proelio
699 2038 793 2069 dimi-

92 2097 170 2119 care
187 2089 450 2130 constituerunt,
472 2099 526 2129 ea,
543 2099 619 2130 qnae
636 2088 726 2120 bello
742 2098 795 2120 ce-

94 2138 220 2178 perint,
241 2139 439 2181 plerumque
466 2138 660 2171 devovent)
703 2139 793 2171 Quin

94 2191 130 2218 et
156 2188 294 2218 Tacitus
316 2188 438 2220 Annal.
461 2190 483 2220 1.
500 2198 582 2220 xln.
607 2190 616 2206 ‘
633 2189 700 2220 Sed
716 2189 793 2220 Bel-

94 2237 163 2268 lum
180 2238 428 2269 Hermunduris
444 2249 660 2280 prosperum:
683 2239 793 2271 Cattis

94 2287 200 2318 exitio
227 2287 309 2319 fuit:
345 2289 424 2330 quia
450 2290 598 2321 victores
625 2290 791 2321 diversam

92 2338 200 2369 aciem
222 2339 329 2370 Marti
355 2349 394 2370 ac
415 2340 586 2371 Mercurio
601 2345 792 2381 sacravere,

93 2398 161 2429 quo
175 2394 256 2420 voto
267 2390 358 2430 equi,
373 2390 448 2430 viri,
464 2396 587 2422 cuncta
602 2391 692 2422 victa
704 2392 793 2423 occi-

92 2439 184 2471 dioni
212 2440 356 2472 dantum·
392 2441 528 2472 Deinde
552 2440 794 2472 confirmantur

91 2490 209 2522 eadem
226 2491 336 2522 verbis
351 2492 479 2523 Lucani
495 2501 520 2523 1.
536 2494 610 2523 445.
628 2493 637 2509 ‘
655 2492 707 2522 Ex
723 2492 794 2532 qui-

92 2540 154 2573 bus
178 2541 317 2573 immitis
349 2542 505 2583 placatur
530 2542 691 2582 sanguine
719 2542 793 2573 diro

90 2590 270 2630 Teutates;
295 2593 502 2633 horrensque
520 2592 602 2623 feris
628 2593 793 2623 altaribus

92 2640 228 2674 Hesus?
266 2643 333 2674 Ubi
356 2648 534 2683 utrumque
551 2643 738 2683 conjungit,
755 2648 792 2673 ut

94 2689 152 2722 vix
167 2692 334 2733 ambigam
350 2694 565 2724 Lactannum
583 2704 644 2724 sua
667 2703 709 2724 ex
726 2694 791 2724 Ln—

95 2748 185 2772 cano‘
201 2743 370 2785 sumsisse,
385 2754 460 2775 cum
481 2745 592 2785 paullo
610 2749 687 2785 post
701 2745 790 2776 hunc

95 2790 348 2831 poexmfitet.
392 2795 558 2828 Cluverus
588 2800 687 2837 putat
716 2805 791 2837 pro-

1435 212 1548 254 1159

851 317 959 356 prium
989 318 1111 348 Martis
1152 327 1272 349 nomen
1310 316 1412 348 fnisse
1446 317 1548 349 Thies.

851 366 969 397 Movet
997 369 1088 398 illum
1115 368 1206 409 quod
1234 368 1355 399 Martis
1381 367 1468 408 dies,
1491 369 1549 409 qui

847 415 945 445 nobis
968 418 1155 457 Dynmum,
1184 419 1236 448 xe}
1256 417 1462 459 Dyssendagh
1483 423 1548 456 est,

847 466 952 505 magis
968 467 1299 507 Septentrionalibus
1313 474 1454 500 vocetur
1465 467 1549 500 ‘ries-

846 517 935 557 dach,
963 521 1065 557 atque
1097 517 1172 548 illas
1211 519 1366 549 nationes
1398 523 1550 550 veterem

847 566 1030 597 dialectum
1048 567 1191 598 maxime
1210 569 1358 599 retinere.
1376 569 1436 599 ait.
1478 567 1546 600 Sed

846 616 929 646 mihi
945 616 979 647 id
996 626 1061 647 non
1087 617 1211 657 placet,
1228 627 1337 659 neque
1355 618 1442 649 enim
1463 614 1549 649 arbi—

849 670 919 697 tror
941 666 975 696 in
1000 667 1121 697 Martis
1146 668 1279 698 nomine
1297 668 1324 698 T
1349 668 1481 699 literam
1498 667 1548 699 fu·

848 717 924 756 isse,
942 727 1017 758 qnae
1031 717 1120 758 quod
1137 718 1285 750 occurrit
1298 719 1330 748 in
1347 728 1429 749 voce
1446 719 1549 750 Thits·

848 768 926 798 dach
941 777 984 799 ex
1000 768 1144 799 articulo
1166 767 1307 806 factum,
1324 777 1386 808 pro
1410 768 1464 799 De
1480 769 1547 800 Hes

847 819 943 851 dach:
969 829 1031 850 nec
1055 818 1186 859 dubito,
1208 823 1370 860 qnantum
1392 818 1434 849 ad
1460 819 1547 850 hanc

847 879 979 909 vocem,
997 869 1134 910 propius
1159 874 1307 900 nostram
1332 869 1480 909 linguam
1504 869 1546 900 ad

846 925 998 951 veterem
1022 920 1111 950 illam
1128 920 1304 951 Gallorum
1327 919 1471 960 linguam
1495 929 1548 951 ac-

846 970 982 1008 cedere,
1005 980 1103 1011 quam
1132 970 1456 1010 Septentrionalium
1479 979 1547 1001 ser-

846 1030 1000 1051 monem:
1024 1021 1166 1051 dicimus
1190 1020 1279 1051 enim
1306 1030 1366 1051 nos
1383 1021 1547 1062 Dysdagh‚

847 1071 941 1112 quasi
964 1070 1058 1101 dicas
1083 1070 1281 1101 d’Hesdacla:
1304 1069 1404 1101 facile
1432 1075 1545 1101 autem

847 1122 975 1152 vocalis
992 1125 1143 1151 mutatur
1165 1130 1181 1151 e
1204 1121 1238 1151 in
1262 1121 1284 1151 i.
1330 1120 1398 1151 Sed
1414 1129 1478 1161 ego
1496 1129 1546 1151 ar-

848 1171 956 1203 bitror
970 1171 1145 1213 proprium
1164 1176 1200 1202 et
1227 1170 1406 1212 genuinum
1423 1171 1547 1201 Martis

845 1231 968 1253 nomen
992 1221 1093 1253 fuisse
1126 1222 1268 1261 Cososus,
1296 1221 1346 1252 uti
1377 1220 1411 1251 in
1435 1221 1546 1251 veteri

846 1272 1076 1313 Inscriptione
1094 1276 1157 1311 est,
1173 1280 1246 1312 quae
1270 1270 1401 1302 inedita
1421 1271 1547 1311 legitur

845 1322 877 1353 in
896 1323 970 1353 vico
989 1321 1182 1362 Leprosoin
1197 1321 1322 1353 finibus
1333 1321 1544 1362 Biturigum:

901 1372 1087 1403 FIAVIA.
1112 1371 1249 1403 CVBA.
1275 1372 1487 1404 FIRMANI

1130 1421 1258 1453 FILIA

881 1473 1074 1506 COSOSO.
1098 1473 1211 1506 DEO.
1237 1474 1403 1506 MARTI.
1426 1474 1514 1507 SVO

901 1525 1012 1557 HOC.
1037 1525 1235 1557 SIGNVM.
1260 1524 1486 1557 DONAVIT

1078 1575 1311 1607 AVGVSTO.

845 1627 959 1659 Facile
976 1633 1086 1659 autem
1103 1628 1212 1669 potuit
1227 1627 1407 1668 depravari
1423 1637 1544 1661 nomen

844 1677 940 1716 illud,
969 1683 1008 1709 ut
1039 1688 1082 1709 ex
1112 1679 1222 1709 Cososo
1252 1677 1353 1710 fieret
1383 1679 1547 1720 Chososus,

845 1727 923 1759 inde
942 1728 1059 1759 Chosus
1074 1730 1128 1760 vel
1144 1729 1250 1760 Hesus
1265 1734 1299 1760 et
1316 1729 1431 1760 Hesus.
1462 1729 1545 1761 Por-

846 1788 882 1809 ro
918 1779 997 1820 quia
1033 1786 1133 1811 antea
1162 1780 1276 1811 Caesar
1304 1780 1393 1811 dixit
1425 1779 1545 1811 Gallos

844 1829 987 1860 maxime
1018 1829 1227 1861 Mercurium
1252 1830 1410 1869 coluisse,
1428 1834 1463 1861 et
1487 1830 1545 1861 alii

845 1884 980 1911 autores
1016 1880 1198 1920 prodidere
1238 1880 1427 1911 Germanos
1454 1881 1544 1912 Mar-

845 1934 913 1961 tem
931 1940 999 1970 prae
1015 1931 1151 1962 caeteris
1166 1930 1228 1961 diis
1245 1935 1434 1970 veneratos,
1453 1930 1545 1963 idem

844 1981 1009 2012 Cluverus
1038 1980 1273 2013 difficultatem
1302 1982 1358 2013 hic
1385 1990 1459 2012 esse
1486 1991 1546 2022 pu-

843 2036 909 2071 tat,
927 2033 1022 2073 quasi
1038 2042 1104 2064 non
1118 2034 1295 2073 potuerint
1309 2032 1401 2064 Galli
1416 2041 1546 2063 summo

843 2083 968 2114 honore
984 2084 1129 2115 coluisse
1146 2083 1367 2121 Mercurium,
1384 2083 1547 2115 Germani

844 2133 1016 2164 Martem:
1042 2133 1131 2175 quod
1158 2134 1239 2164 satis
1270 2133 1417 2173 probant
1442 2133 1547 2164 verba

844 2183 1005 2224 Procopii
1021 2183 1109 2215 infra
1128 2184 1249 2225 posita.
1279 2184 1413 2215 Vossius.
1463 2185 1547 2215 Esus

828 2238 878 2270 „et
897 2235 1063 2266 Teulhates
1086 2235 1153 2266 Ms.
1170 2235 1256 2266 Bou.
1270 2236 1452 2267 Lactantii.
1487 2235 1544 2266 vi-

842 2284 885 2316 de
916 2290 950 2316 et
978 2286 1067 2317 viros
1095 2286 1215 2317 doctos
1241 2286 1285 2317 ad
1315 2286 1479 2328 Hesychii
1499 2286 1543 2317 V.

841 2333 932 2366 ἅῖσοι.

883 2387 1006 2429 Jovem]
1028 2387 1161 2419 Nomen
1177 2387 1207 2417 ei
1223 2387 1395 2429 proprium
1413 2387 1505 2418 Thor.
1521 2387 1544 2418 ι’.

843 2438 982 2469 tonitru.
1017 2439 1116 2469 Unde
1149 2439 1267 2469 Ericus
1294 2439 1413 2469 Olaus.
1450 2438 1543 2469 Hist.

842 2487 976 2520 Suecic.
999 2497 1024 2519 1.
1043 2492 1072 2520 1.
1096 2490 1104 2506 ‘
1123 2489 1214 2520 Tho·-
1238 2494 1399 2530 tanquam
1423 2494 1543 2530 poten·

845 2537 991 2569 tissimus
1008 2544 1042 2570 et
1065 2549 1211 2571 summus
1231 2541 1396 2579 Deorum,
1423 2541 1455 2570 in
1476 2548 1544 2569 me-

844 2587 900 2619 dio
915 2594 950 2619 et
967 2590 1041 2620 aliis
1066 2590 1167 2621 altior
1191 2589 1377 2628 residebat,
1399 2588 1543 2629 imagine

845 2638 907 2669 viri
930 2639 1025 2679 nudi,
1041 2640 1185 2671 dextera
1200 2640 1334 2680 quidem
1356 2644 1542 2679 sceptrum,

841 2688 974 2720 sinistra
1003 2700 1082 2722 vero
1110 2695 1244 2730 septem
1277 2689 1390 2720 stellas
1421 2686 1543 2728 praefe-

842 2739 947 2770 remis
968 2740 1130 2781 insignis!
1165 2741 1210 2770 Et
1234 2749 1332 2770 mox:
1357 2739 1366 2755 ‘
1384 2739 1454 2770 Pro
1469 2739 1541 2779 plu-

841 2789 896 2822 via
907 2794 942 2822 et
955 2799 1037 2822 aura
1053 2789 1241 2822 necessaria
1253 2788 1435 2821 invocabat
1449 2788 1540 2821 Tho-
