1818 3131
335 214 428 243 LlB.
461 212 531 242 111.
566 212 671 242 GAP.
693 202 761 243 15.
796 213 857 243 DE
894 215 1048 245 BELLO
1079 216 1308 248 GALLlcO.

87 303 202 337 nossaz‘
242 306 332 345 lego,
372 306 382 324 ⁴
400 305 493 337 Mala
522 303 695 344 gramina)
741 305 786 336 Et

86 356 240 397 respexit
256 356 299 388 ad
314 356 398 388 illud
413 354 560 396 ejusdem
573 353 698 394 poetae,
712 354 784 386 AEn.

84 414 127 438 11.
149 406 311 438 ‘coluber
342 406 427 436 mala
456 404 608 447 gramina
646 405 784 445 pastus.¹

84 456 257 489 Quantum
279 457 321 488 ad
345 455 489 487 Caesaris
514 454 627 493 verba,
644 463 710 485 uon
733 463 785 485 ar·

84 505 192 537 bitror
215 505 409 538 mutandum
436 504 632 546 quidquam,
650 514 726 536 cum
749 510 786 537 et

84 555 270 594 Vitruvius,
293 554 459 595 Augustei
485 554 547 584 aevi
575 554 734 595 scriptor,
751 563 785 587 v.

84 607 135 638 12.
157 605 312 636 destinare
338 613 398 645 pro
427 603 576 644 deligare
608 609 662 635 ter
692 614 784 635 usur-

81 655 226 697 paverit.
272 655 318 686 Et
346 655 503 686 destinare
533 654 623 694 apud
651 659 784 686 veteres

81 704 344 746 significationes
393 706 586 745 complures
627 705 784 738 habuisse

81 760 214 788 certum
241 761 305 788 est.
351 756 406 788 Sic
430 766 472 787 ex
497 756 608 787 Nonio
624 756 784 787 discimus

79 815 218 846 parare,
233 811 269 838 et
283 814 395 837 emere
410 806 580 838 notavisse
594 818 600 837 z
620 806 667 837 ait
683 805 784 846 enim,

80 856 88 872 ⁴
102 855 289 888 Destinare
306 856 432 888 dicitur
455 856 597 897 parare)
644 858 652 874 ‘
671 857 785 888 Desti-

80 914 175 946 nare,
197 906 334 938 emere)
393 907 556 938 Lucillius
594 907 617 938 l.
650 916 784 940 xxviii.

81 957 90 974 ‘
110 956 224 996 Facio,
251 957 293 988 ad
308 957 463 989 lenonem
482 957 590 996 venio,
617 957 726 989 tribus
750 958 783 989 in

80 1005 277 1038 libertatem
292 1006 440 1038 millibus
457 1007 630 1039 destinor?
672 1007 784 1040 Etiam

81 1066 142 1098 pro
166 1057 333 1096 designare
358 1066 436 1088 usus
460 1058 611 1097 Curtius,
627 1067 704 1090 cum
725 1059 785 1099 ait,

79 1108 297 1150 ‘conjectum
320 1109 506 1149 oculorum,
523 1109 643 1150 quibus
667 1114 704 1140 ut
728 1109 784 1140 fui·

82 1157 324 1195 destinabatur,
344 1157 433 1189 ferre
457 1159 652 1200 Dioxippus
669 1160 784 1200 nequi·

81 1208 152 1240 vit!
194 1208 378 1240 Suetonius
401 1213 437 1239 et
459 1208 562 1241 medii
585 1209 647 1241 aevi
668 1209 784 1250 Scrip-

81 1264 171 1290 tores
186 1268 248 1301 pro
261 1259 398 1291 mittere
416 1265 593 1300 usurpant.
631 1259 784 1301 Corippo

79 1310 199 1343 destina
214 1311 368 1342 columen
385 1315 436 1342 est
454 1320 512 1341 seu
530 1310 689 1351 fulcrum,
706 1321 783 1342 cum

80 1360 152 1393 ait:
187 1362 197 1380 ⁴
215 1361 261 1393 Et
287 1361 431 1393 Thomas
462 1361 600 1402 Libycae
631 1363 783 1394 nutantis

79 1411 213 1443 destina
246 1411 369 1443 terrael
415 1410 545 1443 Eodem
575 1412 674 1444 modo
703 1421 783 1444 usus

80 1461 265 1493 Arnobius.
295 1461 430 1501 Vossius.
475 1460 524 1492 Ut
547 1461 668 1502 probet
690 1461 783 1493 Ciac·

80 1511 197 1543 conius
227 1510 401 1551 vulgarem
440 1510 624 1541 lectionem
655 1510 784 1542 distine-

80 1561 167 1601 bant,
178 1559 292 1593 adfert
303 1561 413 1592 locum
426 1569 474 1591 tv.
486 1563 535 1591 17.
549 1561 557 1576 ‘
570 1559 658 1591 binis
670 1560 784 1591 utrim-

81 1620 147 1652 que
161 1609 276 1641 fibulis
297 1609 342 1651 ab
364 1614 507 1650 utraque
530 1614 628 1650 parte
645 1609 783 1641 distine-

81 1659 240 1693 bantur:'
259 1659 320 1691 ned
342 1663 377 1690 et
399 1659 468 1691 illic
494 1659 655 1690 Davisius
671 1660 786 1700 legen-

81 1710 160 1751 duin
196 1713 296 1752 putat
335 1708 597 1746 destinabantur;
630 1708 713 1740 licet
745 1717 785 1739 eo

80 1761 154 1798 loco
178 1759 329 1795 abnuant
355 1759 439 1790 Mss.
464 1768 541 1790 nam
563 1759 686 1791 ceteris
702 1759 784 1790 locis

81 1810 136 1843 hic
152 1802 309 1843 aVossio
333 1808 490 1841 adductis
514 1809 598 1841 Mss.
623 1809 784 1840 exhibent

81 1859 313 1892 destinabantur
332 1858 386 1890 vel
410 1858 651 1891 distinebantur.
695 1858 784 1889 Vide

82 1901 335 1951 spi'Coinment.
359 1908 427 1942 Hic
444 1918 575 1951 quoque
590 1908 674 1941 Coll.
686 1908 783 1940 Voss

83 1960 152 1993 sive
179 1958 263 1992 Cod.
286 1958 375 1990 Scal.
403 1957 559 1990 Leideus.
589 1958 718 1999 primns
749 1958 783 1989 et

83 2009 204 2043 tertius
231 2018 308 2040 cum
340 2008 406 2040 Ed.
436 2008 577 2041 Incerta
605 2013 785 2040 servarunt

82 2058 287 2097 destinabunt,
302 2063 340 2090 ut
357 2058 442 2090 bene
465 2057 606 2090 edidere
622 2059 785 2092 Davisius

83 2112 119 2140 et
149 2108 318 2140 Clarkius.
375 2107 491 2141 Ceteri
522 2107 607 2140 Mss.
634 2109 785 2148 potiores

83 2157 270 2191 distinebant
297 2167 374 2189 cum
404 2157 574 2200 plerisque
601 2158 690 2192 Edd.
719 2158 786 2190 Re-

85 2207 254 2240 comior-es
287 2206 396 2240 Codd.
426 2212 465 2242 ut
495 2211 531 2240 et
558 2208 659 2239 Voss.
687 2209 785 2249 prim.

84 2257 273 2296 detinebant,
292 2257 382 2298 quod
404 2262 517 2292 tamen
540 2256 632 2290 foret
656 2259 788 2299 melius,

85 2316 185 2348 quam
208 2307 407 2356 distinebant,
430 2308 518 2350 quod
538 2308 685 2346 dii-idere,
703 2319 788 2350 sepa.

85 2368 156 2390 rare
177 2362 289 2395 notat,
306 2357 376 2389 sive
400 2357 517 2399 quovis
540 2357 640 2390 modo
655 2368 789 2398 curare,

85 2412 124 2440 ut
139 2418 216 2450 quae
229 2407 397 2449 disjuncta
411 2408 478 2440 sint
494 2417 559 2440 nou
575 2408 710 2448 coeant,
721 2418 787 2452 nou

86 2467 167 2491 vero
206 2458 350 2499 albigae,
381 2462 418 2491 ut
448 2459 509 2491 hoc
539 2463 575 2490 et
612 2458 679 2493 illis
707 2459 788 2493 locis

87 2508 202 2544 debet.

130 2561 172 2593 19
193 2557 504 2600 Prmmpebuntur]
526 2558 680 2591 Leidens.
691 2559 788 2600 prim.

85 2609 370 2652 prmmpebantur.
408 2610 526 2644 Ursini
540 2609 646 2641 Codd.
664 2611 789 2642 Lovan.

90 2664 127 2692 et
152 2660 214 2692 Ed.
238 2661 405 2702 Princeps
431 2662 730 2704 per-rumpebantur:
751 2666 790 2695 ut

89 2709 240 2743 malebat
268 2712 427 2744 Faernus.
480 2713 541 2746 Nil
571 2717 676 2744 muto.
731 2712 788 2743 So-

91 2759 211 2794 lemnis
235 2765 287 2795 est
316 2762 467 2796 variatio.
511 2761 615 2797 Ovid.
646 2762 789 2796 Metam.

1426 208 1538 252 1023

837 310 1002 338 x1v.547.
1027 308 1036 325 ¹
1054 307 1183 349 Stupea
1207 310 1406 351 praerumpit
1429 311 1539 353 Phry-

836 357 899 396 giae
915 358 1103 389 retinacula
1114 359 1252 390 classis!
1293 360 1412 392 Potius
1426 362 1539 395 malim

836 416 898 447 pro
913 407 1054 438 abscissis
1075 419 1150 440 cum
1176 410 1258 441 Mss.
1283 410 1399 441 Ursini
1423 416 1459 443 et
1485 421 1539 444 eo-

835 456 911 487 dem
938 457 1092 488 Leidensi
1114 461 1274 498 proecisic:
1298 461 1341 492 de
1364 472 1429 503 quo
1450 473 1539 495 com-

836 506 947 547 posito
970 507 1023 538 adi
1052 508 1232 540 Heinsinm
1248 511 1290 541 ad
1309 512 1409 544 Ovid.
1427 514 1537 554 Epist.

836 557 920 588 Her.
945 565 1007 588 xx.
1033 567 1118 590 vers.
1148 562 1221 590 143.
1254 561 1434 593 Frontinus
1461 574 1538 596 cum

834 606 927 646 alibi,
942 611 1014 638 tum
1038 616 1086 638 1v.
1108 610 1138 639 1.
1163 610 1171 626 ‘
1189 609 1312 641 Cinctu
1338 617 1426 645 toga³
1456 623 1540 654 prae-

835 656 938 695 ciso;'
962 667 1162 699 quamquam
1186 660 1240 690 liic
1262 660 1371 700 potius
1389 662 1541 703 notaret,

834 711 913 738 ante
929 707 1065 741 abscisis.
1112 709 1201 741 Nam
1215 710 1262 741 sic
1279 711 1397 745 saltem
1414 722 1430 742 e
1448 718 1540 744 cete-

834 755 880 788 ris
899 757 980 789 Mss.
997 763 1033 789 et
1050 758 1136 790 Edd.
1160 760 1315 797 vetustis,
1340 762 1539 801 quibuscum

834 806 919 839 facit
947 808 1109 849 Scaliger,
1140 811 1287 851 reposui.
1328 811 1370 843 V.
1411 812 1539 846 ibidem

835 867 868 898 p.
894 860 946 890 49,
970 863 1005 890 et
1033 859 1150 892 Davis.
1179 860 1222 890 ad
1247 864 1383 893 v11.73.
1409 862 1539 893 ‘firmis

835 908 935 938 ramis
964 909 1125 941 abscisis)
1159 909 1256 941 Colv.
1286 910 1327 941 ad
1355 910 1458 951 Apul.
1488 920 1539 945 xv.

835 961 888 989 70.
930 959 939 976 ⁴
956 959 1096 990 Manum
1136 969 1274 999 prorsus
1312 961 1539 994 abscidimus.²

835 1008 927 1039 Male
943 1008 1032 1040 Edd.
1050 1009 1185 1040 novitiae
1202 1009 1417 1042 abscindimus.

878 1067 936 1090 xv.
967 1062 981 1089 l
1010 1059 1206 1097 Disjectisut
1229 1061 1260 1091 d.
1282 1061 1449 1102 antemnis]
1477 1063 1542 1094 Ur·

835 1108 925 1139 sinus
942 1108 1122 1140 videndum
1139 1111 1200 1148 ait,
1218 1120 1260 1142 an
1277 1119 1342 1141 non
1360 1112 1539 1151 legendum

834 1159 878 1189 sit
892 1159 1034 1197 dejectis:
1058 1160 1137 1200 quia
1153 1170 1253 1200 supra
1270 1161 1404 1192 dixerat
1422 1168 1541 1195 auctor

833 1210 1026 1242 ‘antemuae
1065 1211 1319 1244 concidebant)
1383 1213 1443 1243 Est
1483 1212 1541 1253 qui

833 1260 973 1290 dissectis
986 1260 1103 1292 malit:
1130 1261 1188 1291 sed
1205 1261 1311 1301 probo
1333 1263 1468 1293 omnino
1490 1264 1541 1294 de-

825 1308 946 1346 jectis:
983 1310 1018 1341 id
1049 1314 1114 1349 est,
1151 1311 1193 1342 de
1225 1321 1354 1341 summo
1386 1312 1474 1344 malo
1504 1313 1539 1345 in

835 1369 938 1390 naves
964 1361 1017 1392 vel
1039 1370 1132 1393 mare
1151 1361 1270 1401 jactis,
1293 1362 1394 1403 idque
1419 1362 1539 1394 confir-

834 1414 947 1441 matur
963 1410 1004 1441 ab
1022 1411 1158 1451 optimis
1171 1411 1372 1442 membranis
1385 1412 1541 1452 Andinis‚

835 1459 1043 1492 creberrima
1067 1460 1273 1492 confusione.
1319 1460 1375 1491 Sic
1402 1461 1538 1502 ‘dejec-

835 1513 906 1539 tum
932 1509 965 1540 iu
994 1510 1134 1550 pelagus
1161 1519 1285 1549 corpus
1329 1510 1455 1545 Luca-n.
1480 1520 1538 1544 111.

834 1562 909 1591 660.
941 1563 977 1590 et
1005 1562 1081 1590 691.
1116 1559 1230 1599 ‘Tela
1260 1560 1344 1590 mari
1379 1560 1537 1601 dejecta!

833 1610 900 1640 Sed
938 1610 986 1640 ibi
1016 1614 1158 1650 praestat
1186 1610 1314 1650 disjecta
1347 1612 1365 1642 i.
1407 1621 1537 1652 sparsa.

836 1659 940 1690 Ovid.
963 1660 1104 1692 Metam.
1128 1668 1194 1692 xlx.
1218 1662 1293 1691 289.
1316 1664 1325 1677 ‘
1345 1661 1458 1692 Insani
1483 1662 1539 1692 de-

828 1707 957 1748 jectam
983 1708 1109 1738 viribus
1141 1708 1247 1739 austri
1276 1709 1377 1740 Forte
1407 1710 1539 1741 trabem

836 1758 990 1789 nactus:'
1015 1767 1116 1798 quem
1137 1758 1247 1790 locum
1275 1759 1411 1799 egregie
1432 1760 1540 1791 viudi-

836 1807 926 1838 cavit
957 1807 1028 1838 Cel.
1056 1808 1171 1839 Burin.
1204 1808 1246 1839 ad
1276 1809 1391 1840 Valet.
1424 1810 1538 1842 flacc.

835 1865 916 1888 vul.
933 1859 1007 1890 289,
1031 1862 1065 1888 et
1080 1857 1128 1889 ita
1145 1860 1153 1875 ί
1168 1867 1264 1890 avem
1279 1858 1364 1889 coelo
1377 1859 1541 1900 dejicere'

834 1916 897 1948 pro
912 1906 1027 1946 ferire,
1039 1912 1076 1938 ut
1092 1908 1213 1941 cadat:
1231 1909 1274 1940 de
1289 1919 1355 1949 qua
1368 1910 1540 1941 locutione

836 1957 972 1988 consule
989 1957 1061 1989 Cel.
1079 1958 1258 1992 Drakenb.
1275 1959 1317 1990 ad
1333 1960 1450 1991 Silium
1463 1961 1485 1992 l.
1498 1970 1538 1993 11.

836 2016 922 2038 vers.
949 2010 1003 2039 96.
1041 2008 1187 2049 Propius
1216 2009 1352 2040 accedit
1374 2009 1406 2042 J.
1433 2010 1541 2041 Obse-

837 2067 943 2098 quens
967 2068 996 2089 c.
1017 2060 1071 2091 87.
1096 2062 1104 2075 ³
1125 2059 1231 2091 Navis
1260 2060 1371 2091 velum
1397 2058 1539 2092 fulmine

836 2117 878 2138 ex
906 2112 1065 2140 antemna
1093 2109 1126 2139 in
1158 2119 1260 2149 aquas
1290 2110 1472 2149 dejectum,
1505 2115 1541 2143 et

836 2157 1006 2198 impensas
1020 2168 1135 2189 omnes
1152 2159 1239 2199 ignis
1256 2159 1460 2190 consumsit!
1485 2160 1540 2191 Sic

836 2217 926 2240 nunc
940 2218 1016 2240 eum
1040 2209 1147 2241 locum
1164 2209 1242 2249 lego
1262 2219 1338 2241 cuin
1356 2210 1406 2241 Cl.
1425 2209 1541 2250 Lipsio

837 2267 898 2300 pro
915 2259 924 2276 ‘
940 2257 1080 2291 fulmine
1097 2259 1348 2291 exanimatum?
1396 2259 1474 2292 Huc
1492 2258 1542 2291 fa-

837 2307 932 2341 ciunt
948 2309 1028 2349 Dig.
1043 2309 1065 2341 l.
1084 2317 1158 2340 xiv.
1175 2309 1241 2340 Tit.
1259 2312 1290 2341 2.
1317 2310 1379 2349 ξῦ.
1406 2310 1414 2326 ‘
1433 2310 1540 2340 Navis

836 2357 979 2390 adversa
1002 2364 1209 2400 tempestate
1232 2359 1409 2400 deprensa*
1435 2358 1540 2400 (Vide

838 2408 953 2443 Bentl.
982 2409 1024 2440 ad
1051 2409 1171 2441 Horat.
1199 2420 1232 2450 p.
1258 2408 1327 2447 43.)
1351 2410 1448 2440 ‘ictu
1477 2409 1541 2440 ful-

837 2459 936 2492 minis
959 2461 1087 2492 deustis
1114 2461 1328 2493 armamentis
1360 2468 1394 2491 et
1420 2460 1540 2491 arbore

839 2512 875 2541 et
885 2510 1065 2550 antemnas
1077 2512 1141 2541 &cu
1160 2511 1307 2550 Inpensas
1321 2519 1400 2540 vero
1414 2510 1540 2540 ibidem

839 2560 992 2599 retiueo;
1017 2562 1088 2592 sive
1105 2572 1165 2603 pro
1189 2561 1404 2592 armamentis
1426 2559 1541 2600 capias

839 2619 915 2642 cum
940 2611 1137 2643 Bur-manno
1166 2612 1206 2643 ad
1233 2611 1333 2643 ovid.
1350 2610 1458 2650 Epist.
1478 2618 1540 2643 iu.

841 2662 912 2693 188.
935 2660 1006 2693 sive
1022 2671 1083 2702 pro
1101 2662 1269 2694 mercibus
1286 2671 1362 2691 cum
1380 2660 1429 2692 Cl.
1447 2659 1540 2690 Wes-

841 2709 970 2751 seliugo
986 2710 1160 2742 Probabii.
1177 2721 1206 2742 c.
1223 2714 1252 2743 7.
1270 2721 1302 2750 p.
1318 2712 1369 2741 67,

883 2764 903 2796 2
928 2762 1212 2805 Circum-sistam]
1258 2761 1338 2793 uss.
1368 2765 1405 2793 et
1431 2758 1541 2794 Editt.
