1818 3131
245 157 358 200 1208

246 266 357 297 Daris.
403 265 525 307 Neque
542 270 634 296 recte
659 265 721 297 hoc
750 265 843 307 cepit
870 267 945 307 Lip-

245 317 326 356 sius,
361 317 416 356 qui
455 316 496 346 de
541 316 704 355 Trabibeae,
737 317 944 359 (quanquam

244 366 328 398 illud
358 365 438 396 ferri
478 365 615 406 quidem
663 367 792 408 potest)
838 376 945 408 neque

244 415 418 454 Davisius,
458 415 515 456 qui
558 415 599 446 de
636 416 732 446 Saxis
762 417 943 448 intellexit.

245 466 323 497 Hoc
349 467 438 496 enim
465 466 511 496 ait
529 466 666 504 Caesar;
691 467 876 498 secundum
893 478 944 499 or-

244 517 357 547 dinem
391 516 537 547 Trebium
566 517 777 558 Saawumque
813 519 944 549 aeter-no-

242 577 324 606 rum,
355 567 403 597 ita
438 567 587 598 inferiori
614 567 723 598 ordini
755 569 944 609 superposi-

245 623 329 658 tum,
345 623 383 650 ut
402 618 516 649 Trabes
543 619 682 659 singulm
707 619 803 650 Saxis
819 620 944 649 incuru-

244 668 338 709 bant,
360 668 447 699 Saxa
477 669 635 701 Trabibus.
683 669 729 700 Ut
746 670 777 699 in
795 677 943 699 errorem

243 718 411 750 incideret
449 720 621 758 Davisius,
652 719 808 750 fecerunt
841 718 943 748 verba

246 769 494 808 praecedenfia,
525 770 639 800 Trabes
654 769 943 799 director—distan-

242 822 290 850 ies
313 820 396 850 inter
423 830 455 850 se
479 820 564 850 binos
588 822 701 859 pedem
726 829 799 860 quae
824 820 880 849 ille
897 820 945 850 ita

243 871 393 910 acecpit,
420 881 459 901 ac
486 872 512 901 si
538 879 626 901 DL‘AS
651 871 816 901 duntaxat
844 871 945 901 trabes

242 920 383 951 dixisset
414 921 539 960 Caesm,
569 921 657 951 inter
684 930 718 951 se
743 929 832 952 Duos
854 922 944 960 pedes

243 969 433 1009 distante83
459 980 535 1002 cum
567 981 584 1001 e
616 971 800 1009 contrario,
839 971 944 1001 ‘Tra-

242 1020 514 1052 bes—distantes
531 1022 621 1052 inter
636 1032 671 1053 se
696 1030 798 1053 BINOS
816 1022 942 1063 pedes‚'

242 1072 313 1102 sint
341 1071 523 1103 manifesto
553 1077 644 1103 totus
682 1072 822 1104 inferior
859 1074 943 1104 ordo

241 1121 400 1152 Trabium
438 1123 633 1162 quantumvis
665 1125 843 1163 multarum,
881 1134 942 1164 pro

242 1173 454 1213 longitudine
471 1175 569 1214 muri,
592 1175 625 1205 in
652 1175 721 1206 solo
738 1175 822 1206 binos
840 1175 943 1215 pedes

243 1223 333 1254 inter
355 1233 391 1255 se
422 1224 640 1255 distantium:
683 1235 757 1266 quae
789 1226 942 1256 binorum

241 1273 366 1314 pedum
419 1275 598 1306 intervalla
650 1277 738 1307 saxis
783 1276 943 1316 deinceps

244 1325 426 1364 grandibus
443 1324 691 1356 effarcirentur.
711 1326 819 1356 Clark.
858 1327 944 1357 Rec-

242 1379 277 1406 te
292 1385 393 1415 porro
420 1375 644 1411 Ἐπιβάλλουσι
672 1376 775 1407 vertit
790 1376 945 1416 Graecus,

242 1430 277 1455 et
297 1425 445 1463 adjicitur
460 1431 571 1456 servat
589 1426 840 1457 recentissimus
856 1427 944 1457 Dor-

241 1475 311 1506 vill.
336 1475 452 1507 Codex
479 1486 555 1507 cum
588 1476 674 1508 Edd.
708 1477 834 1518 primis.
879 1478 946 1508 Ye-

242 1534 315 1556 rum
344 1525 428 1557 Mss.
453 1527 520 1557 mci
552 1527 672 1568 reliqui
713 1537 828 1558 omnes
868 1537 944 1558 cum

243 1576 378 1607 Carrar.
405 1582 440 1607 et
464 1577 526 1608 Ed.
554 1577 692 1609 Incerta
711 1578 792 1609 dant
808 1579 944 1610 additur.

244 1626 370 1657 Audin.
387 1627 521 1659 additus.

286 1680 305 1706 8
330 1677 519 1708 Intermissoe
543 1679 668 1720 spatiis]
708 1679 944 1711 Hotomannus

243 1736 309 1758 non
327 1727 462 1760 dubitat
488 1729 566 1769 quin
594 1729 773 1770 legendnm
791 1731 832 1761 sit
850 1731 945 1761 inler-

241 1778 358 1817 missis,
374 1783 411 1809 et
434 1779 482 1810 ita
505 1779 650 1810 Caesaris
666 1779 943 1811 consuetudinem

242 1829 413 1867 postulare
428 1828 486 1859 ait.
533 1829 578 1860 Et
590 1838 669 1859 sane
681 1828 855 1859 confirmat
870 1839 942 1859 eain

242 1878 473 1918 conjecturam
493 1878 665 1909 Leidensis
691 1879 818 1919 primus
839 1884 873 1910 et
902 1880 941 1909 B.

244 1929 317 1960 Civ.
342 1937 365 1959 1.
383 1931 435 1959 20.
460 1929 468 1945 ‘
484 1928 561 1959 Non
579 1929 683 1960 certis
698 1929 815 1969 spatiis
839 1929 942 1959 inter-

242 1978 374 2009 missis?
417 1979 545 2009 Verum
562 1984 597 2010 et
614 1980 684 2019 ipsa
707 1989 755 2010 res
777 1979 944 2009 intermitti

242 2029 382 2069 dicitur,
406 2029 462 2060 ubi
479 2029 615 2060 desinit.
645 2040 673 2060 c.
700 2032 751 2059 17.
780 2029 843 2059 ‘ad
869 2039 943 2060 eam

241 2079 359 2120 oppidi
377 2084 520 2119 partem,
547 2090 622 2120 qum
646 2079 861 2116 inte1·n1issa‚’
878 2082 942 2111 Rc.

242 2139 272 2161 c.
291 2132 344 2160 70.
369 2130 550 2160 ‘Planities
565 2130 756 2161 intermissa
781 2130 944 2162 collibus!

242 2190 266 2211 1.
283 2183 335 2212 38.
360 2182 369 2198 ‘
384 2182 458 2214 Qua
474 2180 597 2212 flumen
619 2181 837 2213 intermittit.¹
862 2191 894 2213 v.
911 2185 942 2213 8.

242 2232 251 2248 ‘
270 2232 382 2263 Vento
399 2232 611 2264 intermisso)

287 2285 326 2312 12
349 2282 396 2313 Ac
410 2282 511 2322 saxis]
545 2283 601 2314 Ita
631 2283 765 2314 restitui
791 2293 831 2314 ex
859 2283 942 2314 Mss.

244 2333 328 2372 Reg.
348 2338 381 2363 et
400 2333 509 2364 Vossii
533 2339 567 2364 ct
596 2333 686 2365 Edit.
716 2334 812 2364 Rom.
840 2333 941 2363 Scali-

244 2392 304 2423 ger
321 2390 354 2414 et
378 2385 583 2415 recentiores
608 2394 735 2423 omnes,
758 2385 823 2415 Ant
846 2384 941 2414 saxis.

244 2434 311 2466 Qui
341 2444 455 2465 sensus
484 2439 537 2465 est
567 2435 688 2465 nullus.
730 2435 837 2465 Clark.
884 2434 943 2464 Le-

243 2484 389 2524 gendum
412 2495 448 2514 ac
472 2485 567 2524 saxis,
591 2490 625 2516 ut
642 2484 821 2516 ediderunt
839 2485 942 2516 Bero-

245 2533 353 2573 aldus,
388 2534 544 2573 Ursinus,
586 2535 771 2575 Gryphius,
805 2536 940 2576 aliique.

244 2583 366 2614 Altera
397 2584 500 2615 lectio
525 2584 658 2615 videtur
689 2585 722 2614 in
756 2585 941 2616 editionem

243 2636 494 2676 Scaligcranam
519 2636 598 2667 vitio
624 2637 870 2677 typographico
899 2638 941 2668 ir-

244 2687 385 2726 repisse.
410 2687 519 2718 Daris.
542 2696 614 2718 cur.
632 2696 700 2718 sce.
745 2688 792 2718 :lc
809 2697 942 2719 revoca-

247 2737 276 2766 vi
311 2736 506 2768 auctoribus
545 2737 627 2768 Mss.
656 2738 821 2769 omnibus.
878 2740 942 2769 Aut

241 2789 311 2828 jam
342 2793 394 2821 cst
425 2788 459 2820 in
485 2788 547 2820 Ed.
579 2788 808 2821 Plautiuiana.
865 2790 942 2822 Non

709 169 850 200 NOTAE
881 170 1146 204 VAmoRUM
1180 173 1230 204 IN

993 277 1076 307 opus
1115 273 1228 298 autem
1265 277 1340 299 cum
1368 267 1585 302 Hotomanno
1611 271 1677 313 legi

989 319 1101 357 pedum
1116 320 1356 359 quadragenum,
1369 321 1420 350 vel
1429 322 1520 360 pedes
1535 332 1562 361 q.
1578 310 1692 363 1⁰72ng

994 369 1102 408 quivis
1131 370 1194 400 tiro
1226 370 1331 408 videt,
1358 372 1412 412 qui
1433 373 1576 412 spatium
1600 382 1692 405 men-

993 429 1078 450 surae
1109 420 1141 450 in
1178 420 1384 452 Accusativo
1412 422 1532 453 millies
1557 423 1649 463 poni,
1671 432 1691 455 e

994 470 1235 501 Grammaticis
1251 471 1379 503 didicit.

1039 528 1137 550 xxiv.
1166 524 1202 551 12
1229 522 1335 552 Piceni
1349 520 1420 564 alii]
1441 523 1516 553 Vox
1544 523 1599 553 alii
1627 533 1693 555 non

994 575 1168 609 comparet
1183 570 1215 599 in
1226 571 1304 609 ullo,
1318 572 1407 611 quod
1420 574 1536 613 sciam,
1549 574 1693 614 Codice,

994 624 1052 649 aut
1083 619 1146 649 Ed.
1181 626 1259 650 ante
1291 622 1512 661 Scaligerum.
1559 624 1692 656 Primus

996 671 1227 702 Hotomannns
1258 674 1406 714 scripsit,
1437 677 1613 716 perspicue
1640 677 1693 708 liic

994 720 1112 751 deesse
1125 731 1197 751 earn
1213 731 1342 761 vocem,
1353 727 1391 754 ut
1407 723 1508 755 fuerit
1518 726 1571 755 alii
1585 727 1693 766 picem.

995 771 1046 801 Ex
1064 772 1124 802 liae
1150 772 1345 812 conjectura
1357 774 1391 804 in
1415 778 1546 805 textum
1562 777 1694 816 recepit

994 821 1155 861 Scaliger.
1201 823 1327 854 Verum
1357 825 1552 866 neutiquam
1580 835 1694 858 neces-

994 873 1082 903 saria
1097 878 1160 904 est.
1207 875 1330 914 Neque
1353 875 1455 907 habet
1485 877 1696 918 Metaphras·

995 927 1058 952 tes.
1104 923 1248 963 Eruptio
1272 923 1375 954 fiebat
1389 925 1427 955 ab
1443 926 1514 956 aliis
1537 927 1691 958 scilicet:

994 973 1051 1003 ubi
1068 973 1154 1004 solet
1170 974 1279 1004 omitti
1304 974 1393 1005 istud
1419 976 1485 1006 alii.
1531 976 1599 1008 Alii
1615 986 1694 1008 vero

995 1023 1104 1061 ignem
1138 1024 1298 1065 cujusque
1340 1026 1472 1065 generis
1502 1027 1692 1067 jaciebant.
1747 1047 1752 1053 -

995 1074 1040 1104 Et
1057 1074 1104 1104 ita
1123 1074 1266 1105 Graecus
1279 1075 1307 1105 οἱ
1319 1075 1349 1105 δὲ
1361 1076 1403 1107 de
1417 1076 1694 1117 ignemjacienti-

994 1123 1066 1155 bus.
1113 1124 1238 1156 Confer
1269 1127 1401 1157 omnino
1432 1128 1587 1168 exempla
1618 1137 1696 1159 con-

995 1180 1091 1214 gesta
1118 1175 1159 1206 ad
1184 1185 1206 1206 1.
1232 1179 1263 1206 9.
1289 1177 1463 1207 ‘Helvetii
1490 1186 1616 1219 caspe
1637 1178 1695 1208 de-

989 1225 1089 1265 jecti,
1106 1229 1170 1257 &c.
1188 1226 1242 1257 alii
1260 1227 1353 1257 vadis
1372 1228 1545 1259 Rhodani!

1040 1278 1078 1306 1⁴
1120 1276 1358 1317 Occurreretar]
1408 1278 1489 1308 Mss.
1535 1282 1569 1309 et
1607 1277 1695 1308 Edd.

995 1326 1088 1356 Vett.
1117 1327 1314 1357 Curi-eretur.
1356 1328 1463 1359 Clark.
1510 1329 1619 1359 Recte
1649 1332 1697 1359 ta-

995 1384 1070 1406 men
1088 1380 1183 1416 puto,
1197 1376 1406 1417 Scaligerum
1420 1377 1564 1408 edidisse
1577 1387 1695 1409 ocem-r.

996 1425 1085 1466 quod
1109 1430 1285 1457 exaratum
1311 1431 1362 1457 est
1387 1427 1420 1458 in
1446 1427 1551 1467 ipsius
1567 1427 1695 1459 Codice

996 1486 1034 1507 ac
1059 1476 1155 1508 Leid.
1171 1477 1289 1517 primo.
1334 1477 1421 1508 Vide
1437 1477 1478 1508 ad
1496 1486 1551 1508 111.
1567 1481 1597 1509 4.
1620 1478 1629 1494 ‘
1644 1478 1695 1509 Eo

995 1535 1175 1558 occurrere
1189 1531 1224 1558 et
1239 1526 1398 1558 auxilium
1416 1526 1530 1558 ferre.’

1038 1585 1125 1609 xxv.
1151 1581 1168 1608 5
1194 1577 1504 1617 Animadrertebant]
1528 1577 1613 1608 Cod.
1632 1577 1696 1608 Pe-

995 1632 1065 1659 tav.
1103 1628 1326 1659 Advertebant.
1371 1628 1499 1658 Verum
1532 1627 1697 1658 membra—

995 1687 1047 1708 nae
1079 1677 1223 1709 Andinae
1251 1683 1286 1709 ct
1317 1677 1528 1709 Oxonienses
1560 1677 1697 1708 animum

994 1728 1202 1759 advertebant.
1248 1728 1419 1768 Egregie:
1453 1733 1489 1758 ut
1513 1727 1586 1767 jam
1614 1727 1696 1758 vidi-

994 1788 1066 1809 mus
1089 1779 1279 1820 aliquoties.
1325 1779 1412 1809 Vide
1430 1779 1470 1809 aa
1490 1787 1512 1809 r.
1531 1781 1582 1809 2-1.

1037 1831 1056 1858 6
1081 1828 1119 1858 In
1143 1828 1196 1858 illo
1223 1828 1352 1867 vestigio
1378 1828 1538 1868 temporis]
1568 1828 1622 1859 Sic
1651 1827 1693 1859 de

993 1877 1082 1908 bello
1099 1877 1196 1907 Civili
1223 1886 1262 1908 ιι.
1290 1880 1340 1908 26.
1364 1879 1372 1894 ⁴
1388 1883 1423 1908 et
1451 1878 1593 1917 vestigio
1611 1882 1694 1908 tem-

994 1926 1084 1967 poris
1101 1927 1245 1968 primum
1259 1936 1378 1967 agmen
1396 1932 1469 1958 erat
1484 1927 1515 1957 in
1533 1936 1694 1968 conspec-

995 1977 1055 2008 tu.’
1101 1978 1189 2009 [sus
1218 1982 1252 2009 et
1291 1978 1413 2009 Cicero
1449 1978 1481 2008 in
1514 1978 1691 2009 Pisonem:

993 2028 1001 2043 ‘
1019 2027 1134 2068 Atque
1152 2028 1271 2059 eodeni
1299 2028 1332 2059 in
1357 2029 1495 2069 templo,
1514 2027 1634 2059 eodem
1658 2033 1693 2059 et

994 2077 1058 2108 loci
1083 2078 1236 2118 vestigio,
1262 2083 1295 2108 et
1320 2078 1505 2118 temporis!
1551 2079 1613 2110 Est
1638 2087 1695 2109 au-

996 2132 1063 2158 tem
1081 2129 1280 2168 metaphora
1297 2128 1339 2158 ab
1357 2129 1527 2167 euntibus,
1553 2128 1608 2169 qui
1623 2137 1694 2159 ves-

996 2178 1085 2218 tigiis
1102 2178 1220 2210 iisdem
1235 2179 1293 2209 diu
1309 2188 1374 2210 non
1391 2179 1561 2210 insistunt.
1611 2179 1695 2210 Cur-

994 2228 1058 2258 tius
1071 2237 1120 2260 lv.
1139 2233 1170 2260 5.
1195 2229 1204 2245 ‘
1217 2229 1398 2270 Nunquam
1413 2229 1469 2260 diu
1483 2229 1602 2260 eodem
1620 2238 1693 2260 ves-

996 2278 1076 2319 tigio
1109 2284 1199 2310 stare
1224 2278 1417 2311 fortunam!
1463 2279 1556 2311 Alibi
1580 2280 1693 2311 Caesar

995 2329 1082 2360 dixit
1106 2333 1114 2348 ⁶
1134 2335 1297 2371 punctum
1311 2330 1497 2372 temporis!
1546 2332 1600 2362 De
1624 2330 1692 2361 bel-

995 2380 1026 2410 lo
1043 2381 1141 2411 Civili
1160 2390 1199 2412 11.
1230 2384 1277 2412 14.
1301 2381 1377 2412 ‘Ita
1401 2382 1581 2413 multorum
1601 2389 1690 2411 men-

994 2431 1076 2461 sium
1100 2431 1208 2470 labor,
1236 2432 1383 2463 hostium
1417 2430 1570 2471 perfidia,
1596 2435 1631 2460 et
1658 2430 1688 2460 vi

995 2482 1219 2522 tempestatis,
1228 2487 1356 2521 puncto
1369 2482 1526 2522 temporis
1538 2479 1691 2511 interiit.’

1001 2532 1132 2562 Vossius.
1178 2532 1264 2563 Vide
1281 2531 1322 2562 ad
1343 2541 1391 2563 lv.
1417 2535 1446 2563 5.
1471 2532 1519 2561 ‘E
1546 2530 1690 2571 vestigio

993 2582 1181 2622 poenitere.’

1038 2635 1076 2663 14
1100 2633 1220 2671 Altero,
1235 2630 1391 2671 successit]
1414 2631 1496 2662 Mss.
1523 2635 1558 2661 et
1581 2630 1689 2662 Editt.

995 2683 1088 2713 Vett.
1119 2683 1223 2713 alteri.
1253 2682 1359 2712 Clark.
1417 2681 1465 2712 At
1493 2682 1590 2712 altero
1619 2690 1688 2712 ser-

994 2737 1076 2763 vant
1103 2732 1186 2763 Mss.
1214 2732 1309 2763 Leid.
1340 2741 1390 2772 pr.
1421 2732 1535 2772 Cujac.
1564 2730 1688 2771 Scalig.

995 2785 1106 2817 Oxou.
1137 2787 1174 2815 ct
1202 2782 1328 2815 Audin.
1363 2791 1437 2814 cum
1474 2780 1562 2814 Edd.
1597 2779 1692 2820 Aldi,
