1818 3131
238 230 349 273 1062

236 336 384 368 varietas
401 344 457 367 ιιι.
474 338 524 366 18.
541 334 637 375 ‘spes
650 333 808 365 Venetici
821 332 901 365 beili
917 333 937 364 :'

236 387 296 420 ubi
312 387 434 418 Petav.
461 387 469 403 ⁶
487 385 636 425 Veneti,'
671 385 726 416 aiii
749 385 758 402 ‘
776 384 936 416 Venetii.'

237 438 357 470 Celsus
385 437 393 453 ‘
413 436 546 467 veneto
562 435 593 466 in
610 436 698 467 bello
713 435 732 466 ε’
770 436 816 466 nil
832 439 936 466 muto.

233 488 241 504 ‘
266 486 436 518 Nanetici'
462 496 524 527 pro
551 487 646 518 varia
660 486 807 517 lectione
826 495 936 516 rursus

236 538 346 578 Boug.
364 538 504 578 primus.

278 587 408 618 Fecerat
423 587 565 628 classem]
591 587 648 619 Sic
671 588 757 619 Mss.
784 591 936 627 utputo,

235 636 361 677 Ursini,
371 637 489 678 Cujac.
503 638 591 669 Scal.
602 637 696 668 Leid.
711 648 762 678 pr.
776 642 810 668 et
822 638 934 669 Oxou.

235 685 352 718 Ceteri
385 687 450 718 mei
482 697 596 718 omnes
627 693 663 718 ct
694 688 828 718 Cari-ar.
859 696 935 717 cum

233 735 452 767 Editionibus
469 737 585 776 primis
608 736 763 776 effecerat.
781 747 811 766 c.
832 738 881 767 18.
901 741 936 766 ct

235 793 298 816 vn.
316 788 368 816 35.
397 786 440 817 de
469 792 572 827 ponte
597 787 679 817 omni
702 796 790 826 opere
811 785 936 825 effecto.-

233 838 269 865 et
297 844 346 866 vr.
370 838 401 865 9.
436 836 444 852 ‘
468 846 552 876 opus
580 834 746 866 efficitur.'
770 844 851 866 vm.
883 838 936 864 35.

232 885 242 901 ‘
261 894 347 924 opus
372 884 531 915 effectum
550 885 569 915 ε’
586 889 620 916 et
645 884 829 925 saepissime
848 894 937 915 com-

233 934 344 973 posito
371 943 432 973 pro
455 934 612 974 simplici.
633 935 672 965 B.
700 934 773 966 civ.
799 942 856 966 ιιι.
883 937 935 965 39.

231 984 240 998 ⁸
260 993 364 1024 super
395 994 459 1025 qua
493 984 610 1015 turrim
641 983 800 1016 effectam
832 985 937 1026 obpo-

232 1033 330 1064 suit:’
346 1034 389 1065 de
406 1035 547 1065 navibus
566 1035 605 1065 B.
622 1035 696 1066 Civ.
712 1044 735 1066 1.
749 1037 802 1066 36.
827 1036 835 1051 ‘
855 1035 937 1068 Qui-

233 1082 295 1114 bus
312 1082 445 1115 effectis
460 1084 691 1126 armatisque!

275 1137 312 1164 ll
334 1135 466 1165 Obsides
480 1137 555 1166 dure
570 1140 663 1176 alque
680 1137 753 1176 imp.
768 1136 809 1166 P.
828 1136 870 1167 R.
884 1136 934 1166 ob-

231 1184 418 1225 temperare]
456 1186 530 1217 Hoc
549 1191 612 1224 est,
630 1187 756 1217 daturos
773 1192 807 1218 et
823 1187 935 1217 obtem-

229 1237 406 1274 peraturos.
445 1236 501 1267 Sic
527 1246 630 1276 supra
654 1245 694 1267 11.
712 1240 764 1267 32.
802 1236 882 1266 ‘Illi
899 1247 934 1267 se

231 1293 306 1324 quae
332 1285 583 1325 imperarentur
614 1285 724 1317 facere
749 1286 933 1317 dixerunt)

230 1333 278 1364 Et
305 1343 374 1366 vn.
406 1339 455 1367 14.
498 1339 506 1353 ‘
526 1336 732 1367 Necessario
767 1337 935 1377 dispersos

230 1383 344 1414 hostes
361 1395 402 1415 ex
419 1385 570 1416 aedificiis
587 1386 725 1426 peterc.'
772 1387 932 1418 Ciaccon.

228 1433 285 1465 Sic
301 1439 337 1465 et
351 1436 530 1467 Terentius
545 1437 683 1467 Pborm.
700 1435 780 1467 Act.
795 1446 851 1468 ιιι.
877 1438 933 1469 Sc.

229 1486 261 1514 2.
282 1486 336 1515 46.
378 1485 388 1501 ‘
410 1486 492 1516 Cras
522 1496 619 1516 mane
651 1492 828 1526 argentum
854 1488 933 1518 mibi

228 1534 324 1565 miles
353 1535 433 1566 dare
460 1545 498 1567 se
526 1535 637 1566 dixit!
680 1537 848 1577 Sulpicius
875 1538 933 1568 Sc-

228 1592 327 1614 verus
353 1584 442 1615 Hist.
468 1586 562 1616 Sacr.
589 1594 614 1615 1.
642 1588 695 1616 25.
737 1587 746 1601 ‘
764 1586 829 1617 Ille
851 1597 932 1618 vcro

226 1635 376 1666 abnuere
392 1646 438 1675 se,
463 1635 618 1667 infractis
639 1646 774 1668 suorum
793 1637 933 1676 viribus,

226 1695 304 1717 cum
319 1686 390 1726 ipse
407 1686 563 1717 minimus
582 1691 683 1726 esset,
700 1691 831 1718 tantum
849 1697 932 1728 opus

225 1736 423 1776 suscipere!
475 1736 623 1769 Quidam
647 1746 727 1768 sane
763 1737 851 1769 hunc
883 1739 930 1769 lo-

226 1786 353 1827 quendi
382 1786 517 1817 modum
547 1791 743 1827 suspectum
769 1787 932 1828 habuere,

225 1835 286 1867 sed
309 1836 390 1866 satis
413 1846 470 1867 eos
493 1835 672 1867 confutant
696 1837 766 1877 illa,
781 1846 856 1877 quae
879 1842 929 1869 at·

226 1886 377 1925 tuiimus,
394 1886 561 1926 exempla.
603 1887 716 1918 navis.
765 1887 856 1918 Hinc
881 1892 929 1918 ta-

224 1944 304 1967 men
327 1935 455 1967 factum
478 1941 541 1973 est,
559 1940 596 1967 ut
611 1937 723 1968 Ursini
744 1937 873 1976 Codex,
890 1947 930 1968 eo

226 1985 405 2025 probante,
424 1985 568 2025 dederit,
596 1987 605 2002 ⁴
624 1985 758 2017 obsides
777 1985 859 2018 dare
882 1992 930 2018 at-

225 2043 290 2075 que
315 2034 458 2075 imperio
485 2035 600 2075 populi
628 2035 768 2066 Romani
792 2042 929 2076 paratos

226 2085 489 2126 obtemperare!
511 2086 579 2117 Sed
595 2087 782 2127 penultima
795 2098 860 2119 vox
872 2098 929 2119 ne-

224 2137 371 2168 cessaria
387 2146 451 2167 non
477 2142 541 2174 est,
558 2142 594 2168 ut
611 2137 763 2177 pluribus
778 2147 929 2178 compro-⁴

224 2186 323 2217 babo.
349 2186 492 2218 Ovidius
513 2187 651 2217 Heroid.
667 2196 723 2217 111.
738 2190 791 2219 57.
812 2188 822 2204 ‘
837 2189 928 2221 Quin

225 2236 328 2267 etiam
346 2236 435 2267 sama
452 2242 514 2278 est,
531 2247 606 2268 cuin
624 2238 770 2268 crastiua
793 2237 928 2270 fulserit

225 2286 305 2326 Eos,
331 2287 379 2317 Te
420 2287 501 2319 dare
533 2287 698 2318 nubiferis
731 2289 823 2320 linea
852 2291 928 2320 vela

224 2337 336 2369 notis!
362 2339 406 2368 Et
421 2338 564 2370 Metam.
582 2347 663 2369 νιιι.
679 2341 753 2369 739.
778 2340 787 2356 ⁴
800 2339 927 2371 Census

223 2387 304 2419 dare
321 2397 373 2418 me
389 2398 449 2428 pro
463 2394 572 2419 morte
585 2389 759 2429 paciscor!
783 2390 925 2422 Plautus

223 2438 429 2469 Menaechiu.
447 2443 513 2469 aet.
531 2448 586 2470 111.
608 2448 655 2469 sc.
674 2442 705 2469 3.
725 2442 774 2469 15.
793 2441 802 2456 ‘
816 2439 926 2471 dicam

223 2489 364 2519 curare?
397 2489 445 2519 M.
468 2489 595 2519 dicito:
621 2489 819 2521 curabitur!
859 2491 926 2521 Ubi

224 2538 418 2579 Lambinus,
435 2539 524 2580 quod
541 2540 626 2571 banc
648 2540 807 2580 loquendi
825 2542 926 2572 ratio-

222 2589 344 2620 nemin
357 2591 554 2621 memoriam
572 2600 637 2621 non
650 2597 837 2631 revocaret,
854 2602 927 2632 per-

222 2649 339 2680 peram
354 2651 508 2672 curassere
523 2642 684 2682 reposuit.
724 2643 809 2674 Vide
826 2644 869 2675 sis
890 2650 926 2676 et

222 2690 258 2722 J.
272 2691 327 2721 Fr.
341 2690 547 2722 Gronovium
559 2692 601 2722 ad
615 2692 703 2723 Livii
715 2702 755 2723 ιι.
770 2698 800 2723 5.
825 2696 923 2735 Idem,

223 2749 294 2771 cur.
321 2750 388 2772 sec.
405 2741 547 2773 Erudite
566 2747 682 2774 tuctur
705 2743 791 2774 hanc
808 2744 925 2777 lectio-

223 2798 300 2822 uem
329 2791 502 2834 Davisius,
532 2793 696 2835 exemplis
722 2804 764 2824 ex
789 2795 924 2835 optimis

701 238 841 269 NOTAE
874 239 935 268 vA
947 234 1096 270 monn
1107 237 1136 266 Μ
1174 236 1223 266 IN

987 332 1193 364 Authoribus
1211 336 1246 362 et
1262 340 1301 362 cx
1320 331 1393 372 ipso
1411 331 1544 361 Caesare
1561 329 1685 363 adduc*-

987 384 1050 421 tis;
1076 389 1111 414 ut
1129 383 1287 414 audiendi
1308 392 1373 413 nou
1391 382 1470 420 sint,
1493 381 1550 422 qui
1572 390 1685 413 emen·

987 433 1083 471 dant,
1109 434 1245 464 daturos.
1290 432 1384 463 Infra
1410 433 1433 462 l.
1450 440 1500 463 vr.
1524 432 1591 471 §Q
1622 431 1632 448 ‘
1649 431 1686 462 Si

986 484 1127 524 amplius
1142 483 1292 514 obsidum
1310 483 1404 518 xclit,
1419 481 1499 512 dare
1525 482 1687 522 poiiiccn-

986 534 1062 565 tur.'
1107 534 1194 564 Vide
1211 534 1314 564 eliam
1331 533 1455 563 Anum.
1481 532 1522 562 ad
1541 540 1605 562 vn.
1630 533 1683 562 36.

988 585 1097 615 Clark.
1125 584 1170 615 Et
1188 584 1239 614 adi
1254 584 1362 624 ipsum
1375 583 1533 614 viminum
1551 582 1583 612 in
1598 582 1686 613 curis

986 634 1153 673 secundis,
1177 635 1337 664 Ciaccon.
1362 643 1401 664 ac
1429 643 1489 663 nos
1513 631 1553 662 ad
1573 641 1611 663 ιι.
1631 634 1685 663 32.

985 689 993 701 ⁴
1014 685 1127 717 facere
1144 685 1324 716 dixerunt)

1030 739 1068 767 13
1081 737 1213 768 Domum
1225 735 1358 775 remisit]
1368 735 1448 765 Mss.
1459 734 1546 772 Reg.
1557 734 1684 765 Elieus.

986 790 1019 817 ct
1038 787 1159 824 Vossii,
1175 786 1326 817 remittit:
1349 796 1422 826 qum¹
1441 785 1556 822 lectio,
1572 794 1685 825 quam-

987 847 1085 878 quain
1099 838 1253 868 etaltera
1265 846 1399 877 quoque
1415 834 1552 865 defendi
1564 837 1686 874 potest,

986 887 1097 918 verior
1120 887 1265 917 videtur.
1316 885 1476 925 Sequitur
1503 884 1590 915 enim
1616 883 1686 915 ‘Et

985 947 1061 968 cum
1086 938 1137 968 his
1160 948 1226 968 uua
1245 936 1398 968 Comium
1417 934 1543 966 mittit!
1576 935 1686 968 Clark.

986 987 1182 1028 Legendum
1216 989 1368 1024 remma,-
1414 992 1449 1019 et
1479 988 1526 1019 sic
1561 988 1685 1020 Petav.

987 1037 1128 1069 Norvic.
1176 1038 1338 1079 Gottorp.
1382 1039 1480 1069 Voss.
1519 1038 1685 1077 Egmond.

987 1087 1100 1118 Duris.
1125 1097 1196 1118 cur.
1217 1097 1284 1117 sec.
1298 1088 1447 1119 Remittit
1461 1088 1562 1118 etiam
1575 1087 1685 1119 Codd.

986 1136 1113 1175 Ursini,
1130 1141 1164 1167 ct
1187 1136 1252 1168 mci
1271 1145 1335 1166 uno
1352 1137 1528 1176 alteroque
1545 1133 1689 1165 receuti-

985 1196 1042 1216 ore
1056 1192 1217 1226 excepto,
1235 1187 1314 1216 item
1330 1186 1448 1217 Celsus
1459 1190 1493 1216 et
1509 1185 1594 1216 Edd.
1612 1184 1684 1214 Inc.

985 1237 1127 1268 Vasco-s.
1155 1238 1196 1268 R.
1222 1237 1337 1277 Stepli.
1368 1236 1500 1267 stradae
1519 1235 1684 1276 aliaeque:

984 1297 1087 1327 quare
1104 1287 1135 1317 id
1155 1292 1286 1327 tenipus
1303 1286 1449 1327 reposui.

1028 1339 1066 1367 li
1098 1337 1252 1377 Carnium]
1292 1337 1402 1368 Recte
1427 1336 1591 1367 Ceilarius
1617 1344 1688 1366 mo·

984 1391 1044 1416 net
1074 1387 1108 1417 in
1136 1386 1250 1418 Dione
1280 1386 1381 1417 scribi
1410 1384 1557 1424 Κόμμιον,
1584 1389 1622 1417 ut
1651 1389 1687 1416 ct

984 1445 1117 1466 nummo
1131 1437 1230 1468 Thes.
1245 1436 1483 1477 Brandenb.p.
1495 1438 1568 1466 305.
1595 1436 1686 1467 Nam

983 1486 1031 1517 ita
1046 1491 1208 1518 exaratur
1231 1497 1365 1529 quoque
1386 1487 1419 1517 in
1443 1486 1578 1527 optimis
1600 1486 1688 1517 Mss.

985 1537 1148 1578 Bougars.
1182 1538 1302 1578 primo,
1332 1537 1500 1569 Vossiano
1531 1546 1581 1577 pr.
1608 1536 1686 1568 Lei-

985 1586 1081 1617 densi
1120 1597 1172 1627 pr.
1204 1589 1369 1629 Scaliger.
1400 1588 1524 1619 Petav.
1556 1588 1686 1619 Lovan.

984 1637 1152 1677 Egmund.
1184 1638 1325 1679 aliisque
1355 1642 1391 1669 et
1416 1637 1480 1669 Ed.
1506 1637 1684 1668 Romana:

985 1687 1075 1727 quod
1092 1687 1222 1719 idcirco
1238 1688 1371 1728 reposui
1388 1687 1441 1719 hic
1454 1691 1489 1718 et
1502 1685 1602 1718 infra.
1619 1685 1686 1717 Adi

985 1737 1086 1768 etiam
1105 1742 1221 1768 notata
1237 1737 1279 1768 ad
1296 1737 1447 1769 Frontin.
1464 1746 1504 1768 11.
1522 1739 1573 1768 13.
1597 1737 1613 1777 §
1632 1739 1683 1767 11.

987 1786 1143 1816 Commius
1156 1787 1301 1817 Atrebas.

1028 1839 1066 1866 17
1091 1837 1213 1876 Magna
1228 1835 1411 1875 habebatur]
1443 1837 1564 1873 Recte,
1585 1837 1609 1867 si
1635 1835 1686 1867 ita

983 1891 1073 1917 esset
1086 1886 1118 1916 iu
1131 1887 1273 1918 vetustis
1285 1887 1394 1918 libris:
1415 1897 1530 1918 verum
1541 1887 1685 1919 Codices

982 1937 1046 1967 mei
1074 1938 1236 1977 Bongars.
1258 1947 1308 1978 pr.
1332 1938 1485 1968 Vossian.
1512 1947 1564 1978 pr.
1589 1937 1685 1970 Leid.

983 1995 1033 2025 pr.
1063 1985 1151 2017 And.
1179 1988 1302 2028 Scalig.
1323 1988 1405 2019 item
1430 1989 1526 2019 Voss.
1552 1998 1621 2020 sec.
1648 1992 1686 2020 et

983 2036 1082 2067 Leid.
1097 2041 1178 2068 tert.
1196 2038 1358 2068 exhibent
1372 2039 1478 2077 magni
1490 2049 1500 2069 :
1517 2039 1607 2079 quod
1623 2048 1684 2070 cur

982 2093 1237 2128 postponamus,
1253 2098 1369 2119 caussa
1383 2089 1474 2120 nulia
1485 2092 1546 2120 est.
1568 2089 1684 2128 BIagni

980 2137 1146 2177 (estimare,
1161 2141 1282 2178 putare,
1305 2148 1368 2169 csse
1390 2138 1578 2170 locutiones
1602 2143 1682 2170 sunt

981 2187 1184 2219 notissimae:
1225 2192 1328 2229 atque
1355 2189 1404 2219 ita
1428 2189 1530 2219 etiam
1561 2189 1683 2221 habere.

981 2239 1101 2269 Cicero
1130 2239 1163 2269 in
1187 2239 1321 2269 Vei-rin.
1350 2239 1508 2270 laudatus
1535 2249 1554 2270 a
1582 2240 1616 2272 J.
1638 2241 1683 2273 G.

980 2289 1102 2320 Vossio
1133 2289 1176 2319 dc
1208 2289 1342 2320 Constr.
1372 2299 1402 2320 c.
1423 2293 1476 2321 29.
1521 2291 1531 2308 ‘
1557 2290 1682 2323 Quanti

980 2339 1165 2370 auctoritas
1180 2339 1476 2380 ejushaberetur!

1024 2393 1063 2421 18
1084 2390 1352 2432 cst—sequantur]
1380 2391 1421 2421 In
1437 2391 1555 2422 iisdem
1572 2392 1681 2425 Codd.

979 2439 1076 2470 deest
1091 2443 1139 2470 ut.
1178 2441 1300 2481 Neque
1324 2442 1392 2472 uilo
1421 2442 1598 2474 sententiae
1623 2442 1679 2474 de-

980 2490 1152 2521 trimento.
1191 2492 1299 2522 Clark.
1334 2493 1462 2522 Contra
1479 2492 1602 2523 rectius
1622 2493 1678 2525 hic

979 2540 1097 2571 adesse
1124 2546 1240 2572 censet
1265 2542 1463 2579 C1.Wasse;
1497 2542 1574 2582 qnia
1597 2547 1678 2576 ante

978 2591 1156 2631 eleganter
1172 2590 1291 2622 aberat
1303 2592 1541 2631 imper‹1t,adeut
1557 2595 1587 2623 et
1609 2592 1678 2623 hor-

977 2643 1072 2672 tetur.
1119 2641 1261 2672 Exsulat
1292 2642 1426 2682 quidem
1457 2651 1475 2672 a
1506 2643 1677 2684 plerisque

978 2691 1062 2722 Mss.
1079 2695 1114 2722 et
1130 2691 1215 2722 Edd.
1233 2691 1359 2731 primis,
1383 2691 1441 2722 sed
1468 2692 1501 2722 in
1518 2693 1677 2724 vetustio-

976 2742 1070 2773 ribus
1105 2745 1303 2782 comparet3
1348 2742 1397 2772 uti
1442 2742 1475 2772 iu
1515 2742 1678 2783 Bongars.

977 2792 1098 2824 Petav.
1115 2791 1204 2822 And.
1228 2790 1326 2823 Leid.
1351 2801 1401 2832 pr.
1419 2791 1532 2824 Oxou.
1548 2791 1676 2825 Lovan.
