1818 3131
217 212 330 255 1232

219 317 352 349 scilicet
367 314 497 347 caussa?
532 314 620 346 Vide
637 314 678 346 ad
695 324 745 346 lv.
762 318 792 346 l.
816 316 918 347 Certe

219 368 327 399 latere
342 366 420 407 quid
438 366 585 396 videtur.

262 421 281 448 7
308 415 512 455 Πιτὶιιεηάοε]
544 416 742 447 Notandum
756 416 789 447 in
806 416 918 448 Oxou.

219 472 255 499 ct
286 467 423 498 Audino
451 466 551 497 scribi
578 468 795 507 pertinencias.-
830 467 919 508 quod

219 522 368 555 notaret,
402 517 607 557 pertinaciter
641 528 689 549 eos
735 519 919 548 retinendus.

220 568 312 600 Hinc
345 573 440 599 certe
473 568 646 599 derivatur
665 569 836 608 pcrtiria.1·;
858 578 920 598 nec

221 622 350 650 temere
365 618 594 658 spernendum
610 618 756 649 videtur.

264 672 301 701 11
330 669 480 700 Omnibus
529 670 643 710 ereptis
682 669 791 710 copiis]
851 668 920 699 Alii

218 719 349 751 habent
385 720 523 750 omnibus
559 721 673 760 ereptis
709 720 812 755 sociis,
844 728 920 758 quae

221 769 358 810 quidem
388 770 492 800 lectio
523 779 588 800 non
618 775 670 799 cst
701 767 921 808 aspernanda.

221 819 375 861 Apparet
392 821 480 851 enim
498 830 539 850 ex
558 821 598 851 B.
617 820 659 850 G.
685 828 734 848 vr.
754 820 804 848 12.
841 820 850 834 ‘
864 818 922 847 Se-

221 880 348 911 quanos
362 880 517 909 magnam
545 875 672 909 partem
689 868 862 898 clientium
881 867 922 897 ab

220 919 337 950 ffiduis
376 919 418 949 ad
457 929 492 949 se
529 917 785 948 transduxisse.'
848 918 922 948 Nec

221 969 400 1010 quisquam
429 969 523 1000 dicat
554 969 637 999 alios
665 977 738 999 esse
768 967 923 1013 clientes,

222 1019 305 1050 alios
321 1020 443 1059 socios,
462 1029 536 1050 naui
554 1019 809 1059 Metaphrastes
823 1019 863 1049 B.
881 1018 924 1048 G.

222 1078 248 1100 1.
277 1072 327 1101 31.
365 1071 491 1101 clientes
526 1070 774 1110 interpretatur
809 1067 924 1106 συμμά-

222 1130 309 1158 χους,
336 1124 370 1150 et
386 1119 488 1150 fidem
516 1123 669 1160 superat,
697 1119 821 1149 multas
845 1118 924 1148 civi-

221 1174 311 1200 tates
328 1169 445 1200 AEduis
462 1178 496 1200 se
514 1169 547 1200 iu
564 1169 765 1200 servitutem
783 1167 926 1199 ἑκουσίως

223 1219 363 1251 dicasse.
407 1220 520 1255 Duris.
567 1219 667 1250 Sociis
694 1229 712 1249 e
739 1220 805 1250 suis
831 1219 924 1249 libris

225 1269 367 1310 praefert
384 1269 485 1300 etiam
515 1269 654 1300 Hotom.
682 1273 719 1299 ut
743 1269 820 1299 Bas.
838 1269 925 1299 Yen.

226 1323 321 1351 1517.
366 1320 507 1351 Vascos.
540 1318 618 1350 Aid.
648 1318 762 1349 Straxl.
794 1318 926 1358 Gryph.

223 1374 259 1400 et
280 1369 431 1400 Plautin.
458 1368 649 1399 ediderunt.
695 1368 762 1398 Sed
780 1367 844 1398 inei
860 1377 926 1397 oiu-

223 1428 284 1450 nes
311 1428 388 1450 cum
416 1418 503 1449 Edd.
533 1418 648 1458 primis
664 1418 758 1458 copiis
774 1421 925 1455 servant,

225 1472 353 1510 praeter
384 1469 612 1500 Oxouiensem
631 1472 667 1499 et
697 1468 813 1508 Cujac.
859 1466 927 1498 Sed

226 1520 287 1551 sub
309 1520 406 1560 copiis
434 1517 534 1549 facile
562 1519 697 1557 clientes,
728 1527 795 1548 non
820 1517 927 1548 minus

226 1580 265 1602 ac
298 1576 387 1601 totas
419 1579 533 1600 eorum
565 1569 653 1600 vires
686 1578 789 1609 queas
818 1567 929 1599 subiu-

226 1620 398 1661 telligere.

270 1677 309 1705 12
334 1675 378 1705 Ee
396 1684 496 1715 quam,
523 1673 595 1713 &ej
640 1672 806 1713 Copulam
834 1671 927 1702 addi-

226 1724 274 1765 di,
306 1725 513 1756 auctoritate
553 1725 722 1755 Mstorum
767 1723 927 1760 omnium,

227 1776 490 1817 Editionumque
518 1780 596 1806 ante
629 1774 754 1814 Scalig.
779 1774 870 1804 Dein
895 1773 928 1803 in

225 1827 293 1858 Ms-
316 1827 431 1858 Ursini
455 1826 614 1857 scribitur
637 1828 645 1842 ‘
665 1825 746 1855 etin
773 1834 846 1854 eam
861 1823 928 1854 for-

226 1881 342 1908 tunam
359 1875 686 1916 amplitudinemque
705 1873 926 1905 deduxisset!

225 1926 385 1965 Rectius,
417 1926 442 1955 si
475 1925 508 1956 id
539 1924 770 1961 admittamus,
799 1923 929 1954 liabent

229 1976 353 2008 Audin.
387 1976 500 2007 Oxou.
525 1974 622 2006 Leid.
654 1984 706 2014 pr.
737 1973 825 2004 Scal.
851 1974 928 2003 etin

228 2036 293 2058 eam
301 2026 332 2064 s.
350 2026 642 2066 amplitudinemque
656 2024 781 2055 duxisse
796 2023 930 2054 scilicet

229 2077 381 2117 exposuit,
440 2077 567 2106 Verum
604 2080 782 2114 utramque
815 2074 929 2104 lectio-

228 2135 304 2157 nem
323 2131 517 2166 suspectam
541 2125 658 2163 liabeo,
673 2125 828 2164 lcgoque,
850 2127 879 2154 et
896 2124 929 2154 in

229 2175 335 2213 eams.
360 2186 482 2215 cumque
498 2176 530 2206 in
545 2176 635 2215 ampl.
653 2175 823 2205 deduxisse.
854 2175 928 2205 Nec

229 2225 346 2256 obstat
369 2226 460 2256 modi
488 2226 643 2256 mutatio.
690 2225 739 2255 Ea
767 2223 832 2254 fuit
858 2233 928 2254 cor-

230 2275 408 2315 rumpendi
424 2275 488 2305 loci
508 2284 637 2305 caussa.
681 2273 748 2304 Adi
767 2273 807 2303 ad
824 2282 862 2304 ιι.
877 2277 927 2304 10.

230 2327 239 2341 ‘
257 2325 517 2355 Constitueruut
546 2324 686 2363 reverti,
714 2328 749 2354 et
774 2324 929 2354 couveni-

230 2373 331 2404 rent.’
380 2374 469 2404 Dein
499 2379 617 2405 auctor
645 2383 710 2404 uon
743 2381 831 2404 amat
859 2380 930 2404 tau-

231 2429 303 2455 tum
329 2425 598 2464 praepositioues,
615 2425 673 2454 sed
697 2428 732 2454 et
760 2424 930 2463 adjvctiva

232 2474 420 2505 nominibus
437 2475 558 2515 juncta
571 2479 738 2515 repetere.
786 2476 803 2504 Χ
819 2476 871 2505 idm=
886 2476 927 2506 ad

232 2534 282 2556 Vl.
298 2527 349 2556 ll.
394 2526 403 2541 ‘
424 2525 461 2554 lu
479 2524 630 2555 omnibus
654 2524 863 2565 civitatibus,
880 2530 929 2556 at-

233 2582 299 2615 que
315 2574 347 2604 in
361 2574 513 2605 omnibus
527 2573 643 2614 pagis!

276 2634 333 2656 ιν.
358 2628 377 2655 8
400 2626 564 2665 Bibracte]
609 2627 713 2666 Bong.
739 2636 790 2667 pr.
808 2627 929 2658 Petav.

232 2675 330 2706 Voss.
363 2685 412 2715 pr.
443 2675 612 2716 Eguiund.
645 2680 680 2706 et
718 2681 848 2717 septem
875 2678 931 2708 alii

233 2734 311 2755 cuin
328 2725 391 2756 Ed.
415 2725 486 2756 Ine.
510 2725 667 2765 Bibracti,
682 2736 746 2767 quo
764 2727 806 2758 ab
823 2727 932 2758 Accu-

233 2774 342 2807 sativo
371 2775 608 2818 distinguatur.
652 2777 720 2809 Sed
741 2788 760 2808 a
787 2778 933 2811 Bibracte

679 218 821 251 No'rAE
852 218 1070 252 VARIORU
1082 221 1114 251 M
1148 218 1199 251 m

971 319 1083 347 tamen
1112 316 1259 347 retinent
1283 315 1368 346 Mss.
1385 324 1500 346 omnes
1525 322 1549 346 1.
1563 315 1616 346 22.
1631 315 1669 348 et

970 376 1000 396 c.
1014 369 1066 397 90.
1085 365 1172 397 infra
1194 367 1202 382 ‘
1218 366 1381 397 Bibracte
1398 366 1566 405 hiemat-ef
1581 375 1667 406 prae-

971 422 1024 447 ter
1049 417 1194 447 Dorvill.
1221 420 1348 448 v111.l.
1372 418 1380 432 ‘
1395 417 1438 446 ab
1464 416 1591 457 oppido
1614 415 1670 446 Bi—

972 467 1110 505 bracte:
1135 468 1190 499 ubi
1217 468 1306 498 nulla
1323 473 1373 498 est
1388 467 1546 498 varietaS.

1016 520 1053 546 Μ
1079 519 1142 547 Aut
1157 517 1292 557 itineris]
1337 518 1409 549 Has
1422 526 1522 547 voces
1536 526 1601 547 non
1615 526 1672 547 ex·

971 566 1090 597 hibent
1116 567 1198 597 Mss.
1224 568 1347 599 Pinelli
1373 572 1410 599 et
1434 567 1571 599 Not-vic.
1599 566 1672 607 qui-

974 617 1113 647 buscum
1145 616 1274 647 faciunt
1296 617 1374 648 edd.
1393 618 1491 649 Rom.
1507 618 1592 649 Ven.
1610 617 1674 648 Be-

974 666 1078 696 roald.
1109 666 1227 706 Stepli.
1244 666 1374 707 Gryph.
1391 676 1453 698 uec
1470 667 1504 697 in
1531 676 1591 697 suo
1607 667 1672 698 Co-

974 715 1049 746 dice
1079 716 1160 755 legit
1188 715 1344 755 Graecus,
1375 716 1479 746 habet
1507 716 1595 746 en'un
1624 726 1675 747 so-

974 766 1140 796 lummodo
1180 764 1298 796 πάντας
1327 764 1401 804 πρὸς
1429 763 1549 796 τούτοις
1575 765 1608 795 ἐν
1635 767 1676 807 τῇ

973 815 1062 846 πόλει
1081 815 1172 847 ὄντας
1188 815 1335 855 ἐμπόρους
1346 814 1520 853 Ῥωμαίους.
1559 815 1676 846 Daris.

974 866 1084 896 Deest
1102 866 1133 896 iu
1148 867 1262 897 multis
1279 866 1475 905 Codicibus‚
1493 876 1576 907 quos
1593 866 1677 899 citat

974 916 1149 947 Davisius.
1198 917 1286 947 Item
1304 917 1336 947 iu
1351 917 1434 947 Mss.
1448 917 1534 957 Reg.
1548 922 1584 949 et
1594 918 1678 949 Vos-

976 966 1024 997 sii.
1073 967 1182 998 Clark.
1227 968 1294 998 Aut
1329 967 1454 998 itineris
1488 973 1677 1008 agnoscunt

975 1017 1042 1047 Ms.
1055 1016 1216 1056 Ciaccou,
1230 1017 1311 1048 item
1325 1018 1442 1058 Cujac.
1459 1016 1550 1049 And.
1564 1017 1677 1050 Oxou.

975 1067 1062 1097 Scal.
1079 1066 1175 1098 Lcid.
1194 1077 1244 1107 pr.
1263 1067 1345 1098 item
1368 1067 1454 1098 Edu.
1472 1067 1559 1097 Veu.
1582 1070 1677 1099 151⁷.

976 1117 1054 1147 Am.
1083 1117 1230 1156 Grypliii
1258 1117 1321 1148 Ed.
1348 1119 1440 1147 1536.
1471 1122 1507 1148 et
1523 1117 1677 1150 Plautin.

977 1172 1055 1198 ante
1072 1167 1197 1207 Scalig.
1216 1167 1372 1208 Reliqua²
1389 1167 1460 1198 fere
1478 1178 1553 1198 cuin
1579 1168 1678 1199 Celso

977 1223 1011 1248 et
1035 1218 1118 1248 Mss.
1137 1222 1207 1248 tum
1225 1218 1366 1249 alioruin
1392 1222 1461 1249 tum
1477 1219 1572 1257 meis,
1589 1217 1679 1259 quod

978 1269 1094 1306 sciam,
1119 1268 1169 1298 his
1200 1268 1314 1299 verbis
1343 1272 1472 1300 carent.
1532 1268 1680 1309 Coujicit

977 1319 1030 1350 Cl.
1057 1319 1172 1349 Wasse.
1198 1325 1308 1350 ortam
1338 1319 1424 1350 hauc
1452 1319 1678 1357 omissionem,

978 1369 1068 1410 quod
1108 1369 1273 1409 scriptum
1311 1368 1416 1400 fuerit
1442 1370 1552 1400 iteris:
1577 1369 1680 1410 idque

978 1429 1044 1450 non
1082 1419 1293 1450 intellectum
1337 1419 1477 1460 eiecisse
1512 1419 1680 1451 librarios.

979 1469 1084 1501 Certe
1102 1469 1150 1500 sic
1168 1470 1243 1500 itere
1265 1470 1377 1501 inveni
1394 1470 1426 1501 in
1444 1471 1552 1512 Bong.
1568 1480 1619 1511 pr.
1638 1479 1679 1502 11.

978 1523 1029 1551 29.
1055 1520 1113 1551 ubi
1131 1521 1221 1551 vide.

1022 1573 1060 1601 17
1089 1570 1164 1610 Cui]
1198 1571 1319 1602 Petav.
1350 1572 1448 1602 Voss.
1473 1580 1525 1611 pr.
1550 1570 1680 1602 Lovan.

979 1621 1077 1661 Egm.
1097 1621 1192 1652 Carr.
1209 1626 1243 1651 et
1260 1621 1409 1662 quinque
1429 1621 1483 1651 alii
1500 1631 1574 1652 cum
1593 1621 1678 1653 Edd.

978 1671 1050 1702 Iuc.
1071 1671 1160 1701 Flor.
1195 1681 1273 1710 quo:
1297 1671 1368 1701 sine
1397 1670 1498 1702 dubio
1517 1676 1681 1712 corrupte
1739 1707 1743 1709 λ

980 1731 1042 1762 pro
1073 1722 1166 1762 quoi:
1203 1723 1282 1762 quod
1314 1722 1409 1753 Leid.
1433 1732 1501 1753 sec.
1529 1723 1585 1753 De
1612 1721 1682 1762 quoi.

979 1772 1097 1803 confer
1109 1777 1145 1804 et
1161 1782 1200 1804 11.
1215 1775 1268 1804 30.
1300 1771 1392 1803 Alibi
1413 1773 1530 1813 quoivis
1544 1782 1605 1814 pro
1621 1773 1682 1804 cui-

978 1824 1026 1853 vis
1042 1823 1075 1853 in
1093 1824 1174 1854 Mss.

1022 1875 1063 1902 22
1088 1872 1402 1912 Injicienditimorss]
1435 1873 1576 1904 Locutio
1592 1872 1683 1905 bona

980 1927 1013 1952 et
1042 1927 1136 1961 uota,
1163 1928 1198 1953 ct
1227 1933 1246 1954 a
1276 1928 1393 1954 nostro
1414 1923 1595 1964 aliquoties
1624 1925 1682 1956 ad-

980 1973 1098 2004 hibita.
1143 1974 1352 2005 Monenduin
1391 1978 1504 2004 tamen
1542 1974 1575 2005 in
1609 1975 1682 2006 Du-

978 2025 1120 2056 keriano
1137 2025 1270 2056 exarari
1285 2024 1484 2055 innzittencli:
1504 2025 1682 2065 quasijam

979 2075 1170 2107 inmitteret
1194 2077 1382 2117 equitatum
1410 2075 1529 2115 ipsum,
1554 2076 1609 2106 vel
1636 2080 1684 2107 te—

979 2125 1047 2156 lum
1066 2125 1098 2156 in
1115 2135 1172 2156 eos
1188 2137 1194 2155 :
1221 2126 1342 2167 quibus
1356 2127 1389 2157 in
1410 2126 1510 2157 rebus
1525 2125 1684 2158 inmittere

981 2177 1153 2216 proprium
1182 2185 1268 2215 esse,
1289 2177 1402 2208 sciunt
1425 2176 1530 2216 docti,
1545 2181 1579 2206 et
1603 2175 1683 2207 alibi

980 2226 1183 2257 monendum
1200 2227 1389 2257 habuimus.

1023 2279 1063 2307 23
1099 2276 1137 2307 Si
1161 2281 1216 2308 aut
1239 2287 1272 2307 re
1291 2276 1505 2314 frumentaria
1531 2277 1684 2307 Romanos

980 2328 1156 2366 exclmlere,
1171 2330 1225 2357 aut
1247 2329 1396 2358 adductos
1417 2327 1520 2368 inopia
1540 2337 1580 2358 ea.-
1604 2327 1682 2357 Pro-

980 2377 1082 2408 vincia
1113 2378 1262 2417 zaerIlere
1289 2377 1428 2417 possent]
1470 2375 1682 2407 Provinciam

979 2428 1033 2458 liic
1050 2428 1117 2458 noli
1143 2429 1335 2469 intelligere
1356 2427 1415 2464 τὴν
1437 2426 1598 2467 ἐπαρχίαν,
1621 2435 1682 2457 seu

982 2478 1252 2518 Narbonensem,
1278 2478 1335 2509 sed
1362 2477 1538 2516 ditionvm,
1558 2476 1591 2507 in
1616 2485 1682 2516 qua

982 2533 1051 2559 tum
1075 2530 1190 2560 Caesar
1212 2534 1298 2561 erat.
1344 2529 1440 2560 Unde
1468 2526 1556 2558 infra
1580 2536 1608 2557 c.
1627 2529 1681 2557 64.

981 2579 1051 2610 ait:
1076 2581 1084 2596 ‘
1105 2580 1168 2610 His
1196 2578 1388 2609 constitutis
1418 2577 1528 2616 rebus,
1551 2576 1682 2615 AEduis,

981 2630 1254 2670 Segusiauisque,
1284 2629 1340 2669 qui
1370 2633 1447 2658 sunt
1482 2627 1613 2657 finitimi
1649 2626 1680 2657 ei

982 2680 1184 2717 Provinciae,
1195 2688 1215 2709 x
1230 2679 1333 2708 millia
1348 2677 1499 2718 peditum
1514 2675 1682 2717 imperat.'

982 2729 1048 2760 Sed
1067 2733 1159 2760 recte
1175 2730 1237 2760 hoc
1261 2729 1334 2759 loco
1358 2733 1426 2759 vet.
1450 2728 1524 2759 cod.
1544 2737 1609 2758 non
1626 2728 1681 2758 lia-

982 2779 1039 2812 bct
1055 2788 1171 2811 vocem
1187 2779 1237 2816 ei;
1261 2778 1308 2810 ita
1330 2782 1366 2810 ut
1389 2778 1529 2809 multum
1551 2786 1680 2817 verear,
