1818 3131
232 199 343 243 1328

229 305 318 346 liger
344 314 385 335 ex
411 303 611 343 conjectura
636 303 858 345 Pantagathi,
873 305 931 336 sed

230 355 345 386 invitis
361 354 441 384 Mss.
469 357 505 382 et
522 352 609 382 Edd.
628 353 794 392 omnibus,
811 355 844 385 in
861 356 932 396 qui·

229 405 292 436 bns
323 409 374 434 est
396 402 572 439 jusserunt,
603 404 653 433 uti
683 412 799 435 sensus
830 409 933 445 esset,

230 454 406 488 Consules,
430 453 486 493 qui
520 453 620 483 amici
641 453 674 483 in
701 454 818 494 primis
833 460 932 486 erant

230 504 408 544 Pompeio,
438 505 629 543 jusserunt,
660 514 702 535 ne
732 504 831 536 fieret
867 506 932 536 dis-

229 555 346 586 cessio.
393 554 457 584 Sed
467 554 573 594 jubeo,
589 565 627 586 ne
642 556 797 597 quidfiat‚
815 566 932 588 vereor

230 611 267 637 ut
291 607 450 637 Latinum
477 607 532 638 sit.
579 608 694 640 Quare
721 608 933 638 verisimilior

229 656 364 688 videtur
395 658 497 689 lectio
528 658 663 689 Codicis
694 659 790 690 Carr.
822 659 931 696 Bong.

229 711 310 738 tert.
339 707 434 739 Leid.
451 717 518 739 sec.
537 707 599 739 Ed.
623 708 782 740 Beroaldi
799 713 833 738 et
852 709 933 738 Vas-

229 766 298 788 cos.
326 757 435 797 Marg.
447 761 628 789 suaserunt:
651 757 741 798 quod
756 762 791 788 et
805 757 933 788 arridet

230 808 349 840 Bruto.
396 810 450 840 De
472 814 545 841 tota
572 821 608 841 re
626 810 703 840 vide
725 809 779 840 hic
797 810 934 841 Ciacco-

228 859 320 890 nium
351 865 385 890 et
419 860 559 892 Hotom.
603 861 766 891 Juseerunt
798 859 933 891 interim

229 910 386 940 revocavi
413 920 428 939 e
458 910 542 939 Mss.
560 910 714 949 plurimis
730 914 765 940 et
789 910 934 940 meliori-

228 958 308 990 bus:
326 970 393 1000 quo
411 970 489 990 usus
505 959 610 990 verbo
627 965 716 991 esset
733 960 878 999 Hirtius,
891 960 933 991 ad

230 1008 388 1040 invidiam
404 1009 628 1041 conflandam.

273 1069 350 1092 uu.
378 1064 398 1091 9
432 1061 566 1099 Majores
594 1063 742 1100 pararent
769 1060 935 1091 necessitu-

228 1110 329 1150 dines]
354 1111 420 1141 tus.
453 1111 589 1142 Norvic.
610 1109 714 1141 habet
731 1110 936 1148 necessitates,

230 1169 304 1200 quae
332 1160 468 1201 quidem
498 1161 644 1192 varietas
671 1169 737 1190 non
766 1159 808 1189 de
832 1159 936 1189 nihilo

230 1214 284 1240 est
299 1220 308 1247 ;
331 1216 367 1240 ut
385 1211 473 1240 enim
487 1211 674 1240 necessitudo
687 1209 828 1240 eandem
844 1219 935 1249 saepe

229 1259 296 1290 vim
313 1260 442 1290 obtine·
464 1270 502 1290 ac
514 1259 691 1297 necessitas,
705 1259 753 1289 sic
767 1258 935 1289 interdum

230 1309 395 1339 necessitas
413 1309 501 1339 idem
519 1309 662 1339 denotat
680 1318 719 1339 ac
736 1309 934 1339 necessitudo.

231 1358 346 1389 Caesar
359 1359 399 1389 R.
424 1360 461 1388 (Γ.
491 1368 515 1388 1.
533 1362 563 1390 8.
598 1359 606 1374 ‘
623 1359 765 1398 Semper
783 1368 818 1388 se
834 1358 935 1398 Reip.

230 1412 406 1438 commoda
435 1408 577 1448 privatis
607 1408 844 1438 necessitatibus
879 1408 935 1439 ha-

230 1455 340 1485 buisse
367 1456 519 1496 potiora.'
572 1457 628 1488 Sic
659 1462 694 1488 et
725 1458 845 1488 Cicero
875 1467 935 1497 pro

230 1506 322 1545 Sylla
338 1516 372 1546 p.
389 1510 483 1537 1857.
507 1506 549 1537 A.
561 1507 694 1538 Gellius
710 1509 811 1539 Noct.
824 1507 934 1539 Attic.

230 1565 313 1587 xllx.
343 1560 372 1588 3.
403 1558 411 1572 ‘
433 1557 523 1588 Nihil
548 1558 686 1588 rationis
717 1558 784 1589 dici
810 1563 937 1598 potest,

231 1607 288 1647 qui
301 1609 489 1638 necessitudo
501 1613 535 1639 et
547 1609 712 1640 necessitas
724 1614 935 1649 separentur.

231 1658 353 1699 Itaque
371 1659 404 1689 in
421 1659 515 1689 libris
542 1664 698 1690 veterum
717 1660 817 1699 vulgo
841 1669 935 1699 repe-

230 1710 295 1740 rias
318 1710 583 1751 necessitudinem,
608 1710 675 1742 dici
703 1721 763 1751 pro
788 1721 828 1742 eo
845 1711 936 1752 quod

229 1768 404 1791 necessum
429 1767 498 1799 est3
528 1762 585 1792 sed
602 1761 764 1792 necessitas
780 1771 857 1792 sane
875 1771 935 1801 pro

221 1810 300 1850 jure
311 1810 490 1852 officioque,
501 1812 727 1844 observantias
740 1812 935 1854 infrequens

230 1865 298 1899 est3
323 1872 525 1902 quamquam
544 1863 600 1903 qui
618 1863 660 1894 ob
677 1863 739 1893 lioc
755 1864 862 1903 ipsum
875 1864 934 1903 jus

229 1909 403 1942 affinitatis
428 1910 735 1953 familiaritatisque
761 1914 934 1954 conjuncti

229 1965 318 2000 sunt,
347 1962 511 1991 massarii
543 1962 713 1993 dicuntur.
782 1963 933 2003 Repperi

230 2015 341 2041 tamen
373 2012 404 2040 in
437 2011 591 2041 oratione
621 2012 659 2041 C.
679 2011 836 2047 Caesaris,
870 2022 935 2052 qua

230 2060 398 2091 Plautiam
416 2061 623 2100 rogationem
640 2061 756 2100 suasit,
771 2062 934 2093 necessita-

228 2113 290 2142 tem
312 2110 438 2152 dietam
467 2121 528 2151 pro
558 2111 792 2150 necessitudine,
808 2111 841 2142 id
867 2116 932 2151 est,

221 2160 300 2201 jure
340 2158 524 2192 affinitatis.
572 2162 688 2192 Verba
724 2162 797 2192 liaec
834 2167 931 2193 sunt:

228 2213 383 2253 Equidem
399 2213 475 2244 mihi
490 2213 613 2244 ridetur·
627 2223 683 2253 pro
696 2217 802 2244 nostra
819 2223 933 2244 neces-

228 2262 342 2302 sitate,
357 2273 414 2293 nvn
429 2264 541 2301 labore,
558 2273 615 2294 non
641 2273 743 2303 opera,
759 2273 817 2294 non.
832 2264 934 2294 indus-

227 2313 292 2343 tria
306 2314 465 2351 defuissc.'
505 2314 683 2345 Hactenus
700 2314 757 2344 ille.
774 2325 780 2344 :
804 2324 845 2344 ex
864 2315 934 2355 qui-

227 2362 292 2394 bus
325 2369 435 2403 patet,
466 2364 596 2404 lapsum
623 2373 697 2394 esse
721 2364 931 2404 sosipatrum

228 2412 428 2453 Charisium,
445 2415 500 2454 qui
521 2412 682 2452 ἀποτόμως
707 2415 857 2454 negavit,
882 2425 932 2445 ne-

226 2463 399 2493 cessitatem
437 2474 497 2503 pro
531 2464 751 2494 necessitudine
786 2474 930 2505 unquam

228 2513 318 2553 poni.
348 2513 455 2543 Duris.
492 2514 700 2544 Necessitates
736 2515 860 2555 legitur
898 2516 929 2545 in

227 2562 398 2593 Vossianis
417 2564 581 2602 omuibus,
598 2564 760 2603 Bongars.
779 2575 846 2595 soc.
866 2566 930 2603 Eg-

228 2614 341 2644 mund.
377 2615 502 2645 Lovan.
536 2615 634 2645 Gott.
667 2616 797 2646 Buslid.
835 2617 929 2647 Leid.

229 2667 308 2693 tert.
336 2664 444 2703 Bong.
473 2673 521 2703 pr.
541 2673 602 2703 pro
630 2674 698 2694 var.
718 2665 797 2695 lect.
814 2672 847 2696 et
866 2666 929 2696 Ed.

229 2712 302 2744 Inc.
320 2712 366 2744 ita
385 2715 531 2744 variatur
548 2724 681 2755 quoque
706 2716 746 2745 B.
765 2716 837 2746 Civ.
855 2725 879 2746 1.
898 2718 929 2747 4.

229 2763 357 2794 Contra
373 2774 435 2805 pro
453 2764 632 2796 necessitate
658 2765 692 2796 in
709 2765 792 2796 Mss.
811 2770 862 2797 est
877 2775 929 2797 ne-

687 208 829 240 No'rAE
869 210 1134 242 VARIORUM
1177 212 1228 242 IN

983 306 1133 337 cessitudo
1149 306 1239 346 apud
1258 306 1372 338 Valer.
1388 307 1483 338 Max.
1501 310 1531 339 l.
1544 310 1576 338 6.
1594 308 1611 348 ξ
1633 311 1684 342 12.

983 356 1039 386 ubi
1067 357 1202 388 consule
1221 356 1339 387 doctos
1355 357 1474 388 viros·
1486 358 1526 389 B.
1541 358 1580 390 C.
1602 368 1628 390 1.
1653 361 1686 391 8.

987 406 1067 436 Mss.
1097 408 1300 437 vetustiores
1330 408 1601 439 necessitudinibus
1630 409 1687 441 lia·

984 455 1083 487 bent:
1110 458 1205 496 plura
1233 458 1308 489 vide
1336 458 1426 499 apud
1446 459 1539 490 Cort.
1558 459 1600 490 ad
1616 459 1686 491 Sal-

984 506 1062 537 lust.
1081 508 1119 537 B.
1138 509 1211 538 Cat.
1229 518 1259 539 c.
1279 511 1328 539 17.
1347 512 1398 540 33.

1027 565 1093 587 L1V.
1110 559 1129 587 2
1155 559 1355 599 Mittcretur]
1379 559 1433 590 Sic
1448 560 1532 591 Mss.
1549 559 1634 601 ch.
1651 564 1688 592 et

983 605 1104 636 Vossii.
1146 605 1198 636 Al.
1221 608 1431 638 mitterentur.
1480 609 1592 640 Minus
1620 610 1687 640 ele-

984 659 1114 694 ganter.
1128 655 1234 687 Clark.
1253 658 1438 690 Mitteretur
1450 670 1525 690 cum
1536 660 1599 690 Ed.
1614 660 1688 692 Inc.

983 705 1086 735 etiam
1115 706 1181 736 mei
1206 715 1334 742 omnes,
1361 708 1388 737 si
1413 714 1526 740 tamen
1553 710 1628 740 Pal.
1653 715 1690 740 et

984 756 1092 796 Bong.
1121 766 1170 796 pr.
1189 757 1430 788 recentissimae
1457 759 1594 798 quidem
1622 769 1690 790 ma-

983 814 1044 835 nus
1069 806 1233 846 excipias,
1248 806 1362 837 forsan
1380 812 1415 838 et
1431 807 1547 848 anac.
1564 808 1690 850 Scalig.

984 859 1020 886 et
1036 855 1162 887 Audin.
1199 858 1315 889 Quare
1333 857 1472 889 Clarkio
1488 867 1555 889 non
1572 859 1689 899 parui3

985 906 1066 936 licet
1082 906 1227 936 alterum
1244 905 1346 937 facile
1363 906 1444 937 ferri
1462 909 1583 947 possit.
1620 907 1688 940 Sed

985 965 1061 986 cum
1080 962 1200 995 agatur
1217 956 1258 986 de
1275 957 1402 988 duabus
1426 956 1612 997 legionibus
1626 957 1690 990 sub

985 1014 1052 1035 uno
1069 1005 1132 1036 hoc
1154 1006 1269 1044 verbo,
1296 1007 1484 1046 elegantius
1511 1007 1691 1039 adhibetur

986 1056 1132 1096 plurale:
1159 1066 1259 1097 quem
1272 1066 1446 1087 numerum
1461 1066 1478 1087 e
1496 1057 1578 1088 Mss.
1594 1058 1691 1089 resti-

984 1107 1107 1137 tuimus
1133 1107 1258 1138 Caesari
1287 1115 1352 1137 vn.
1379 1109 1429 1138 39.
1473 1107 1482 1123 ‘
1502 1107 1599 1139 Alter
1625 1117 1689 1148 pro

986 1156 1276 1196 Convictolitane‚
1306 1157 1392 1188 alter
1417 1166 1479 1198 pro
1502 1158 1589 1189 Coto
1605 1168 1690 1200 pug-

984 1206 1173 1237 naverant!

1026 1260 1044 1287 5
1078 1256 1258 1294 Confectum
1287 1267 1327 1288 ea·
1354 1259 1471 1289 delectu
1499 1258 1691 1299 Prorirwiae,

986 1306 1106 1337 Caesari
1121 1316 1187 1337 eam
1212 1310 1358 1347 tunquam
1374 1318 1413 1338 ex
1427 1318 1481 1339 suo
1502 1318 1626 1339 numera
1640 1310 1691 1340 de-

983 1355 1046 1394 dit]
1085 1356 1194 1387 Locus
1233 1362 1300 1387 tam
1340 1362 1433 1389 certo
1472 1359 1692 1400 depravatus,

985 1414 1085 1446 quam
1103 1406 1180 1437 luce
1198 1407 1388 1439 meridiana
1418 1409 1506 1440 diem
1524 1419 1598 1441 esse
1615 1418 1693 1441 con·

984 1459 1066 1487 stat.
1112 1457 1191 1487 Non
1208 1457 1379 1489 dubitavit
1405 1462 1520 1489 tamen
1536 1459 1584 1490 sic
1609 1469 1691 1500 quo-

985 1516 1050 1547 que
1065 1506 1218 1547 Scaliger
1234 1508 1347 1539 edere.
1394 1509 1483 1540 Nam
1508 1509 1618 1550 prima
1644 1510 1691 1541 le·

985 1556 1038 1597 gio
1068 1557 1142 1587 haee
1173 1556 1333 1590 confecta
1363 1562 1437 1589 erat
1472 1569 1515 1590 ex
1550 1559 1689 1591 delectu

985 1606 1109 1637 Galliae
1127 1607 1325 1648 Cisalpinae,
1340 1619 1413 1649 quae
1427 1609 1601 1649 provincia
1618 1610 1691 1641 Cae-

985 1655 1069 1687 saris
1085 1661 1171 1688 erat.
1208 1657 1305 1689 Hanc
1322 1659 1488 1699 legionem
1505 1659 1689 1700 Pompeius

979 1706 1052 1745 jam
1068 1706 1164 1738 dedit
1179 1707 1314 1747 Bibulo,
1332 1713 1492 1749 tanquam
1513 1719 1630 1749 suam;
1655 1714 1690 1742 et

985 1757 1102 1787 Caesar
1131 1763 1270 1788 coactus
1301 1764 1352 1789 est
1379 1760 1522 1790 alteram
1549 1770 1592 1791 ex
1622 1760 1689 1792 suis

985 1806 1112 1838 addere
1142 1806 1340 1848 legionibus.
1379 1811 1512 1842 Vossius.
1560 1811 1689 1844 Locum

984 1866 1056 1886 esse
1065 1862 1157 1887 certo
1169 1858 1389 1897 depravatum
1402 1860 1533 1890 notavit
1546 1860 1689 1901 Dionys.

984 1907 1142 1937 Vossius:
1162 1918 1228 1948 qua
1242 1914 1355 1939 tamen
1375 1910 1507 1941 ratione
1522 1910 1565 1942 sit
1579 1919 1690 1941 emen-

982 1955 1127 1995 dandus,
1144 1967 1206 1987 nce
1225 1959 1280 1989 illc
1299 1959 1395 1999 vidit,
1413 1970 1475 1991 nec
1493 1961 1577 1991 alius
1595 1960 1686 2001 quis-

982 2006 1081 2045 piam.
1116 2008 1151 2038 F.
1170 2008 1284 2038 Ursini
1299 2009 1385 2039 liber
1397 2009 1566 2047 consectam
1581 2019 1620 2041 ex
1637 2012 1687 2041 de·

981 2056 1062 2087 tectu
1083 2058 1250 2096 prm-incise
1267 2059 1411 2099 casaris,
1437 2060 1466 2090 ei
1487 2063 1633 2100 tanquam
1647 2070 1687 2091 ea:

981 2116 1036 2137 suo
1066 2117 1189 2137 numero
1214 2109 1310 2140 dedit.
1356 2110 1554 2150 Legeudum
1581 2111 1688 2142 credi·

984 2157 1090 2188 derim
1117 2158 1286 2197 confectam
1313 2169 1352 2190 ex
1377 2161 1494 2192 delectu
1518 2161 1688 2202 provincie

986 2207 1130 2244 Casaris,
1156 2218 1222 2238 eam
1249 2212 1394 2249 tanquam
1419 2220 1459 2241 ex
1484 2220 1539 2242 suo
1561 2220 1687 2243 numero

982 2258 1106 2297 repetit.
1132 2259 1248 2289 Ca‘sar
1261 2260 1299 2290 B.
1318 2260 1360 2290 G.
1379 2269 1428 2291 vr.
1449 2264 1477 2291 l.
1502 2260 1627 2292 ‘Simul
1643 2259 1686 2292 ab

983 2309 1044 2340 Cn.
1070 2310 1234 2349 Pompeio
1251 2310 1389 2342 Procos.
1411 2311 1627 2352 petit—-quos
1643 2319 1685 2342 ex

983 2359 1155 2399 Cisalpina
1173 2360 1285 2391 Gallia
1304 2361 1458 2391 Consulis
1473 2364 1684 2392 sacramento

984 2411 1181 2451 rogavisset,
1198 2411 1239 2441 ad
1257 2410 1353 2451 signa
1376 2412 1555 2442 convenire
1578 2413 1613 2442 et
1640 2409 1683 2440 ad

981 2472 1016 2493 se
1034 2463 1349 2504 proli‹·is(·ijuberet
1361 2465 1381 2494 ;’
1397 2463 1482 2505 quod
1498 2462 1681 2502 Pompeius

981 2519 1015 2543 et
1036 2514 1134 2553 Reip.
1159 2518 1195 2544 et
1219 2514 1377 2544 amicitia!
1406 2512 1536 2544 tribuit.
1581 2511 1681 2542 Hanc

980 2565 1157 2603 legionem,
1190 2571 1347 2605 tanquam
1379 2573 1419 2593 cx
1450 2572 1510 2592 suo
1541 2571 1681 2592 numero

981 2616 1107 2655 repetit
1139 2615 1338 2655 Pompeius:
1374 2622 1473 2653 quam
1498 2611 1627 2642 idcirco
1648 2611 1680 2642 ei

981 2666 1110 2695 remisit
1124 2666 1249 2695 (ju-sar.
1272 2664 1359 2693 Vide
1371 2667 1405 2692 et.
1425 2663 1569 2693 Diouem
1587 2663 1608 2692 l.
1622 2671 1680 2693 XI..

980 2725 1012 2755 p.
1042 2718 1113 2745 151.
1148 2714 1262 2743 l'rima
1290 2713 1420 2753 syllaba
1452 2712 1542 2743 vocis
1566 2712 1680 2752 repetit

978 2764 1147 2797 excidisse
1180 2764 1315 2795 videtur
1342 2763 1385 2794 ol)
1410 2762 1678 2803 similitudinem,
