1818 3131
321 215 413 244 mu.
451 214 512 244 vi.
546 213 651 242 mr.
683 202 724 242 4.
771 212 833 242 un
868 214 1022 244 nanno
1055 214 1283 245 GAmeo.

87 307 185 339 sedes
212 307 403 339 habuerint.
448 307 549 338 Certe
566 315 694 342 eorum,
716 309 789 335 tan-

86 367 185 398 quam
203 358 347 389 Galliam
365 357 533 397 Belgicam
550 354 788 393 habitantium,

86 418 250 449 nusquam
275 408 424 439 meminit
451 407 574 438 Cui-sar.
599 405 687 436 Vide
709 405 787 436 Clir.

86 459 266 490 cellarium
293 458 419 498 Geogr.
443 456 523 487 Ant.
548 464 588 487 ιῐ.
608 458 637 486 3.
665 465 698 496 p.
716 458 786 486 189.

85 519 154 549 seq.
183 507 294 538 Daris.

128 561 167 588 lo
192 558 323 587 Senones
337 557 377 586 ad
392 557 578 594 imperatum
593 567 652 587 non
668 555 788 595 tenire]

85 607 257 638 Falluntur
275 605 416 637 Ursinus
442 611 476 636 et
499 606 712 644 Ciacconius,
729 605 786 646 qui

83 657 252 689 malebant
275 659 315 688 ad
342 657 563 698 imprrandam.
602 657 692 689 Quia
715 657 788 688 Sal-

82 708 200 740 lustius
224 709 309 739 dixit
337 708 474 746 Jugurt.
501 717 531 738 c·
547 710 600 738 (52.
647 708 656 724 ‘
677 706 788 747 Igitur

81 758 250 799 Jugurtha
262 758 314 789 ubi
327 759 427 789 armis
439 759 582 798 virisque
597 758 786 799 etpecunia

80 809 244 850 spoliatus
268 814 332 847 est,
358 818 434 839 cum
459 809 528 848 ipse
552 808 594 839 ad
618 808 785 848 imperan-

80 859 159 890 dum
175 860 336 890 Tisidium
357 859 556 890 vocaretur!
589 858 784 898 Impcraba-

81 914 136 940 tur
158 909 355 948 Senonibus,
368 915 404 940 ιη
421 908 625 940 accederent
641 919 648 939 z
673 908 722 939 illi
741 908 784 938 ad

79 960 284 1000 imperatum
323 970 388 990 nou
420 959 612 991 veniebant.
655 958 784 990 Eodem

79 1010 178 1041 modo
203 1019 267 1051 quo
289 1010 425 1048 dicitur,
448 1011 487 1040 ad
506 1009 783 1049 proescriptumja-

78 1069 155 1101 cere,
182 1060 230 1092 ita
252 1065 287 1092 et
313 1062 353 1091 ad
377 1062 562 1101 imperatum
587 1061 699 1091 venire.
739 1061 784 1091 Et

80 1111 201 1143 vitavit
217 1111 329 1143 Caesar
350 1111 412 1141 liae.
430 1111 601 1142 locutione
620 1109 784 1150 ambigui-

80 1166 186 1193 tatem
202 1162 258 1192 τοῦ
272 1163 312 1192 ad
341 1162 562 1202 imperandum.
609 1162 719 1194 Quam
749 1164 784 1191 et

78 1212 209 1243 Tullius
234 1211 416 1250 intellexit,
439 1221 516 1242 cum
540 1211 606 1242 ait:
646 1211 654 1225 ‘
682 1210 782 1241 Nunc

79 1261 159 1293 ades
182 1261 224 1292 ad
246 1261 492 1302 imperandum,
509 1261 581 1292 sive
599 1260 641 1291 ad
662 1270 782 1301 paren-

78 1310 155 1342 dum
167 1311 302 1352 potius.’
322 1311 408 1343 Nam
418 1311 626 1351 imperandum
637 1311 783 1342 activam

77 1366 114 1392 et
143 1362 309 1402 passivam
345 1361 629 1402 significationem
667 1361 782 1401 habet,

76 1413 260 1453 imperatum
275 1421 341 1442 non
358 1412 449 1443 item.
487 1412 618 1443 Vossius.

121 1471 176 1493 ιιι.
206 1465 225 1493 8
255 1463 391 1502 Reliqui,
412 1461 481 1502 εμπ]
512 1462 625 1494 Oxou.
643 1463 783 1503 Reliqua.»

76 1523 107 1553 p.
125 1513 270 1552 Senonas,
283 1515 448 1552 Cornutus,
457 1514 510 1545 Tr.
535 1514 731 1554 Eleganter,
745 1518 783 1544 ut

75 1563 248 1603 intelligat
271 1563 426 1594 civitates.
459 1563 631 1603 Populum
646 1563 782 1604 quando

77 1613 228 1644 nominat
252 1614 367 1645 Coesar
381 1623 456 1645 cum
479 1612 552 1644 aliis
569 1623 660 1654 saepe
687 1613 782 1645 addit

76 1664 197 1695 cit-itas.
237 1663 372 1696 Confer.
398 1673 454 1695 111.
472 1666 504 1695 9.
521 1668 556 1695 et
580 1663 627 1694 ibi
650 1669 780 1695 notata.

79 1714 156 1745 Non
173 1718 285 1745 tamen
308 1714 362 1744 liic
381 1714 585 1754 admiserim,
609 1715 686 1756 quia
707 1725 782 1746 nus-

77 1773 178 1804 quam
205 1764 380 1804 praecessit
411 1764 658 1795 substantivum
684 1765 779 1797 illud.

78 1814 133 1845 De
150 1813 272 1846 Graeca
290 1813 527 1844 terminatione
544 1813 636 1845 alibi.

121 1866 157 1894 11
186 1863 224 1894 In
244 1863 402 1894 Lutetiam
420 1864 498 1895 Par.
520 1863 688 1905 transfert]
713 1864 780 1897 Ms.

78 1913 217 1945 Norvic.
234 1918 269 1944 et
285 1913 368 1944 editi
386 1918 517 1945 veteres
534 1914 696 1945 exhibent
711 1925 779 1946 cou-

77 1964 180 1994 cilium
195 1964 227 1994 in
246 1964 419 1996 Lutetiam.
459 1965 666 2005 Praepositio
681 1965 724 1996 ab
739 1965 780 1996 iis

78 2019 249 2054 expuncta
264 2019 328 2051 est,
344 2015 400 2055 qui
422 2015 484 2046 hoc
508 2014 607 2046 modo
627 2015 780 2046 Soloecis-

77 2073 165 2096 mum
188 2063 260 2095 fieri
288 2065 536 2105 existimarunt,
558 2075 625 2106 qua
649 2065 683 2095 in
707 2075 779 2097 sen-

79 2114 187 2145 tentia
203 2113 298 2145 fuere
321 2115 469 2145 nonnulli
487 2115 577 2155 apud
600 2115 779 2148 Quintilia-

79 2174 157 2195 num
174 2164 367 2196 Inst.Orat.
386 2174 409 2195 1.
423 2169 455 2195 5.
474 2167 569 2204 μ.33.
585 2165 650 2196 Ed.
665 2165 778 2197 Oxon.

78 2214 147 2245 Sed
175 2224 363 2255 perperam.
405 2215 493 2246 Vide
519 2216 576 2246 Fr.
605 2215 779 2247 Sanctium

79 2264 166 2295 Min.
191 2273 241 2295 ιν.
268 2268 299 2295 6.
322 2271 358 2296 et
379 2265 455 2297 Jac.
473 2265 647 2297 Perizonii
671 2266 779 2298 addit.

80 2325 113 2356 p.
129 2318 204 2346 758.
235 2316 346 2346 Daris.
375 2316 413 2347 In
431 2316 597 2348 Lutetiam.
622 2317 677 2348 Sic
693 2317 778 2348 Mss.

80 2364 167 2406 Reg.
197 2371 232 2396 et
267 2366 392 2396 Elicm.
437 2368 546 2398 Quam
583 2367 780 2398 Lectionem

79 2415 209 2447 erudite
224 2421 337 2447 tuetur
353 2417 524 2448 Davisius.
569 2417 623 2448 Sic
639 2417 727 2448 enini
744 2422 782 2448 et

80 2465 159 2497 alibi
176 2467 363 2508 loquisolet
378 2469 502 2498 Carsar.
536 2466 604 2497 Alii
620 2467 781 2498 omittunt

81 2517 350 2558 praeposiiionem
367 2518 411 2549 ἱιι.
446 2518 552 2549 Clark.
586 2518 783 2558 Praepositi-

80 2576 176 2598 onem
197 2573 385 2609 agnoscunt
405 2568 507 2600 etiam
534 2569 627 2600 Carr.
648 2569 781 2600 Duker.

82 2617 225 2649 Dorvill.
242 2619 334 2649 Leid.
360 2623 440 2650 tert.
457 2624 492 2650 et
514 2619 601 2651 Edd.
620 2629 722 2660 usque
739 2619 781 2650 ad

82 2665 302 2708 Scaligerum,
340 2674 488 2710 excepta
537 2670 780 2710 Stephauiaua.

82 2714 139 2746 Sic
154 2724 211 2748 ιιι.
224 2720 277 2749 20.
290 2719 323 2749 in
340 2719 422 2750 Mss.
440 2720 608 2750 nonnullis
623 2730 643 2750 a
658 2720 780 2751 Tolosa.

83 2773 147 2797 vn.
163 2769 216 2798 58.
232 2771 329 2800 emo,
345 2779 364 2801 a
380 2770 545 2801 Meloduno
556 2780 568 2808 ,·
590 2770 648 2802 ubi
662 2770 780 2803 itidem

788 1439 798 1444 -
833 1412 952 1451 Attico,
973 1412 1098 1452 Achuo,
1113 1413 1244 1452 Accilio,
1259 1417 1324 1444 Sec.

1437 204 1542 245 1¹:35)

841 305 972 337 variant
998 308 1080 338 Mss.
1105 310 1198 340 c.80.
1237 310 1247 325 ⁴
1266 306 1331 339 Qui
1356 306 1399 338 ab
1426 307 1543 338 Ale²iz

838 363 1088 397 processerant,
1103 368 1137 388 se
1161 359 1193 388 in
1218 357 1381 398 oppidum
1403 367 1540 398 recepe-

835 407 934 436 runt.'
972 407 1071 438 Adde
1089 409 1204 439 navis.
1231 409 1273 439 ad
1293 409 1332 439 Β.
1351 408 1424 440 Civ.
1441 417 1466 439 1.
1489 412 1541 439 11.

836 456 845 472 ⁴
865 455 908 486 ab
926 455 1094 488 Arimino:
1121 459 1207 489 etad
1226 467 1247 489 ι.
1262 462 1312 489 15.
1336 458 1542 490 ltemn.17.

836 506 844 522 ‘
863 505 903 536 In
925 506 1083 546 Hispali!
1108 513 1143 539 ct
1167 519 1196 538 ι’.
1224 512 1272 540 10.
1298 519 1337 540 ac
1358 519 1412 541 ιιι.
1432 513 1481 541 12.
1507 516 1543 541 et

837 565 868 586 c.
900 559 972 587 100.
1003 558 1097 588 Cort.
1127 558 1168 588 ael
1200 560 1280 589 sall.
1314 560 1352 590 B.
1382 561 1458 591 Cat.
1489 563 1542 591 40.

839 606 942 637 Valet
967 608 1060 639 Max.
1084 617 1107 639 1.
1126 612 1176 640 87.
1213 612 1221 626 ‘
1241 610 1375 641 lit-latos
1399 610 1544 641 Albam!

838 656 904 687 ΜΞ.
937 656 1089 689 Harlem.
1116 658 1212 690 bonae
1243 665 1330 690 nota‘
1358 660 1476 691 codex.
1502 662 1544 691 a!

836 706 959 739 Album.
989 708 1092 739 Plura
1109 708 1178 739 dixi
1197 709 1237 739 ad
1256 709 1403 740 Frontin.
1423 719 1446 740 1.
1465 713 1495 741 3.
1509 714 1542 741 (3.

836 758 844 774 ‘
865 757 896 787 in
920 758 1083 789 Troezena
1107 758 1355 790 transferendi.’
1395 761 1471 790 Non
1496 764 1543 790 te-

837 817 930 839 mere
955 813 1066 840 tamen
1091 810 1153 841 hoc
1178 810 1438 842 inculcaverim:
1464 812 1544 852 quia

836 863 871 889 et
889 858 932 889 ab
949 860 1077 898 Ursini,
1094 860 1252 893 Ciaccou.
1279 862 1423 901 Brantii,
1445 863 1544 894 meis-

836 918 902 948 que
932 910 1017 940 Mss.
1051 910 1203 950 plurimis
1232 915 1267 942 et
1297 912 1542 953 antiquioribus

838 960 947 991 abest.

880 1012 917 1040 13
944 1010 1084 1050 Afaisse]
1104 1011 1159 1042 Sic
1176 1011 1299 1042 Audin.
1315 1013 1477 1051 Bongars.
1490 1023 1540 1053 pr.

836 1060 965 1091 Lovan.
1013 1061 1180 1099 Egmund.
1216 1062 1314 1093 Voss.
1346 1063 1442 1102 prim.
1474 1072 1540 1093 non

834 1109 979 1147 abfuisse.
1018 1110 1104 1141 vide
1122 1111 1163 1141 ad
1180 1120 1202 1142 1.
1220 1114 1272 1143 36.

864 1169 913 1191 iv.
927 1164 941 1191 l
951 1161 1048 1201 Acco]
1059 1161 1113 1192 Sic
1125 1161 1259 1202 quidem
1270 1162 1372 1192 etiam
1383 1161 1540 1200 Graecus,

828 1210 960 1242 Ἀκκων·
979 1211 1038 1242 sed
1055 1213 1163 1252 Boug.
1189 1222 1240 1253 pr.
1266 1212 1363 1243 Voss.
1384 1222 1434 1253 pr.
1449 1213 1540 1244 Scal.

833 1261 928 1292 Leid.
961 1271 1012 1302 pr.
1044 1262 1165 1293 Petav.
1202 1263 1368 1301 Egmund.
1415 1264 1543 1296 Lovan.

835 1313 943 1343 Dorv.
970 1317 1006 1343 et
1037 1312 1126 1344 Edu.
1156 1313 1252 1344 Rom.
1285 1313 1424 1344 Mediol.
1454 1314 1543 1344 Veri.

833 1362 941 1401 Acico,
970 1363 1094 1393 Accico.
1145 1363 1213 1394 Alii
1252 1363 1381 1401 Achico,
1416 1363 1543 1401 Athico,

1376 1415 1430 1445 Ita
1454 1419 1492 1444 ut
1508 1415 1542 1444 in

834 1462 926 1493 nullo
955 1462 1142 1493 invenerim
1171 1463 1260 1494 istud
1286 1464 1379 1495 Acco.
1418 1464 1484 1495 Sed
1508 1465 1541 1495 iu

834 1512 964 1543 cunctis
976 1512 1129 1544 additum
1146 1513 1168 1545 i.
1190 1514 1288 1546 Quod
1305 1514 1541 1554 recipiendum

835 1568 1002 1603 putarem,
1031 1563 1094 1594 nisi
1117 1574 1147 1596 c.
1171 1568 1224 1597 44.
1250 1570 1286 1596 et
1309 1574 1374 1595 vn.
1394 1568 1422 1595 1.
1455 1565 1540 1596 Msti

833 1617 1026 1644 constanter
1042 1613 1228 1645 retinerent
1242 1615 1374 1646 Accone.

874 1665 893 1693 4
917 1663 1114 1702 Deprecandi
1126 1663 1248 1704 caussa]
1273 1664 1396 1704 Coepta
1408 1673 1468 1695 sua
1483 1673 1542 1695 ex-

833 1713 982 1751 cusandi,
1015 1719 1052 1745 ut
1077 1713 1131 1744 vel
1160 1724 1203 1745 ex
1237 1724 1277 1745 eo
1309 1719 1418 1754 pater,
1450 1715 1539 1755 quod

833 1763 947 1794 Caesar
963 1773 1079 1795 eorum
1097 1765 1350 1795 excusationem
1367 1765 1539 1806 accepisse

832 1822 867 1844 se
899 1813 1034 1846 dixerit.
1098 1814 1254 1855 Hujusce
1283 1814 1538 1853 significationis

831 1865 986 1904 exempla
996 1864 1231 1905 suppeditabit
1242 1864 1284 1895 A.
1295 1865 1423 1896 Gellius
1434 1866 1539 1898 Noct.

831 1914 940 1946 Attio.
959 1924 1009 1946 vi.
1027 1917 1078 1946 16.
1109 1914 1222 1945 Daris.

872 1967 892 1995 7
922 1966 1080 1997 AEsticam
1112 1969 1232 2005 tempus
1268 1965 1415 1997 instantis
1451 1965 1538 2007 belli]

830 2016 1026 2047 Penultima
1039 2026 1105 2048 vox
1122 2016 1222 2048 abest
1244 2027 1264 2048 a
1283 2017 1349 2048 Ms.
1376 2018 1535 2049 Norviffl

830 2075 906 2105 nec,
924 2070 961 2097 ut
977 2066 1110 2107 opinor,
1126 2067 1306 2098 sementia:
1320 2072 1373 2098 est
1399 2077 1536 2108 prorsus

831 2117 1041 2155 neeessa1·ia;
1061 2116 1143 2148 ferri
1156 2122 1267 2148 tamen
1282 2122 1408 2158 potest,
1420 2118 1446 2148 si
1460 2128 1537 2150 cum

831 2167 1068 2208 Metaphraste
1085 2166 1222 2206 πόλεμον
1237 2166 1414 2206 ἐγκείμενον
1437 2168 1538 2200 intel·

830 2217 980 2257 ligamus
1027 2217 1126 2250 Joau.
1165 2217 1350 2249 Sambucus
1391 2223 1538 2250 testatur

831 2267 993 2299 Codicem
1032 2272 1185 2299 veterem
1221 2267 1377 2299 habuisse
1414 2269 1538 2300 AEsiiro

830 2319 964 2357 tempore
993 2318 1141 2356 instante,
1166 2318 1250 2358 belli,
1273 2329 1330 2349 non
1360 2319 1539 2360 quoestionis

830 2376 894 2397 rem
909 2377 971 2398 esse
986 2368 1216 2399 arbitrabatur:
1247 2369 1307 2400 sed
1332 2369 1405 2400 huic
1422 2370 1540 2400 lectio-

831 2416 864 2446 ni
881 2427 994 2448 omnes
1015 2418 1072 2449 alii
1097 2417 1312 2459 refragantur
1327 2420 1434 2452 Codd.
1459 2431 1537 2462 qua·

833 2471 974 2507 propter
997 2473 1125 2500 temere
1155 2479 1223 2500 non
1246 2474 1299 2501 est
1327 2471 1535 2511 recipienda.

835 2516 1052 2550 Hotomanno
1089 2519 1205 2560 placet
1233 2521 1391 2552 AEsticam
1417 2524 1537 2561 tempus

832 2567 963 2609 instans,
987 2570 1059 2602 haec
1078 2571 1167 2602 enim
1184 2580 1264 2604 vere
1287 2572 1469 2612 contigisse
1491 2581 1534 2602 ex

833 2627 862 2649 c.
879 2621 911 2650 3.
935 2619 1149 2652 manifestum
1175 2626 1238 2653 est.
1274 2622 1372 2653 Idem.
1410 2622 1534 2652 AEstiru

832 2671 966 2710 tempore
984 2670 1120 2702 instante
1143 2676 1197 2702 est
1221 2671 1324 2702 etiam
1349 2670 1382 2700 in
1407 2671 1534 2702 Lovan.

833 2719 929 2751 Gott.
940 2721 1036 2753 Voss.
1048 2721 1163 2761 tertio,
1173 2726 1208 2752 et
1219 2721 1376 2751 Editioue
1384 2720 1535 2752 Incerta.

832 2770 893 2802 Nil
921 2776 1024 2806 muta.
1083 2772 1234 2812 Tempus
1267 2769 1421 2803 aestivum
1460 2774 1534 2803 erat
