1872 3115
372 170 467 201 Llss.
492 171 522 200 1.
555 158 753 199 alm-50.
789 169 851 198 DE
886 169 1040 199 BELLO
1073 168 1301 199 GALLICO.

112 265 186 296 Pal.
218 265 326 306 primo
350 264 602 296 rescribendum
618 263 808 301 latitudine;

110 315 200 356 quod
217 316 244 346 si
269 315 339 356 liat,
361 315 456 346 hicce
469 314 560 346 locus
582 314 624 345 ad
651 324 720 346 rem
736 323 809 345 nos-

109 370 197 397 tram
229 365 364 397 minime
393 365 507 397 faciet.
565 364 666 397 Alter
692 365 807 406 itaque

111 415 415 446 succenturiandus
438 420 501 446 est.
546 415 727 446 Suetonius
745 416 807 446 Ca-

109 466 168 505 lig.
196 476 225 497 c.
243 468 292 497 19.
319 466 328 482 4
347 466 504 507 Bajarum
531 466 675 496 medium
706 465 807 496 iuter-

109 516 235 547 vallum
268 516 469 547 Puteolanas
497 516 539 546 ad
565 516 668 547 moles
704 516 805 547 trium

108 565 247 596 millium
265 569 300 597 et
315 570 548 597 sexcentorum
562 565 635 597 fere
648 576 806 606 passuum

109 615 255 655 spatium
282 619 387 655 ponte
403 615 600 656 conjunxit)
646 615 699 647 Sic
723 625 808 656 prm-

109 665 336 696 mantissimas
388 666 504 697 Codex
555 666 805 704 Memmianus;

108 724 186 746 nam
223 717 357 756 spatium
405 716 673 757 praetermittunt
710 716 806 748 editi.

110 766 221 798 Dat-is.
245 777 316 799 cur.
343 777 410 798 sec.
471 768 556 798 Mss.
574 768 657 808 Reg.
681 767 806 799 Eliens.

108 821 143 848 et
172 817 283 848 Vossii
308 827 443 849 numero.
502 818 694 859 Utrumque
726 818 807 848 satis

109 867 243 899 Latine.
291 869 395 900 Clark.
443 868 520 899 Non
552 877 693 900 necesse
734 873 808 900 erat

108 927 282 949 recurrere
312 918 354 949 ad
387 918 545 959 Ellipsin:
583 928 659 949 nam
691 918 820 959 posset'

109 977 184 999 esse
201 968 380 1009 adpositio,
393 969 402 985 4
419 969 510 1000 misit
526 978 712 1008 numerum,
729 976 806 1000 ΧΠ.

108 1017 241 1049 millia:‘
265 1023 303 1049 ut
318 1018 512 1050 observavit
531 1019 603 1059 jam
632 1019 683 1051 Cl.
712 1018 807 1049 Peri-

110 1077 185 1099 zon.
202 1068 243 1098 ad
263 1069 378 1100 Sanct.
396 1068 481 1099 Min.
498 1067 658 1099 Addend.
681 1078 714 1108 p.
731 1071 805 1100 735.

109 1118 177 1149 Sed
194 1119 276 1150 Mss.
289 1117 354 1149 mei
372 1127 511 1149 nurnero
526 1118 659 1158 viginti,
676 1118 702 1149 si
716 1117 805 1150 forte

108 1167 340 1200 Oxoniensem
351 1168 515 1209 excipias,
527 1173 563 1200 et
572 1178 701 1207 omnes,
710 1173 806 1210 quot-

110 1225 192 1261 quot
222 1220 304 1259 vidi,
328 1219 414 1251 Edd.
442 1229 548 1261 usque
574 1219 615 1250 ad
643 1219 805 1259 Scaliger.

108 1270 235 1302 habent
264 1281 402 1312 numero,
433 1276 560 1312 praeter
591 1270 679 1302 Edd.
708 1271 805 1302 Rom.

108 1321 249 1354 Mediol.
262 1327 297 1354 et
311 1323 436 1354 Venet.
452 1332 527 1364 qnae
538 1323 602 1354 hac
620 1331 703 1353 voce
720 1322 807 1353 male

108 1378 235 1404 carent.
281 1374 411 1404 Latium
449 1374 573 1414 lingua}
610 1373 806 1404 Idiotismus

110 1428 175 1462 est,
206 1429 243 1454 ut
270 1423 417 1454 addatur
442 1423 475 1453 in
495 1423 546 1453 his
573 1432 639 1453 vox
669 1433 808 1453 numero.

109 1474 232 1515 Capite
256 1483 358 1514 praec.
382 1474 390 1489 ‘
409 1473 567 1513 Equitum
584 1472 689 1502 millia
712 1477 809 1502 erant

108 1528 157 1556 vr.
184 1523 327 1555 totidem
354 1531 493 1553 numero
524 1519 680 1561 pedites)
717 1530 746 1550 c.
775 1524 806 1550 5.

108 1576 118 1592 ‘
133 1574 261 1616 oppida
285 1584 345 1605 sua
371 1572 483 1604 omnia
499 1579 638 1602 numero
663 1569 705 1600 ad
731 1569 809 1599 duo-

110 1624 239 1656 decim!
266 1633 306 1655 11.
324 1627 353 1655 4.
377 1633 411 1653 v.
429 1626 460 1653 5.
485 1622 494 1639 ‘
510 1630 648 1652 numero
663 1619 731 1650 mil.
748 1619 808 1650 1v.'

110 1685 175 1707 vu.
193 1678 244 1707 64.
260 1675 270 1691 ‘
284 1674 438 1716 Equites,
454 1681 514 1703 xv.
531 1671 634 1702 millia
647 1668 809 1700 numer0.’

109 1727 150 1758 Β.
176 1727 248 1758 Civ.
278 1734 302 1755 1.
326 1727 378 1755 36.
402 1724 411 1741 4
432 1724 545 1754 Naves
574 1731 716 1752 numero
732 1720 809 1751 xn)

109 1777 197 1808 Vide
214 1781 250 1807 et
267 1775 308 1806 ad
328 1775 366 1806 B.
385 1774 457 1806 Civ.
482 1782 537 1804 111.
553 1775 605 1803 53.
642 1773 683 1802 B.
700 1771 808 1802 Afric.

109 1837 139 1860 c.
152 1830 205 1858 70.
222 1829 275 1857 77.
292 1830 327 1857 et
342 1824 478 1866 passim.
523 1823 612 1854 Stat.
636 1822 740 1853 Theb.
758 1831 807 1853 vr.

107 1880 182 1909 013.
206 1877 215 1894 ‘
233 1877 326 1907 'runc
343 1879 476 1915 septem
493 1883 633 1904 numero
660 1872 809 1903 turmas?

109 1927 225 1959 Valer.
242 1925 384 1957 Maxim.
400 1935 430 1956 v.
450 1928 481 1955 1.
499 1927 528 1955 l.
554 1925 563 1941 ‘
580 1924 732 1956 Juvenes
751 1933 809 1954 nu-

110 1988 202 2010 mero
218 1977 320 2008 duum
334 1976 474 2007 millium
497 1980 531 2006 et
555 1983 729 2012 Dccxmu,
753 1984 809 2004 cx-

109 2028 315 2071 pletissimos
339 2026 470 2058 rerum.'
523 2025 579 2056 Sic
607 2025 696 2055 enim
722 2024 807 2055 Mss.

110 2080 238 2114 Justin.
269 2088 369 2110 xxiv.
397 2081 428 2109 7.
453 2078 461 2094 4
480 2077 639 2108 Peditum
669 2086 808 2107 numero

111 2139 194 2163 va.
209 2129 336 2161 millia.²
360 2129 415 2159 Sic
433 2126 688 2158 Ms.D01·viuii:
708 2127 808 2166 vulgo

110 2181 207 2212 abest
222 2179 259 2210 τὸ
276 2189 409 2210 numero.
455 2177 554 2208 Adde
581 2175 743 2207 Scheffer.
767 2177 808 2208 ad

109 2231 144 2263 J.
158 2230 286 2270 Obscq.
303 2239 332 2260 c.
350 2232 422 2259 106.
439 2228 550 2259 ‘corvi
563 2227 628 2258 ‹luo
645 2228 808 2259 numero!

111 2281 185 2312 Cel.
211 2281 327 2311 Burin.
359 2279 401 2309 ad
425 2279 525 2309 Ovid.
554 2278 630 2309 Art.
655 2278 728 2309 Am.
751 2288 807 2310 111.

110 2333 184 2361 355.
207 2331 216 2346 ‘
233 2330 277 2360 Et
292 2328 392 2359 modo
417 2333 486 2359 tres
505 2328 619 2368 jactet
650 2332 809 2359 numero.’

111 2383 206 2414 Cort.
225 2381 266 2412 ad
283 2381 420 2412 Sallust.
445 2381 483 2411 Β.
500 2380 578 2420 Jug.
597 2390 626 2410 c.
650 2383 703 2411 93.
725 2381 734 2397 ‘
751 2391 810 2412 nu-

110 2441 202 2463 mero
230 2431 399 2473 quinque)
445 2431 567 2471 Ncquc
595 2431 693 2462 aliter
719 2432 808 2463 hunc

109 2483 220 2514 locum
236 2481 352 2512 laudat
378 2481 412 2512 J.
437 2481 474 2511 F.
492 2481 642 2512 Gronov.
665 2481 707 2512 de
730 2483 808 2513 Pec.

109 2533 190 2565 Vet.
208 2542 239 2573 p.
256 2534 308 2562 33.

158 2591 188 2613 1..
207 2585 246 2613 12
287 2582 330 2612 Ut
348 2581 614 2619 matresfamilias
629 2582 764 2612 sortibus
777 2593 812 2612 ac

108 2632 379 2664 vaticinationibus
392 2632 597 2672 declararent]
621 2632 752 2664 Quibus
769 2642 812 2662 ex

111 2682 212 2714 rebus
228 2683 312 2713 hanc
336 2682 579 2713 divinationem
600 2684 812 2724 colligerent,

112 2731 214 2765 docet
229 2732 434 2763 Plutarchus
449 2733 483 2763 in
500 2733 587 2765 Caes.
602 2743 636 2775 p.
653 2736 726 2765 712.
744 2733 813 2764 Ἔτι

198 2785 312 2826 Delph.
327 2790 357 2818 ct
379 2787 455 2819 Var.
473 2787 556 2820 Clas.

795 2788 902 2820 Caesar

1479 159 1561 201 961

858 263 902 303 δὲ,
927 264 1049 306 inquit,
1074 265 1198 303 μᾶλλον
1225 263 1334 296 αὐτοὺς
1363 265 1566 306 (Γερμανοὺς)

857 314 995 352 ἤμβλυνε
1010 317 1050 347 τὰ
1073 316 1271 355 μαντεύματα
1283 317 1345 347 τῶν
1359 315 1445 356 ἱερῶν
1458 328 1564 355 γυναι·

857 365 929 403 κῶν,
957 363 987 394 αἳ
1009 367 1154 403 ποταμῶν
1179 365 1272 396 δίναις
1295 364 1561 406 προσβλέπουσαι,

857 414 907 445 καὶ
927 414 1082 454 ῥευμάτων
1098 417 1235 454 ἑλιγμοῖς
1251 416 1300 447 καὶ
1315 415 1424 456 ψόφοις
1437 428 1562 453 τεκμαι-

856 464 989 505 ρόμεναι,
1011 465 1243 507 προεθέσπιζον,
1261 468 1315 498 οὐκ
1340 469 1431 498 ἐῶσαι
1454 467 1562 507 μάχην

855 514 1005 555 τίθεσθαι,
1033 515 1103 556 πρὶν
1129 516 1296 557 ἐπιλάμψαι
1322 517 1392 549 νέαν
1416 518 1562 556 σελήνην.

858 565 1061 597 Mulieribus
1101 571 1212 597 autem
1244 578 1345 608 quam
1383 569 1564 600 maximam

856 615 955 646 fidem
974 616 1156 655 habebant,
1175 617 1266 657 quod
1284 617 1323 647 iis
1341 617 1450 649 inesse
1469 628 1564 650 sanc-

858 669 926 696 tum
956 666 1082 706 aliquid
1110 671 1145 696 et
1172 665 1349 706 providum
1379 673 1562 707 putareut;

858 715 946 747 unde
989 715 1130 756 factum,
1161 721 1197 747 ut
1237 725 1352 747 earum
1394 718 1562 748 nonnullae

858 766 947 797 inter
964 767 1057 797 Deas
1075 765 1205 797 fuerint
1226 771 1424 798 numeratam
1469 768 1564 798 Taci-

859 821 911 847 tus
928 817 1019 848 Hist.
1036 826 1085 848 1v.
1102 820 1154 848 61.
1180 818 1188 834 4
1206 817 1332 848 Vetere
1360 817 1450 858 apud
1477 817 1564 849 Ger-

858 879 973 900 manos
998 879 1104 909 more,
1125 879 1190 911 quo
1218 869 1398 910 plerasque
1423 868 1565 900 femina-

859 929 931 950 rum
959 919 1128 960 fatidicas,
1152 925 1186 951 et
1212 924 1417 959 augescente
1448 929 1566 960 super-

859 970 997 1001 stitione
1021 970 1231 1001 arbitrentur
1256 969 1372 1001 Deas.'
1416 969 1472 1000 Sic
1494 969 1565 1000 Au·

858 1021 956 1061 rinia,
993 1021 1041 1052 sic
1088 1021 1232 1052 Velleda
1279 1021 1451 1051 numinum
1490 1021 1565 1051 loco

858 1071 990 1111 positae,
1018 1075 1057 1102 ut
1085 1071 1186 1103 docet
1215 1070 1303 1102 idem
1330 1070 1446 1101 Germ.
1479 1080 1509 1101 c.
1534 1073 1566 1101 8.

857 1121 946 1152 Vide
976 1125 1011 1152 et
1046 1121 1227 1152 Schedium
1259 1121 1301 1152 de
1339 1121 1416 1152 Diis
1446 1121 1565 1152 Germ.

857 1171 980 1212 Syngr.
997 1180 1037 1202 11.
1055 1174 1107 1202 43.
1134 1170 1259 1203 Obiter
1274 1171 1416 1202 monebo
1433 1180 1566 1202 errasse

858 1222 1069 1262 Polyaenum,
1085 1222 1142 1263 qui
1158 1222 1308 1262 Strateg.
1326 1230 1409 1253 vm.
1434 1224 1486 1253 23.
1502 1222 1517 1262 ξ
1532 1224 1565 1253 4.

858 1272 1028 1310 observat,
1055 1272 1227 1303 Caesarem
1267 1281 1344 1302 cum
1385 1270 1567 1303 Germanis

859 1322 979 1362 proelio
995 1321 1203 1352 contendere
1222 1331 1289 1352 non
1314 1331 1442 1361 ausum,
1458 1321 1568 1361 prius-

859 1382 958 1413 quam
988 1372 1116 1403 certior
1156 1371 1268 1409 fieret,
1301 1371 1510 1402 Ariovistum
1547 1380 1568 1401 a

859 1422 992 1454 vatibus
1018 1432 1094 1453 esse
1120 1422 1339 1463 prohibitum,
1365 1430 1430 1462 quo
1457 1421 1566 1451 minus

859 1477 940 1503 ante
979 1472 1200 1502 Novilunium
1250 1481 1362 1512 pugna
1401 1475 1567 1511 certaret,

859 1522 950 1561 quod
966 1532 1042 1551 cum
1066 1531 1108 1551 ex
1133 1521 1195 1551 hoc
1212 1521 1297 1559 loco,
1315 1525 1386 1551 tum
1403 1530 1445 1551 ex
1462 1530 1492 1551 c.
1510 1523 1564 1552 48.

858 1570 934 1601 falsi
949 1571 1113 1611 arguitur.
1144 1571 1322 1602 Praeterea
1336 1571 1567 1611 strategema-

860 1625 930 1652 tum
945 1621 1100 1662 Scriptor
1125 1627 1233 1661 vateS‚
1255 1630 1275 1651 a
1296 1621 1417 1662 quibus
1439 1621 1568 1652 divina·

860 1671 987 1701 tionem
1035 1680 1203 1711 accepere
1245 1670 1421 1711 Germani,
1459 1671 1566 1702 virilis

861 1731 960 1752 sexus
989 1721 1093 1752 fuisse
1133 1730 1312 1761 perperam
1340 1725 1392 1751 est
1421 1721 1567 1752 arbitra-

861 1776 914 1801 tus
929 1782 937 1808 ;
961 1771 1046 1802 dicit
1063 1771 1152 1802 enim
1169 1770 1262 1802 ὁπότε
1279 1770 1358 1810 ἔγνω
1378 1774 1479 1803 ΤΟΎΣ
1495 1772 1568 1812 παρ’

861 1823 963 1853 αὐτοῖς
1000 1822 1124 1861 μάντεις
1153 1825 1471 1862 ΠΡΟΕῙΡΗΚΟΤΑΣ,
1500 1825 1566 1854 &c-

859 1884 926 1905 non
956 1874 1057 1905 modo
1097 1879 1216 1904 contra
1257 1873 1359 1904 fidem
1390 1873 1499 1904 nostri
1530 1877 1566 1905 et

861 1925 1051 1964 Plutarchi,
1082 1929 1118 1955 ut
1145 1934 1187 1955 ex
1225 1924 1325 1955 dictis
1357 1923 1477 1964 liquet,
1505 1923 1566 1955 sed

861 1977 963 2007 etiam
992 1976 1113 2007 Dionis
1134 1984 1294 2006 xxxvm.
1312 1985 1345 2014 p.
1360 1977 1412 2005 90.
1430 1980 1465 2005 et
1481 1973 1570 2007 Julii

861 2027 951 2058 Celsi
967 2026 1026 2057 vit.
1052 2026 1196 2057 Coesaris
1212 2035 1246 2066 p.
1260 2028 1314 2056 40.
1360 2025 1472 2056 Dacis.
1516 2025 1568 2057 Ut

859 2078 1054 2117 Polyaenus,
1082 2077 1130 2108 ita
1156 2076 1260 2107 etiam
1288 2076 1441 2107 Frontin.
1468 2085 1507 2107 11.
1536 2080 1568 2109 1.

859 2129 872 2168 ξ
902 2132 953 2159 16.
987 2128 1042 2158 ubi
1074 2127 1116 2158 (le
1144 2127 1207 2158 hoc
1237 2127 1305 2158 ritu
1349 2127 1447 2167 plura
1475 2127 1566 2158 Ten-

860 2180 981 2210 nulius.

904 2231 1028 2260 ,Matres
1042 2228 1201 2268 familias]
1231 2229 1314 2259 Mss.
1334 2231 1448 2259 matres
1466 2226 1568 2265 sami-

859 2281 918 2311 lias
954 2290 1069 2311 eorum.
1115 2279 1216 2312 Quod
1245 2289 1306 2310 cur
1341 2278 1567 2318 omitteretur,

859 2330 941 2361 nihil
961 2335 1047 2361 erat.
1074 2331 1181 2360 Clark.
1243 2330 1392 2360 Restitui
1408 2329 1446 2359 τὸ
1462 2339 1566 2361 eorum

859 2381 927 2412 fide
945 2381 1091 2412 omnium
1119 2381 1299 2418 Mstorum,
1327 2385 1474 2421 excepto
1503 2380 1568 2420 Eg·

860 2432 1040 2471 mondauo,
1058 2437 1094 2462 et
1109 2431 1196 2462 Edd.
1214 2432 1390 2462 Veterum.
1436 2431 1477 2462 In
1501 2440 1566 2461 uno

861 2493 978 2514 earam.
1022 2482 1254 2514 Librariorum
1290 2482 1389 2522 culpa
1428 2481 1565 2511 videtur

862 2533 1031 2564 excidisse
1068 2543 1111 2564 ex
1149 2532 1211 2564 Ed.
1249 2530 1568 2564 Amstelaedamensi

861 2593 937 2614 cum
960 2583 1049 2614 notis
1067 2583 1200 2614 Vossii:
1233 2592 1309 2612 nam
1340 2582 1372 2612 in
1396 2591 1436 2611 ca
1458 2580 1567 2620 prima

863 2642 930 2664 non
951 2638 1137 2673 comparet.
1184 2633 1359 2663 Praeterea
1385 2629 1476 2661 edidi
1501 2639 1567 2660 ma-

862 2683 1081 2723 tressurnz‘liae,
1100 2689 1134 2715 ut
1161 2683 1324 2714 exhibent
1344 2681 1444 2712 iidem
1468 2680 1568 2712 Codi-

863 2744 919 2766 ces
949 2740 1074 2776 praeter
1113 2735 1226 2765 oxon.
1261 2734 1357 2775 Egm.
1388 2735 1425 2763 et
1453 2732 1566 2774 Bong.

1411 2787 1430 2816 3
1448 2784 1478 2817 P
