1818 3131
326 206 420 236 mn.
441 205 504 234 Vl.
537 203 644 234 cAP.
667 192 737 233 16.
772 203 834 234 nn
867 203 1022 233 annno
1054 202 1282 232 caniaco.

91 303 244 333 cesarem
257 301 344 332 lianc
357 308 475 332 vocem
497 306 675 338 usurpasse
697 296 706 313 ‘
725 306 785 337 pro

91 355 171 386 viris
206 354 374 394 dignitate
414 349 664 392 praestantibus,
694 358 785 379 man-

91 404 171 446 eipii
186 404 325 444 alicujus
341 405 398 434 aut
412 401 482 441 agri
499 398 689 440 praefectis:
707 399 785 429 nihil

89 454 177 486 enim
193 455 316 486 clarius
327 457 391 490 est,
407 460 505 492 qnam
518 449 606 480 solos
625 449 786 489 Equitum

87 506 212 537 clientes
238 502 404 541 denotari,
432 510 507 542 quae
539 510 604 531 vox
631 499 787 540 ἑρμηνείας

89 555 192 587 ἕνεκεν
205 559 257 586 est
271 553 408 594 adjecta
423 563 432 590 ;
456 555 683 592 praeterquam
696 550 786 592 quod

90 606 204 637 Caesar
218 613 248 635 c.
266 606 316 634 13.
343 607 487 634 testatus
511 606 563 633 est
579 602 669 632 solos
687 600 787 632 Drui-

89 654 148 684 das
174 659 208 684 et
233 653 376 694 Equites
396 654 405 669 ⁴
422 652 533 692 aliquo
555 659 626 682 esse
647 660 786 682 numero

89 709 189 744 atque
204 703 354 734 honore.'
379 703 488 734 Daris.
512 701 599 732 vide
622 701 721 732 etiam
744 701 786 732 de

87 755 150 785 liae
179 764 263 785 voce
292 754 439 784 'hu-neb.
466 762 541 784 xiv.
570 754 622 784 12.
665 752 788 783 Amicos

89 805 175 836 male
191 804 245 835 hic
262 804 375 835 Oxou.
397 808 432 834 ct
448 803 572 834 Audin.
589 802 696 834 Codd.
720 802 787 833 Adi

89 856 224 886 omnino
241 855 374 886 Cluver.
398 854 516 885 Germ.
533 852 617 884 Ant.
632 862 656 883 1.
674 855 728 884 41.
752 856 789 883 et

89 906 294 937 exactissimi
322 905 442 946 judicii
473 913 631 944 curaeque
670 903 788 934 Virum

89 956 249 986 eximium
270 956 310 986 B.
334 955 629 995 Huidekopernm,
653 954 686 984 in
711 953 790 984 Bel-

89 1006 165 1047 gico
174 1006 260 1037 libro
266 1015 376 1047 praere
386 1016 444 1036 van
460 1005 533 1036 Tuel
543 1015 580 1036 en
592 1004 791 1036 Dictulcunde

91 1066 123 1098 p.
139 1060 214 1088 586.
231 1060 296 1087 dcc.
313 1054 401 1087 u'nde
423 1060 520 1096 patet
535 1054 700 1086 Ambactos
716 1063 789 1085 esse

89 1107 264 1146 satellites,
279 1107 474 1146 stipatores,
492 1105 704 1136 Trana-antea.

131 1165 207 1188 xvx.
231 1160 248 1188 1
288 1156 387 1187 Natio
413 1159 458 1186 est
482 1156 579 1186 omnis
610 1154 787 1194 Gallorum]

90 1206 169 1238 Non
182 1207 288 1237 male:
303 1205 362 1237 sed
379 1206 543 1246 Bongars.
559 1204 655 1244 prim.
669 1203 790 1235 Petav.

40 1264 44 1268 '
92 1258 217 1289 Lovan.
233 1256 400 1296 Vossiani‚
423 1255 592 1297 Egmund.
614 1254 791 1296 ceterique

91 1317 204 1340 omnes
220 1308 301 1339 Mss.
317 1317 394 1339 cum
409 1307 518 1338 Editis
534 1316 639 1348 usque
655 1306 698 1337 ad
714 1306 791 1337 Sca-

90 1359 232 1399 liger-um
257 1364 384 1399 pra-ter
402 1358 466 1388 Ms.
491 1357 604 1388 Ursin.
626 1354 722 1387 Leid.
739 1365 790 1395 pr.

92 1409 168 1449 Cuj.
192 1409 304 1440 Oxou.
331 1413 367 1438 et
392 1407 518 1438 Audin.
546 1405 706 1436 exhibent
730 1414 792 1436 om-

91 1459 189 1490 nium.
234 1457 335 1489 Unde
357 1457 528 1498 conjicias,
546 1456 625 1487 olim
648 1454 750 1486 fuisse
775 1464 794 1484 a

92 1509 229 1540 Caesare
245 1508 410 1548 scriptum
422 1507 597 1538 hominum:
620 1514 711 1546 saepe
726 1505 795 1536 dic-

91 1563 175 1598 tum,
190 1564 364 1590 auctorem
378 1563 530 1590 nostrum
546 1558 647 1598 plene
661 1555 794 1595 effen-e,

92 1608 182 1650 quod
206 1609 265 1641 alii
295 1609 405 1640 solent
430 1609 615 1649 Elliptice:
649 1607 795 1638 Omnium

92 1663 206 1690 antem
229 1664 265 1690 et
288 1660 445 1690 hominum
467 1659 611 1690 mutatio
633 1657 795 1689 facillima

92 1713 170 1746 est3
194 1708 273 1749 quia
297 1709 331 1739 in
354 1709 439 1739 Mss.
470 1708 570 1748 solet,
599 1712 637 1738 ut
667 1712 794 1743 notum,

94 1757 279 1797 adspiratio
293 1757 416 1789 omitti.
453 1758 508 1789 Sic
528 1759 610 1788 Ornos
626 1767 687 1797 pro
704 1757 795 1787 honos

91 1807 213 1849 (eiiam
235 1809 270 1839 iu
294 1809 402 1849 Bong.
427 1818 478 1848 pr.
495 1818 524 1839 c.
543 1807 611 1844 13.)
625 1811 711 1838 ortus
733 1816 794 1846 pro

91 1857 209 1898 Iwrtus,
223 1867 343 1889 umerus
365 1867 427 1897 pro
451 1858 595 1888 humerus
609 1862 644 1887 et
660 1856 794 1888 similia.

92 1907 193 1939 Natio
209 1908 311 1947 igitur
331 1907 484 1939 hominum
511 1907 671 1938 Gallorum
691 1906 794 1946 idem,

91 1957 182 2000 quod
198 1958 298 1990 Natio
315 1958 489 1996 Gallorum,
504 1958 699 1996 Groecorum,
714 1957 795 1988 alia-

94 2018 171 2050 que.
215 2007 330 2050 Atque
343 2009 391 2039 ita
405 2009 555 2049 loquitur
571 2008 686 2039 Caesar
699 2017 723 2038 1.
739 2010 792 2039 31.

93 2059 105 2076 ‘
122 2059 299 2090 Harudum
310 2058 504 2091 hominum.²
529 2057 630 2090 Adde
640 2068 715 2099 quae
728 2058 796 2088 col-

92 2109 235 2150 legimus
256 2109 299 2140 ad
320 2117 361 2141 ιι.
376 2111 430 2140 33.
453 2110 463 2127 ⁴
482 2109 680 2150 plerumque
695 2108 796 2140 homi-

94 2159 205 2191 nibus'
228 2160 282 2190 vel
304 2159 314 2176 ⁴
330 2159 483 2190 omnibus
507 2159 639 2191 Gallis.’
686 2159 740 2190 Ita
760 2164 795 2190 et

94 2210 105 2227 ‘
121 2209 271 2240 homines
286 2209 533 2240 adolescentes‘
556 2219 586 2240 c.
601 2212 653 2241 28.
681 2210 796 2248 legeu-

96 2258 177 2290 dum
193 2263 258 2289 est.
291 2258 392 2290 Adde
409 2263 446 2290 et
461 2259 502 2289 ad
521 2269 550 2290 c.
566 2262 617 2290 29.
640 2260 649 2277 ⁴
669 2260 796 2291 Omnes

97 2308 284 2340 Germani.’
329 2308 456 2340 Eadem
475 2308 629 2341 confusio
646 2319 674 2340 c.
691 2313 743 2341 30.
759 2315 797 2341 ut

96 2363 133 2390 et
147 2367 226 2390 vui.
243 2361 296 2390 36.
319 2359 359 2390 Β.
374 2358 450 2390 At'r.
467 2369 495 2390 c.
513 2363 564 2391 10.
590 2360 702 2390 Omnis
717 2370 796 2391 vero

95 2407 150 2439 hic
174 2409 303 2449 placuit
328 2409 430 2439 etiam
458 2409 685 2448 Hotomauuo‚
709 2410 797 2450 quod

98 2461 225 2489 temere
239 2458 406 2489 inmutare
424 2458 525 2489 nolui.
570 2458 681 2489 Graec.
705 2459 743 2495 Οἱ
764 2458 797 2490 δὲ

97 2507 212 2541 Γάλλοι
237 2508 333 2539 ἔθνος.
379 2510 454 2541 Msi
481 2509 614 2540 omnium
637 2509 797 2540 Gallorum

95 2559 211 2600 capias
227 2569 288 2600 pro
303 2560 450 2590 omnium
475 2560 543 2590 sive
568 2561 668 2592 trium
691 2560 797 2592 Galli-

99 2618 204 2648 arum,
227 2609 269 2640 ad
293 2608 521 2641 differentiani
553 2611 649 2640 unius
675 2611 796 2642 Galliae

96 2658 171 2690 sive
183 2660 293 2700 totino,
317 2660 350 2691 id
375 2666 439 2700 est,
462 2662 564 2701 illius,
581 2662 625 2692 de
644 2672 709 2703 qua
726 2663 798 2703 agit

101 2707 161 2740 ibi.
202 2710 258 2741 De
273 2720 337 2751 qua
352 2711 431 2743 vide
455 2712 612 2744 Vossium
628 2713 670 2744 ad
686 2722 749 2745 vu.
765 2716 797 2745 4.

100 2762 111 2776 ·
126 2758 358 2793 Procumbunt
394 2763 547 2795 omnibus
595 2764 706 2796 Gallis
754 2763 796 2796 ad

1424 192 1537 235 1155

836 299 956 337 pedes,
979 308 1021 329 nc
1046 298 1148 329 totius
1172 297 1295 330 Gauiae
1312 297 1453 337 urbem‚'
1471 300 1535 330 &c-

837 356 901 379 vu.
921 352 970 379 15.
988 349 1020 378 in
1037 349 1120 380 Mss.
1143 353 1178 380 et
1203 348 1288 379 Edd.
1305 349 1412 379 Immo
1427 349 1459 380 h.
1476 349 1538 380 lib.

837 407 865 428 c.
879 402 929 429 18.
954 400 962 415 ‘
981 400 1071 429 Galli
1088 410 1123 430 sc
1141 409 1254 431 omnes
1272 399 1410 438 ferunt,'
1428 401 1493 431 ἃς.

879 451 899 478 2
925 449 998 478 Nisi
1028 449 1092 479 ritu
1121 450 1151 480 Ιι.
1181 451 1345 488 reddatur,
1370 459 1429 480 non
1450 459 1538 490 posse

837 497 944 536 aliter]
975 498 1057 529 Mss.
1085 499 1192 537 Bong.
1216 500 1382 537 Vossiani‚
1400 499 1540 532 Leiden-

837 557 902 588 ses,
917 548 1041 587 Scalig.
1056 549 1220 588 Egmund.
1232 550 1355 580 Lovan.
1374 549 1537 591 Gottorp.

837 602 873 629 et
892 597 956 629 Ed.
976 597 1049 629 Ine.
1066 608 1122 628 nou
1140 600 1199 629 nis-i
1216 611 1244 630 τ.
1268 610 1333 640 quo
1358 600 1539 640 perspicue

837 652 941 682 semel
959 650 1107 681 abundat
1124 661 1204 687 non;
1226 657 1262 683 ct
1284 653 1336 683 vel
1354 653 1540 692 posteriore

837 702 911 733 loco
939 701 1155 742 ejiciendum,
1182 703 1234 732 vcl
1261 703 1371 742 potius
1399 704 1460 734 nisi
1481 713 1540 735 non

838 757 898 784 aut
913 753 974 783 nisi
987 752 1015 783 si
1033 752 1282 783 rescribendum
1297 753 1359 783 hoc
1375 753 1448 784 loco
1464 759 1540 784 est:

839 803 882 834 de
899 813 964 844 quo
980 803 1108 843 egimus
1120 803 1161 833 ad
1179 806 1284 834 11.31.
1307 803 1316 820 ‘
1332 802 1407 833 Nisi
1420 803 1446 834 si
1460 803 1542 843 quid

839 854 955 885 auxilii
972 853 1038 885 sit)
1083 854 1181 893 Saepe
1198 854 1348 885 invenias
1368 864 1426 884 non
1449 855 1542 885 aliter

839 915 930 946 quam
951 906 998 936 si:
1022 905 1076 944 vel
1098 915 1157 935 non
1179 905 1272 936 aliter
1293 915 1395 945 quum.
1440 905 1483 936 V.
1499 905 1542 935 ad

840 956 956 987 Front.
972 964 996 986 1.
1014 958 1044 986 1.
1060 958 1109 986 10.
1128 955 1217 996 quod
1232 959 1423 986 tamennon
1441 955 1542 986 credo

839 1005 941 1037 alicui
956 1005 1019 1035 hoc
1036 1005 1111 1036 loco
1128 1005 1342 1045 placiturum.
1383 1005 1543 1036 Ceterum

839 1060 936 1086 recte
951 1055 1106 1095 Scaliger
1126 1054 1258 1086 addidit
1282 1055 1406 1094 primus
1426 1055 1464 1085 τὸ
1486 1056 1544 1086 ali-

839 1109 899 1144 ter,
937 1105 1027 1146 quod
1063 1110 1177 1136 exstat
1213 1105 1247 1135 in
1285 1105 1388 1136 Mstis
1419 1105 1544 1144 Ursini,

839 1155 936 1187 Leid.
983 1155 1105 1196 primo,
1142 1154 1267 1195 Scalig.
1303 1159 1339 1185 et
1378 1154 1544 1195 Bongars.

841 1207 949 1248 primo
966 1217 1043 1238 am.
1059 1206 1217 1238 secunda.
1250 1207 1385 1247 Reliqui
1402 1216 1442 1238 ea
1460 1216 1542 1238 voce

840 1262 969 1289 carent.
1014 1258 1154 1288 Sueton.
1171 1257 1203 1288 in
1221 1257 1303 1289 Ner.
1323 1267 1354 1288 c.
1368 1260 1419 1288 36.
1436 1258 1445 1274 ‘
1464 1262 1547 1288 tam·

841 1318 940 1349 quam
953 1307 1054 1339 aliter
1064 1308 1113 1339 illi
1125 1318 1190 1339 non
1204 1313 1353 1349 possent,
1363 1308 1426 1339 nisi
1436 1313 1544 1338 morte

842 1359 1064 1390 succurrere!
1107 1359 1160 1390 Ex
1178 1358 1365 1389 Ost-oniensi
1382 1362 1494 1389 autem
1510 1362 1545 1389 et

842 1408 952 1449 Bong.
970 1408 1077 1448 primo
1092 1409 1153 1439 nisi
1168 1408 1297 1439 hominis
1319 1409 1385 1439 cita
1401 1407 1546 1448 rescrip-

844 1458 894 1496 si;
927 1458 984 1499 qui
1011 1459 1191 1490 verborum
1217 1459 1301 1489 ordo
1331 1458 1464 1489 suavior
1493 1463 1546 1489 est

843 1509 981 1549 vulgato
998 1509 1063 1540 rita
1076 1509 1217 1540 hominis.

887 1561 907 1589 8
930 1559 1112 1599 Publiceque
1135 1560 1267 1598 eiusdem
1287 1559 1412 1598 generis
1434 1558 1547 1590 hubent

843 1609 990 1641 instituta
1011 1609 1180 1651 sacrificia]
1216 1609 1377 1641 Placidus
1399 1609 1546 1640 Lactan-

845 1659 912 1691 tius
938 1659 972 1690 in
999 1659 1159 1691 Thebaid.
1186 1659 1287 1690 Statii
1311 1660 1333 1690 l.
1350 1668 1385 1691 x.
1414 1670 1447 1700 p.
1470 1662 1544 1691 368.

843 1710 852 1726 ‘
871 1710 1031 1740 Lustrare
1061 1710 1235 1740 civitatem
1264 1710 1409 1740 humana
1438 1709 1547 1740 hostia

845 1759 999 1790 Gallicus
1024 1769 1095 1790 mos
1123 1764 1187 1790 est.
1235 1760 1323 1791 Nam
1355 1759 1476 1800 aliquis
1504 1759 1546 1790 dc

843 1809 1072 1849 egentissimis
1089 1810 1322 1849 pelliciebatur
1338 1810 1497 1850 praemiis,
1509 1815 1549 1840 nt

844 1867 881 1889 se
905 1858 948 1888 ad
970 1858 1034 1890 hoc
1061 1858 1247 1890 venderet:
1274 1859 1330 1900 qui
1358 1868 1445 1889 anno
1472 1864 1547 1890 toto

844 1909 988 1950 publicis
1004 1909 1169 1941 sumtibus
1185 1910 1340 1941 alebatur
1356 1910 1548 1950 purioribus

843 1959 942 1998 cibis,
967 1959 1113 2001 denique
1137 1965 1232 1991 certo
1258 1965 1294 1992 et
1321 1961 1449 1992 solenni
1477 1961 1546 2000 die,

845 2020 906 2051 per
922 2016 1029 2042 totam
1051 2012 1228 2043 civitatem
1252 2011 1386 2049 ductus,
1403 2022 1445 2053 ex
1465 2012 1546 2043 urbe

844 2066 944 2092 extra
973 2061 1137 2102 pomoeria
1165 2062 1256 2093 saxis
1282 2062 1502 2094 occidebatur
1530 2072 1549 2092 a

846 2111 990 2152 populo.y
1034 2112 1147 2142 Etiam
1189 2113 1293 2152 Eryc.
1325 2112 1430 2143 Olaus
1461 2121 1487 2143 ι.
1517 2116 1547 2144 1.

847 2163 940 2194 Hist.
958 2163 1057 2194 Suec.
1074 2164 1083 2180 ‘
1102 2163 1237 2194 Praeter
1253 2164 1326 2194 liaec
1349 2164 1485 2204 autem‚’
1502 2164 1550 2195 in·

845 2213 930 2253 quit,
955 2213 964 2230 ‘
982 2213 1147 2253 instituta,
1175 2212 1288 2245 fuerat
1318 2214 1474 2255 quandam
1499 2223 1550 2246 so-

844 2263 990 2294 lennitas
1026 2263 1207 2304 generalis,
1239 2263 1282 2294 de
1318 2264 1487 2295 novennio
1514 2264 1549 2295 in

845 2314 1047 2344 novennium
1080 2313 1295 2345 exactissime
1333 2313 1550 2352 celebranda,

847 2363 889 2394 ad
920 2374 1018 2405 quam
1049 2365 1158 2395 omnis
1190 2365 1372 2396 multitudo
1403 2365 1550 2396 omnium

847 2414 1094 2454 provinciarum
1127 2415 1287 2447 Gothicae
1322 2415 1469 2447 nationis
1494 2425 1549 2446 ve-

847 2464 932 2504 nire,
959 2469 995 2496 et
1032 2465 1172 2496 donaria
1203 2465 1385 2497 tenebatur
1415 2464 1549 2496 offerre.

849 2515 993 2547 Quando
1003 2521 1038 2547 et
1053 2517 1131 2548 viva
1143 2515 1374 2548 offerebantur
1386 2515 1552 2547 sacrificia

847 2563 890 2595 de
912 2565 1100 2598 hominibus
1122 2571 1158 2598 ct
1184 2567 1301 2604 brutis,
1319 2575 1459 2606 quorum
1476 2573 1550 2595 san-

848 2615 949 2654 guine
969 2616 1056 2647 Deos
1073 2617 1265 2656 placabant.
1303 2617 1454 2656 Corpora
1471 2623 1549 2645 vero

848 2666 882 2696 in
908 2667 982 2698 luco
1009 2668 1157 2709 quodam
1185 2668 1338 2708 proximo
1367 2665 1549 2706 suspende-

850 2716 943 2756 bant,
960 2722 1118 2758 putantes
1131 2717 1266 2748 arbores
1282 2717 1371 2755 ipsas
1383 2724 1425 2745 ex
1441 2719 1551 2746 morte

846 2765 1098 2799 immolatorum
1120 2767 1216 2798 divas
1239 2769 1274 2797 et
1290 2774 1414 2806 sacras,
1430 2765 1550 2806 quibus
