1818 3131
326 257 420 287 Lm.
454 256 526 285 111.
560 255 666 285 σΑι».
698 243 768 284 20.
806 255 866 284 DE
901 255 1056 285 RELLO
1088 255 1313 286 GAmeo.

93 351 197 392 igitur
215 349 474 390 confugiendum
490 353 555 387 est,
572 348 613 378 de
631 357 696 389 quo
715 347 791 378 ade-

93 401 184 433 unda
211 406 367 433 notarum
402 399 590 440 appendix;
630 398 789 437 longioris

93 452 182 483 enim
211 449 453 491 disquisitionis
485 458 536 479 res
571 453 635 479 est.
680 447 789 478 Dacis.

94 502 186 533 Pace
222 501 397 531 doctorum
428 499 578 529 virorum
610 498 663 528 hic
697 498 790 528 locus

90 550 215 581 snistra
251 550 293 581 de
331 549 454 580 mendo
490 554 670 589 suspectus
714 552 788 578 est:

92 610 167 631 nam
194 600 352 630 civitates
389 599 442 630 hic
472 602 667 629 memoratae
698 597 790 628 clare

90 650 273 682 ostendunt
287 650 444 681 Crassum
461 658 527 680 uon
541 648 686 687 agitasse
700 648 791 679 circa

90 709 129 731 ea
157 701 242 739 loca,
271 701 343 741 quis
377 705 477 731 antea
513 699 629 737 Silani,
658 698 791 738 Scauri,

91 752 211 790 Cassii,
228 752 361 790 Manlii,
375 751 507 782 Servilii
536 750 641 791 copiae
666 749 789 780 deletae

91 807 181 842 sunt,
213 803 254 833 ad
293 812 375 843 quos
415 801 555 842 respicit
586 800 717 831 Auctor
747 799 790 830 de

90 852 177 883 Bell.
194 853 283 884 Gall.
302 862 325 883 1.
343 855 373 883 7.
398 857 433 883 et
456 855 505 883 12.
523 851 623 882 aliter
646 860 708 890 pro
730 850 792 880 Lu-

88 903 156 933 cius
187 903 324 933 Valerius
353 902 563 938 Praeconinus,
595 901 669 940 ipse
699 899 791 930 illico

88 953 312 992 reposuissem
338 953 480 984 Pisonem
506 952 710 989 Caesoniuum,
735 950 792 990 qui

89 1002 234 1033 Caesaris
264 1007 429 1041 cognatus
454 1001 540 1039 fuit3
572 1001 632 1032 sed
663 1001 716 1031 vel
747 1010 789 1031 ex

88 1053 232 1083 Caesaris
249 1053 361 1084 verbis
377 1057 485 1092 patet,
503 1052 602 1082 aliam
619 1059 693 1081 esse
709 1060 791 1090 pug-

89 1112 166 1133 nam
192 1103 422 1138 Manilianam,
453 1102 551 1132 aliam
578 1110 662 1131 vero
685 1100 789 1139 illam,

88 1153 120 1183 iu
138 1162 203 1194 qua
221 1153 381 1184 occubuit
408 1152 501 1183 Piso.
529 1152 537 1168 ‘
556 1150 648 1190 Hic,'
672 1151 790 1191 inquit,

88 1211 194 1243 pagus
220 1212 323 1243 quum
354 1202 451 1232 domo
481 1201 621 1241 exisset,
654 1205 789 1241 patrum

88 1259 279 1285 nostrorum
297 1254 460 1285 memoria
475 1254 514 1285 L.
532 1253 686 1285 Cassium
703 1252 790 1283 Con-

87 1304 194 1335 sulem
226 1303 468 1344 interfecerat}
492 1313 523 1334 c.
548 1307 579 1334 7.
605 1307 640 1334 et
671 1303 789 1343 paucis

87 1353 288 1394 interjectis,
302 1354 311 1370 ‘
330 1354 407 1386 Qua
421 1353 454 1383 iu
471 1362 507 1384 re
524 1353 637 1385 Caesar
657 1362 724 1383 non
740 1361 790 1382 so-

88 1403 154 1433 lum
179 1403 345 1443 publicas,
362 1403 421 1434 sed
444 1403 546 1433 etiam
570 1403 720 1443 privatas
743 1402 790 1432 in-

80 1452 188 1492 jurias
223 1443 313 1483 ultus
349 1457 415 1492 est,
453 1453 544 1494 quod
578 1453 651 1493 ejus
682 1453 790 1484 soceri

88 1502 221 1533 Pisonis
249 1512 359 1541 avum,
388 1503 528 1534 Lucium
554 1504 711 1534 Pisonem
745 1504 791 1533 le-

89 1557 217 1591 gatum,
243 1553 394 1593 Tigurini
424 1553 544 1583 eodem
575 1554 708 1593 proeIio,
725 1563 790 1594 quo

89 1602 253 1641 Cassium,
284 1602 555 1634 interfecerant!
599 1604 676 1634 Hoc
705 1612 792 1643 proe·

87 1651 169 1683 lium
192 1653 404 1683 commissum
428 1653 513 1683 dicit
528 1654 538 1670 ⁴
557 1653 699 1683 Patrum
715 1662 790 1683 nos-

88 1706 219 1732 trorum
235 1702 420 1733 momoria!
445 1704 500 1734 De
516 1703 691 1734 Manliano
707 1712 789 1734 vero

89 1752 137 1782 sic
167 1757 330 1783 memorat
355 1753 397 1783 B.
414 1753 458 1784 G.
484 1761 539 1783 111.
555 1755 610 1783 20.
634 1754 643 1769 ⁴
661 1752 789 1783 Eodem

89 1801 160 1833 fere
192 1807 346 1842 tempore
378 1803 420 1834 P.
446 1803 586 1834 Crassus
617 1813 717 1844 quum
754 1803 790 1833 in

88 1852 308 1893 Aquitaniam
338 1852 580 1892 pervenisset3'
613 1858 649 1883 et
677 1853 790 1892 paullo

88 1910 176 1944 post,
207 1905 217 1921 ‘
233 1912 334 1944 quum
355 1903 562 1943 intelligeret
584 1903 618 1933 in
642 1903 682 1933 iis
705 1903 789 1934 locis

87 1955 151 1986 sibi
165 1955 288 1987 bellum
304 1955 501 1996 gerendum,
517 1954 574 1985 ubi
586 1954 696 1994 paucis
710 1959 790 1984 ante

87 2005 177 2037 anuis
200 2005 322 2036 Lucius
349 2005 424 2036 Val.
448 2003 696 2044 Praeconinus‚'
725 2006 789 2036 διο.

89 2056 178 2087 unde
199 2056 281 2086 nihil
310 2056 391 2086 mihi
417 2055 560 2096 planiuS‚
577 2065 676 2096 quam
700 2053 790 2096 quod

88 2106 161 2138 haec
178 2107 268 2137 bella
289 2106 432 2136 diversis
459 2105 667 2145 temporibus
686 2104 791 2135 admi-

88 2156 236 2188 nistrata
259 2156 344 2194 siut;
368 2155 450 2186 illud
465 2156 620 2186 nimirum
638 2155 791 2194 Pan-nm,

90 2207 155 2238 hoc
170 2207 267 2247 ipsius
285 2208 418 2238 Coesaris
433 2207 604 2238 memoria.
643 2207 790 2238 Inducto

90 2256 195 2298 igitur
211 2258 325 2288 Pisone
349 2258 519 2297 Coesonino,
541 2258 624 2288 alius
642 2267 792 2298 quaeren-

91 2306 155 2338 dus
169 2311 234 2346 est,
250 2307 346 2347 cujus
370 2317 491 2339 nomen
510 2308 603 2338 salva
623 2308 792 2339 annalium

91 2356 160 2388 fide
181 2358 378 2389 retineatur.
422 2359 511 2389 Puto
536 2358 648 2399 itaque
666 2358 792 2390 bellum

91 2407 324 2438 Sertorianum
348 2408 411 2438 hoc
436 2408 468 2438 in
485 2408 558 2439 loco
576 2408 711 2448 respici,
727 2407 793 2440 fre-

93 2460 149 2488 tus
176 2456 322 2498 ipsomet
354 2458 486 2488 Caesare
518 2458 558 2488 B.
588 2457 629 2488 G.
657 2466 712 2488 ιιι.
740 2459 792 2488 23.

91 2507 101 2524 ‘
117 2508 234 2539 Duces
261 2517 340 2538 vero
371 2508 395 2538 ii
422 2507 625 2547 deliguntur,
647 2507 704 2547 qui
728 2516 794 2537 una

93 2565 171 2588 cum
197 2557 347 2589 Sertorio
371 2566 485 2588 omnes
509 2566 613 2586 annos
636 2555 794 2587 fuerant.¹

92 2606 225 2638 Si-vero
238 2607 351 2638 iidem
367 2607 479 2638 idonei
498 2607 600 2637 duces
620 2611 716 2637 erant
733 2605 793 2636 sub

95 2655 276 2689 adventum
300 2658 426 2697 Crassi,
446 2658 503 2699 qui
527 2657 668 2688 Sertorii
692 2662 793 2687 aetate

95 2706 218 2739 ducum
247 2709 362 2740 munia
385 2708 551 2746 obierant,
574 2709 655 2739 nihil
680 2718 721 2739 ex
746 2718 795 2738 ra-

95 2757 186 2789 tione
199 2765 388 2800 temporum
399 2760 553 2800 depromi
570 2759 690 2800 possit,
703 2759 793 2799 quod

96 2807 232 2849 probet,
244 2808 281 2839 τὸ
294 2810 401 2850 paucis
412 2809 523 2842 abhinc
535 2809 624 2841 «mnis
638 2809 681 2840 ab
695 2810 793 2850 liujus

1430 245 1543 286 1027

842 348 920 378 belli
938 353 1091 389 tempore
1112 349 1289 381 dissidere.
1333 349 1399 381 Sed
1420 351 1541 383 Lucius

842 397 1014 437 Manilius,
1044 401 1109 438 vel,
1148 405 1185 430 ut
1212 400 1281 440 alii,
1310 400 1471 441 Manlius,
1500 402 1542 433 ab

843 447 1029 478 Herculeio
1055 449 1196 480 Sertorii
1227 455 1395 491 quaestore
1421 453 1540 492 copiis,

841 497 1107 538 impedimentis,
1131 506 1315 540 postremo,
1330 501 1402 533 vita
1419 507 1542 533 exutus

843 553 907 578 est.
933 548 1030 579 Quod
1044 549 1167 580 accidit
1185 550 1215 580 in
1235 552 1344 591 primo
1359 561 1543 593 congressu

843 598 998 638 Pompeii
1014 603 1049 629 et
1074 600 1206 630 Metelli
1230 611 1305 631 cum
1328 603 1544 635 Sertorianis.

842 647 919 678 Nec
935 658 1014 679 sane
1031 649 1213 690 quidquam
1230 651 1339 691 video,
1351 653 1440 693 quod
1457 663 1550 694 mag-·

841 706 968 738 nopere
985 698 1066 729 facit
1083 704 1202 730 contra
1226 706 1374 731 nostram
1399 702 1482 733 lianc
1499 703 1543 734 (le

842 747 932 778 bello
965 749 1158 779 Sertoriano
1197 751 1444 791 conjecturam,
1480 754 1543 783 nisi

842 797 932 839 quod
960 799 1026 840 vel,
1052 801 1159 839 paucis
1180 800 1289 830 abhinc
1310 801 1401 831 antiis
1424 812 1442 832 a
1473 803 1544 833 Ca*-

841 858 916 879 sare
951 859 1005 880 res
1037 855 1133 890 gesta
1169 856 1339 889 narratur,
1370 852 1423 883 vel
1454 853 1542 893 quod

843 899 1018 930 Proecrmini
1034 909 1153 931 nomen
1177 902 1210 932 in
1236 901 1331 932 fastis
1347 911 1413 932 non
1430 911 1546 934 occur-

842 949 898 980 rit.
943 950 992 981 At
1016 960 1097 981 vero
1125 961 1167 981 ex
1195 952 1372 984 Macrobio
1397 958 1544 994 constat,

842 1001 985 1031 Caesaris
1008 1002 1155 1031 natalem
1178 1003 1337 1033 incidisse
1362 1003 1395 1033 in
1420 1012 1543 1034 annum

841 1050 883 1081 U.
899 1050 936 1081 C.
953 1053 1028 1082 653.
1053 1052 1108 1091 qui
1126 1057 1307 1092 propterea
1321 1053 1443 1091 (hocce
1456 1063 1543 1093 proe-

839 1101 883 1131 lio
899 1100 991 1132 facto
1005 1102 1047 1133 U.
1064 1102 1100 1133 C.
1117 1102 1211 1141 675.)
1229 1112 1352 1134 annum
1369 1103 1441 1144 egit
1454 1104 1545 1134 vice-

840 1151 960 1182 simum
988 1152 1145 1192 primum,
1172 1158 1207 1184 et
1234 1153 1292 1184 illo
1320 1154 1423 1185 etiam
1445 1163 1544 1194 anno,

841 1212 907 1242 quo
946 1203 1088 1234 Crassus
1125 1203 1348 1245 Aquitaniam
1394 1204 1545 1236 obtinuit

843 1253 884 1283 U.
906 1254 944 1284 C.
974 1257 1049 1285 698.
1081 1259 1239 1285 octavum
1270 1264 1373 1295 supra
1401 1254 1544 1296 quadra-

841 1303 1014 1343 gesimum.
1062 1304 1197 1335 Cecidit
1223 1313 1305 1344 ergo
1321 1304 1471 1335 Manlius
1488 1313 1544 1335 an-

841 1364 897 1393 no,
914 1360 994 1385 ante
1020 1355 1133 1386 Crassi
1159 1354 1358 1394 adventum,
1384 1355 1543 1386 vicesimo

839 1405 998 1444 septimo.
1045 1405 1144 1437 Quod
1162 1406 1188 1435 si
1210 1406 1353 1436 Caesaris
1369 1406 1478 1446 paucis
1492 1405 1544 1435 ab·

840 1454 910 1484 Ιιὶηε
925 1454 1026 1493 annis,
1043 1454 1085 1484 ad
1102 1454 1200 1484 istam
1218 1464 1380 1485 annorum
1397 1455 1544 1485 interca-

841 1503 997 1542 pedinem
1015 1503 1155 1534 extendi
1181 1503 1299 1543 possit,
1318 1513 1370 1534 res
1386 1513 1427 1535 ex
1444 1509 1543 1544 parte

840 1558 918 1583 acta
933 1558 996 1584 est.
1040 1554 1107 1584 Sed
1134 1554 1196 1585 hoe
1220 1554 1356 1585 demum
1379 1558 1431 1585 est
1452 1554 1543 1595 quod

840 1602 1054 1643 Interpretes
1074 1604 1160 1635 male
1176 1603 1301 1642 habet;
1326 1614 1447 1645 nempe
1465 1615 1544 1636 auc-

840 1659 944 1692 tores,
975 1653 1032 1693 qni
1060 1658 1139 1685 acta
1168 1654 1310 1685 Sertorii
1341 1660 1376 1686 et
1409 1654 1544 1686 Metelli

839 1701 912 1734 fuse
942 1705 1116 1743 persecuti
1145 1711 1236 1743 sunt,
1265 1705 1307 1736 de
1340 1705 1542 1737 Praeeonino

840 1759 956 1784 nostro
980 1755 1097 1785 dixere
1126 1764 1170 1785 ne
1196 1765 1258 1795 gru
1279 1755 1427 1796 quidem.
1475 1755 1542 1786 Sed

841 1803 920 1844 quid
937 1808 1006 1836 tum
1024 1806 1162 1844 postea?
1185 1805 1278 1836 Num
1301 1805 1378 1836 ideo
1403 1815 1542 1846 corrup-

841 1858 896 1885 tus
912 1859 1039 1894 noster,
1055 1856 1143 1896 quod
1160 1855 1249 1886 forte
1264 1855 1351 1887 dicit
1368 1855 1457 1897 quod
1475 1865 1543 1887 non

840 1903 969 1936 dictum
993 1906 1104 1945 prius?
1127 1906 1201 1936 Imo
1227 1915 1279 1936 res
1306 1906 1381 1937 illos
1404 1915 1542 1946 prorsus

839 1956 953 1994 latuit,
970 1956 1113 1996 proinde
1142 1957 1257 1987 sedulo
1284 1956 1543 1996 advertendum,

840 2007 1041 2038 Proeconinus
1063 2016 1129 2037 non
1152 2005 1254 2037 fuisse
1278 2007 1385 2037 solum
1413 2011 1448 2037 et
1475 2007 1544 2037 uni-

841 2067 917 2089 cum
940 2067 1127 2099 cognomen
1150 2057 1262 2097 gentis
1278 2058 1396 2088 AEliae:
1425 2058 1543 2098 quidni

841 2117 922 2148 ergo
960 2108 1068 2139 lateat
1103 2107 1223 2138 alieubi
1251 2109 1368 2137 noster
1397 2107 1542 2148 legatus,

840 2158 902 2189 sub
932 2158 1066 2189 nomine
1098 2157 1227 2188 alieno?
1260 2158 1418 2188 Fortasse
1442 2157 1544 2197 vulgo

841 2218 906 2239 non
923 2208 1008 2239 adeo
1027 2217 1088 2248 per
1099 2208 1162 2239 hoc
1182 2216 1366 2247 cognomen
1379 2207 1543 2247 innotuit,

841 2269 918 2290 cum
944 2258 1049 2290 fuerit
1079 2264 1115 2290 et
1145 2268 1267 2289 novum
1297 2262 1332 2289 et
1361 2268 1403 2289 ex
1431 2257 1544 2289 officio

841 2309 997 2340 inditum.
1044 2309 1228 2350 Utcunque
1267 2318 1302 2339 se
1339 2318 1393 2339 res
1427 2308 1543 2347 habet,

842 2359 995 2399 Pighius,
1013 2359 1104 2390 haud
1131 2369 1226 2389 secus
1249 2364 1352 2400 atque
1376 2359 1543 2398 interpre-

842 2413 908 2448 tes,
921 2409 1011 2450 quod
1028 2409 1155 2450 duplex
1183 2409 1292 2450 gentis
1308 2409 1404 2440 AEliae
1421 2417 1543 2449 cogno-

841 2467 918 2490 men
933 2459 1127 2500 ignorabat,
1143 2461 1255 2491 locum
1275 2460 1363 2491 hunc
1379 2460 1543 2491 intactum

842 2510 1072 2549 praetermisit.
1132 2510 1232 2543 Quod
1262 2510 1289 2540 si
1319 2509 1455 2551 aliquod
1485 2519 1544 2539 nu-

843 2560 960 2590 misma
995 2561 1134 2602 lmjusce
1172 2561 1236 2592 aevi
1283 2562 1355 2592 erui
1394 2559 1544 2600 potuerit

844 2610 1019 2641 Proeconini
1035 2616 1094 2642 aut
1120 2611 1251 2642 Stilonis
1273 2610 1471 2651 cognomine
1495 2608 1544 2638 in-

843 2660 1014 2701 signitum,
1040 2661 1082 2692 de
1107 2662 1168 2692 hoc
1184 2661 1273 2691 nodo
1292 2659 1453 2690 solvendo
1476 2667 1544 2689 non

844 2720 980 2751 prorsus
1008 2712 1246 2753 desperarem:
1275 2710 1383 2741 donec
1409 2708 1442 2739 id
1470 2707 1543 2749 fiat,

843 2761 1046 2801 conjecturis
1071 2760 1305 2792 insistendum.
1349 2759 1471 2800 Itaque
1493 2759 1542 2789 sic

842 2820 976 2843 censeo.
998 2811 1179 2843 Probabile
1196 2814 1247 2841 est
1262 2810 1384 2851 primo,
1400 2818 1442 2840 ex
1452 2809 1542 2841 locis
