1818 3131
310 224 403 252 mu.
435 221 510 251 ιιι.
541 220 646 249 cm.
681 208 752 249 24.
786 220 847 248 Du
882 219 1036 249 ummo
1067 219 1294 250 climaco.

76 327 151 351 nam
189 318 375 357 contineat,
398 321 435 347 nt
470 319 565 355 patet
593 324 634 344 cx·
663 313 719 343 lib·
749 324 770 344 ¹-

77 369 186 409 initio‚
211 368 283 399 tieri
305 377 368 398 non
391 369 513 407 potest,
536 370 571 395 ut
589 365 640 394 hi(-
662 365 771 394 locum

75 419 223 450 habeant
249 418 417 455 Vocontii,
440 416 496 457 qui
523 421 613 446 trans
640 415 771 445 Rhoda·

75 478 153 501 num
191 469 378 500 incolentes
415 468 465 498 ad'
490 466 593 507 Alpes
625 466 772 506 pertine-

76 519 167 551 bant.
221 518 307 548 Vide
347 517 453 547 Hadr.
491 517 664 547 Valesium
703 521 772 546 nol.

76 569 166 600 Gall.
193 578 226 608 p.
255 570 329 598 586.
357 567 418 597 Cli.
443 566 623 597 Cellariuni
642 566 770 605 Geogr.

75 618 156 649 Aut.
173 627 212 649 ιι.
231 621 281 649 ll.
301 628 334 657 p.
352 620 425 647 156.
461 617 571 647 Duris.
624 616 679 647 Sic
698 617 771 657 jam

74 667 296 699 emendarunt
323 668 456 707 plurimi
486 667 558 697 Viri
586 666 700 703 docti;
723 671 772 697 at-

74 727 140 758 que
167 717 213 748 ita
242 717 369 748 editum
398 721 448 748 est
475 727 494 747 a
523 718 561 747 R.
585 717 771 758 Stephano,

73 767 259 808 Scaligero‚
277 768 428 809 aliisque.
474 767 561 798 Edd.
582 767 698 807 primae
714 767 772 797 Vo-

71 818 223 850 catiorum
249 819 302 849 vel
326 818 517 849 Vocantium.
565 818 604 848 In
622 827 771 848 meorum

74 868 237 900 Codicum
255 878 320 900 uuo
336 868 448 910 reperi
463 873 594 899 tantum
612 867 770 899 Vocontio-

71 927 152 950 rum.
208 919 370 960 Plerique
414 919 604 959 Vocutbvm,
648 920 770 951 Vocati-

71 977 154 1008 num,
171 973 207 1000 et
222 969 342 1001 similia
358 970 495 1001 liabent.

115 1023 133 1050 5
161 1019 288 1060 Quoquo
310 1021 428 1060 versus]
456 1021 526 1052 Per
551 1032 581 1051 m
608 1021 771 1052 exhibent

73 1068 182 1110 Bong.
207 1070 303 1110 prim.
333 1072 486 1103 Vossian.
520 1072 615 1112 prim.
646 1072 770 1112 aliique

72 1119 208 1159 plurimi
223 1129 298 1150 cum
314 1120 402 1151 Edd.
427 1121 567 1152 Vascos.
593 1122 772 1162 Stephani,

72 1168 216 1208 suadae,
242 1173 278 1200 et
313 1169 397 1201 aliis.
436 1170 525 1202 Edd.
554 1170 670 1211 primae
695 1181 770 1202 cum

74 1217 194 1250 Petav.
219 1219 346 1251 Lovan.
372 1224 407 1251 et
431 1225 508 1252 octo
532 1221 608 1252 aliis
634 1232 771 1262 quaqua-

72 1277 201 1301 versum.
246 1269 311 1301 Sed
336 1270 369 1301 id
393 1275 491 1302 notat
518 1272 624 1312 magis
647 1272 771 1313 locum,

71 1318 129 1349 ubi
162 1319 242 1360 quid
273 1319 574 1352 inest.2A1tei·11m
612 1322 771 1363 designat

72 1368 194 1409 locum,
218 1379 376 1410 quorsum
403 1371 483 1411 quid
508 1377 638 1412 vergat.
683 1372 770 1404 Vide

73 1418 206 1450 Ferrar.
231 1421 272 1450 ad
301 1420 454 1452 Ciceron.
487 1421 573 1453 Phil.
604 1431 655 1453 1x.
685 1423 718 1454 in
745 1422 769 1456 f.

71 1469 79 1484 ⁴
96 1469 200 1508 pedes
218 1469 356 1510 triginta
377 1480 511 1511 quoquo
529 1481 644 1502 versus
659 1473 771 1514 adsig-

72 1517 154 1549 net!
192 1518 294 1559 Apul.
323 1520 343 1550 l.
373 1529 413 1550 11.
448 1531 481 1560 p.
510 1524 563 1552 21.
592 1523 678 1553 Met.
703 1523 768 1554 Ed.

73 1567 162 1599 Prie.
185 1572 194 1585 ‘
210 1569 310 1600 Oculi
339 1569 373 1599 in
399 1570 563 1611 adspectu
592 1571 769 1613 micantes,

73 1628 207 1657 prorsus
221 1619 404 1660 aquilinum
429 1630 477 1659 os,
501 1628 771 1662 quoquoversum

72 1666 250 1708 floridum,'
289 1673 325 1700 ut
363 1670 542 1710 legendum
579 1671 714 1702 videtur
751 1682 770 1703 e

73 1718 156 1750 Mss.
184 1720 206 1751 l.
225 1728 308 1751 vul.
325 1729 357 1760 p.
376 1723 448 1751 172.
474 1721 483 1738 ‘
498 1730 770 1762 quoquoversum

72 1767 198 1800 fluente
213 1769 384 1810 purpura.'
426 1770 482 1801 Sic
511 1771 519 1787 ‘
537 1771 683 1812 undique
701 1781 772 1802 ver-

72 1819 176 1850 sumz’
199 1819 240 1850 de
264 1829 329 1860 quo
356 1819 432 1851 vide
450 1820 600 1852 Gronov.
625 1820 769 1853 Observ.

73 1878 98 1900 1.
114 1872 145 1900 7.
177 1869 246 1901 Per
271 1879 286 1900 s
315 1870 480 1910 exprimit
506 1874 622 1901 tamen
653 1877 771 1903 auctor

72 1928 137 1951 vu.
151 1922 204 1951 41.
227 1920 236 1936 ‘
250 1921 407 1952 Dimittit
423 1931 559 1962 quoquo
587 1931 702 1953 versus
725 1923 772 1954 le-

74 1969 249 2010 gationes.’
273 1974 309 2001 et
333 1980 363 2002 c.
388 1973 438 2002 14.
462 1971 471 1988 ‘
486 1981 618 2013 quoquo
644 1982 771 2013 versus,

74 2020 160 2061 quo,'
177 2022 240 2051 &c.
256 2021 297 2051 B.
313 2021 386 2052 Civ.
404 2030 427 2052 1.
443 2024 495 2052 25.
519 2022 528 2038 ‘
543 2022 687 2063 Quoquo
700 2033 772 2054 ver-

74 2078 129 2099 sus
169 2070 293 2110 pedum
326 2070 428 2101 xxx.’
463 2080 494 2101 c.
526 2074 579 2102 36.
616 2073 770 2114 ‘quoquo

75 2127 190 2149 versus
217 2119 361 2150 classem
387 2119 586 2152 dimittunt!
612 2122 654 2153 B.
677 2123 714 2154 C.
731 2132 771 2154 ιι.

75 2170 106 2199 8.
143 2168 311 2208 ‘patebat
341 2179 478 2210 quoquo
512 2180 628 2202 versus
664 2173 770 2213 pedes

77 2218 180 2250 xxx.'
204 2219 287 2249 item
303 2219 344 2249 B.
361 2218 470 2250 Afric.
496 2229 525 2251 c.
548 2223 600 2252 ⁶24.

117 2271 135 2299 7
162 2268 239 2303 Quae
254 2272 324 2299 sunt
340 2269 495 2300 citerioris
509 2270 685 2311 Hispauiae,
692 2273 772 2314 fini-

74 2318 160 2349 eimoe
173 2318 368 2359 Aquitanioe]
393 2319 580 2359 Perperain
598 2322 773 2353 Ciacconi-

75 2377 113 2399 us
137 2368 233 2409 ejicit
249 2379 368 2400 vocem
391 2369 632 2410 ‘Aquitaniae.’
691 2373 771 2413 lpse

76 2428 176 2459 supra
192 2419 446 2458 emendaverat,
469 2421 478 2436 ‘
492 2430 567 2461 quae
590 2427 667 2453 sunt
692 2424 773 2455 civi-

76 2473 164 2500 tates
182 2469 303 2501 Galliae
319 2470 517 2510 provinciae,
539 2470 692 2503 finitimae
722 2473 772 2504 his

75 2519 288 2560 regionibns?
349 2519 395 2551 Et
423 2529 464 2550 ea
491 2520 593 2551 verba
618 2521 660 2551 ud
688 2522 774 2554 hunc

74 2576 208 2610 quoque
238 2570 350 2601 locum
371 2570 521 2602 adducit.
566 2571 688 2612 Itaque
717 2582 774 2603 ue-

76 2619 158 2659 scio,
186 2629 248 2651 cur
280 2621 336 2652 hic
367 2620 512 2652 absurde
535 2621 621 2653 adeo
655 2627 774 2654 mutet.

76 2668 195 2700 Videri
207 2670 314 2710 possit
328 2680 394 2702 non
409 2671 617 2703 intellexisse
642 2682 775 2705 correc-

78 2716 214 2757 tionem,
230 2729 331 2759 quam
356 2724 435 2754 ante
451 2730 519 2753 non
534 2722 657 2755 malam
685 2722 775 2755 fece·

76 2771 142 2801 rat.
190 2768 324 2804 Vossius.

1408 210 1521 252 1033

871 317 905 344 Η
932 317 944 344 (
952 316 1157 347 'ammantibus
1177 320 1297 347 nostros
1317 316 1522 348 intercludere

823 366 1004 406 instituunt]
1029 370 1067 398 V.
1093 380 1123 399 c.
1149 373 1184 399 et
1204 369 1270 399 MS.
1294 372 1408 400 noster
1431 369 1521 400 insis-

823 418 902 446 tunt.
948 417 1003 447 sic
1022 418 1174 448 catullus
1192 419 1341 450 carmine
1365 419 1406 449 ad
1433 419 1522 450 Hor-

824 466 949 496 talum2
974 468 982 483 ‘
1002 468 1045 497 Et
1061 467 1117 507 qui
1142 468 1310 508 principio
1337 469 1396 499 sub
1427 474 1521 500 terra

824 525 978 555 ‹piu-rere
1028 526 1129 546 venas
1175 518 1316 557 Institit,
1356 529 1393 549 ac
1438 518 1520 550 ferri

824 566 1175 606 frangereduritiem.'
1210 570 1306 600 Idem.
1369 570 1520 602 Insistam

823 616 995 647 invenitur
1019 628 1152 657 quoque
1177 618 1210 649 in
1227 620 1382 650 Leideusi
1401 620 1522 662 primo,

824 667 1020 705 Oxoniensi,
1033 668 1180 707 Andino,
1196 674 1295 709 atque
1310 669 1522 702 Editionibus

822 716 854 747 S.
885 717 1031 758 Gryphii
1062 722 1097 748 et
1137 718 1177 749 R.
1208 719 1385 759 Stephani,
1424 720 1522 752 obvia

823 769 1095 800 commutatione.
1143 769 1208 800 Adi
1237 775 1352 801 notata
1367 770 1407 800 ad
1426 780 1453 800 c.
1472 774 1521 802 14.

822 817 1023 849 ‘Rationem
1069 829 1188 860 pugnae
1228 820 1416 851 insisterez'
1464 820 1522 851 ubi

823 867 878 897 alii
895 878 1028 909 quoque
1045 870 1228 901 instituere:
1253 870 1310 900 sed
1336 875 1370 901 et
1402 869 1522 902 confer

822 918 956 948 omnino
987 919 1103 950 Celeli.
1132 921 1246 952 Burm.
1279 931 1429 962 quosque
1453 922 1522 952 lau-

823 967 950 1006 dat,ad
974 969 1136 1001 Quinctil.
1166 970 1280 1001 Instit.
1312 970 1410 1002 Orat.
1437 980 1462 1002 ι.
1491 975 1522 1003 5.

822 1018 830 1033 ‘
848 1017 1078 1050 Instituerunt
1105 1020 1208 1051 dare.'
1268 1020 1435 1052 Instituere
1465 1031 1522 1052 au·

823 1073 890 1099 tem
908 1069 970 1099 hoc
989 1079 1088 1100 sensu
1105 1076 1173 1101 tam
1193 1069 1352 1111 frequens
1368 1077 1421 1102 est
1449 1071 1522 1102 Cae-

822 1118 900 1156 sari,
928 1124 966 1148 ut
990 1124 1110 1149 contra
1137 1124 1271 1150 ceteros
1300 1120 1381 1151 Mss.
1406 1130 1522 1152 omnes

822 1168 902 1198 nihil
948 1169 1108 1200 innovare
1147 1170 1263 1201 ausim.
1319 1170 1409 1202 vide
1445 1172 1522 1203 loca

822 1219 977 1258 quaedam
1009 1220 1099 1260 apud
1139 1221 1173 1252 J.
1212 1222 1249 1251 F.
1289 1221 1436 1253 Gronov.
1479 1222 1522 1253 ad

822 1269 955 1300 Livium
971 1279 1104 1302 xxvin.
1121 1275 1173 1303 40.
1198 1273 1206 1289 ‘
1226 1273 1409 1304 Montanos
1432 1273 1524 1304 insti-

823 1319 888 1349 tuit
916 1321 1135 1361 obpugnare!
1157 1332 1188 1353 c.
1210 1325 1262 1354 28.
1294 1324 1428 1354 ‘castra
1453 1333 1522 1354 mu-

821 1369 893 1400 nire
923 1371 1151 1403 instituisset!
1176 1383 1204 1404 c.
1237 1376 1288 1404 29.
1312 1374 1434 1404 ‘silvas
1460 1384 1524 1405 cae-

823 1420 903 1450 dere
933 1421 1104 1453 instituit.’
1144 1432 1177 1452 v.
1221 1426 1272 1454 23.
1316 1424 1521 1464 ‘deportare

822 1469 990 1507 instituit‚'
1015 1481 1081 1501 non
1097 1475 1194 1502 const.
1213 1478 1249 1502 ut
1265 1473 1378 1512 vulgo.

866 1522 906 1550 16
932 1519 1001 1550 Nou
1011 1519 1108 1557 facile
1123 1522 1240 1562 diduci]
1265 1523 1369 1553 Facile
1394 1523 1446 1553 hic
1474 1530 1524 1554 tu-

822 1573 857 1600 to
874 1575 938 1610 est,
963 1576 1057 1603 recte
1081 1572 1223 1603 Graecus
1239 1573 1398 1613 ἀσφαλῶς.
1450 1574 1522 1606 Vos-

819 1619 891 1651 sius.

865 1672 906 1700 20
930 1670 1002 1701 Hac
1019 1681 1051 1701 re
1081 1673 1120 1702 ml
1144 1673 1318 1713 consilium]
1340 1673 1397 1704 Sic
1427 1674 1524 1705 resti-

823 1719 944 1750 tuimus
962 1730 1004 1750 ex
1023 1721 1121 1751 editt.
1140 1722 1235 1752 Rom.
1262 1727 1297 1753 et
1323 1723 1409 1753 Ven.
1434 1723 1521 1755 Aliae

821 1769 981 1799 concilium
994 1769 1143 1807 habent3
1174 1772 1234 1802 sed
1263 1781 1456 1812 perperam,
1486 1780 1524 1804 ut

821 1818 934 1849 multis
952 1819 1053 1850 docet
1067 1821 1101 1852 J.
1121 1821 1157 1851 F.
1174 1821 1362 1852 Gronovius
1376 1823 1418 1853 ad
1436 1824 1523 1855 Livii

822 1875 917 1899 Xle.
947 1871 979 1900 2.
1025 1869 1137 1900 Duris.
1208 1872 1377 1903 Consilium
1407 1877 1459 1904 est
1488 1873 1521 1903 in

821 1918 985 1960 Bongars.
1016 1920 1134 1961 primo,
1159 1922 1258 1952 Voss.
1284 1932 1335 1962 pr.
1363 1933 1429 1954 sec.
1457 1924 1522 1965 Eg-

821 1969 934 2000 muud.
961 1970 1083 2010 Scalig.
1112 1970 1226 2002 Oxou.
1250 1972 1390 2014 aliisque
1407 1974 1522 2006 multis

822 2022 855 2048 et
873 2018 962 2050 Edd.
981 2020 1075 2051 Med.
1093 2022 1178 2052 Ven.
1217 2022 1260 2053 V.
1278 2023 1320 2054 ad
1337 2034 1364 2054 v.
1381 2027 1434 2056 28.

864 2077 964 2100 xxiv.
982 2073 997 2099 l
1024 2071 1100 2101 Acie
1111 2071 1281 2112 instructa]
1304 2073 1361 2104 Sic
1375 2074 1440 2105 Ms.
1455 2074 1522 2106 Re·

822 2117 893 2158 gius
902 2124 936 2149 et
950 2119 1040 2151 Edit.
1054 2122 1150 2152 Rom.
1162 2120 1218 2152 Al.
1230 2123 1387 2154 instituta.
1413 2125 1521 2156 Clark.

822 2170 981 2201 Instructa
1004 2171 1139 2212 quidem
1155 2173 1282 2213 legitur
1303 2174 1336 2204 in
1361 2176 1523 2207 recentis-

822 2221 914 2252 simis
949 2223 1032 2253 Mss.
1071 2224 1204 2254 Duker.
1250 2226 1395 2256 Dorvill.
1425 2226 1521 2257 Leid.

822 2281 890 2303 sec.
919 2278 955 2304 et
971 2274 1084 2305 multis
1108 2274 1238 2313 Editis;
1263 2285 1330 2307 non
1356 2277 1459 2307 male:
1484 2283 1523 2308 ut

822 2323 863 2353 B.
882 2323 955 2354 Civ.
972 2333 995 2354 ι.
1021 2327 1073 2355 82.
1090 2329 1125 2355 et
1141 2334 1245 2365 saepe.
1292 2326 1359 2356 Sed
1376 2326 1522 2357 instituta

823 2372 1010 2413 praeferunt
1036 2374 1269 2414 Bougarsiani,
1303 2375 1424 2406 Petav.
1457 2376 1522 2407 Lo-

823 2431 900 2454 van.
915 2422 1010 2453 Leid.
1026 2423 1124 2464 prim.
1151 2424 1250 2454 Voss.
1280 2425 1378 2465 prim.
1404 2425 1522 2465 Cujac.

823 2472 946 2513 Scalig.
985 2474 1096 2505 Oxou.
1136 2474 1304 2513 Egmund.
1346 2475 1522 2515 ceterique

824 2531 902 2553 cum
918 2523 981 2554 Ed.
995 2523 1147 2563 Incerta,
1164 2524 1335 2563 Beroaldi,
1346 2523 1522 2563 Scaligeri‚

826 2573 969 2613 Davisii,
986 2574 1152 2614 aliisque:
1178 2574 1268 2615 quod
1300 2573 1447 2614 expungi
1473 2573 1522 2604 id-

825 2621 915 2653 circo
946 2633 1012 2654 non
1035 2623 1199 2663 oportuit,
1227 2623 1276 2653 uti
1299 2632 1362 2652 nec
1393 2632 1440 2652 iv.
1472 2625 1523 2654 14.

826 2672 835 2688 ⁶
852 2672 937 2704 Acie
964 2674 1092 2714 triplici
1123 2672 1300 2704 instituta)
1348 2672 1434 2702 Vide
1461 2671 1522 2703 ibi·

825 2723 914 2763 dem,
929 2728 965 2754 et
981 2733 1054 2765 quae
1073 2727 1234 2754 notantur
1250 2722 1292 2752 ad
1309 2730 1346 2751 11.
1369 2723 1422 2752 30.
1467 2721 1524 2753 lta

826 2777 862 2805 et
893 2773 1013 2805 Petav.
1048 2771 1132 2805 Cod.
1160 2780 1244 2804 viu.
1271 2774 1324 2803 28.
1349 2772 1358 2788 ‘
1376 2771 1524 2805 instituit
