1883 3121
435 251 526 281 mis.
550 250 580 280 1.
613 249 719 280 cnr.
750 237 819 278 84.
854 248 916 278 nn
951 248 1104 278 manto
1138 247 1308 278 civim.

158 346 349 385 Legendum
378 355 420 377 ex
449 346 515 378 Ms.
541 341 679 377 Nervic.
701 344 755 373 aut
777 341 855 382 ipsis

156 402 209 428 unt
237 397 405 434 mistirium
443 396 510 427 dux
540 394 629 426 enim
668 397 742 423 erat
779 402 853 423 cum

157 448 297 480 Afranio
333 446 502 485 Petreius,
533 445 588 476 cui
622 444 724 475 etiam
755 442 854 473 venia

155 504 229 528 erat
256 497 436 539 precanda.
480 495 592 528 Julius
615 495 717 526 etiam
735 494 853 525 Celsus

155 558 188 588 p.
216 550 287 580 191.
314 548 372 579 ubi
397 547 482 578 hauc
507 544 639 577 Afranii
666 544 853 575 orationem

155 597 273 637 refert,
301 598 349 628 ait
386 598 471 628 ‘nec
503 595 601 634 nobis,
634 596 759 634 Caesar,
790 604 853 626 nee

154 647 318 679 militibus
349 647 399 677 his
431 647 530 678 irasci
556 645 704 677 debeas)
742 645 853 677 Davi-5.

156 696 298 734 Afranio.
325 697 392 728 Sed
410 697 443 727 in
468 697 549 729 Mss.
575 697 657 737 Reg.
676 696 802 727 Eliens.
819 700 854 727 et

154 747 265 778 'Vossii
291 753 354 787 est,
376 748 469 788 ipsi-1:
491 747 562 779 scil.
589 746 718 784 Afranio
743 751 778 777 et
795 746 854 777 Pe-

153 798 243 829 treio.
289 799 387 832 Quod
413 798 535 839 probat
563 798 732 829 Davisius,
780 797 854 828 Nec

155 848 333 880 innuerim.
377 849 433 880 Sic
449 849 536 880 euim
548 849 622 889 jam
639 857 750 888 supra,
766 848 854 889 quod

154 898 185 928 in
214 897 313 930 editis
342 904 395 930 est
421 899 702 940 ille—impedirem
726 899 760 930 in
788 899 854 930 Ms.

156 948 239 987 Reg.
256 953 308 979 est
334 949 381 979 illi
402 948 598 989 impedirent.
624 949 748 984 Clark&
777 948 858 988 Ipsis

154 998 280 1029 habent
296 999 379 1030 Mss.
396 1008 510 1030 omnes
522 1003 555 1029 et
573 997 658 1029 Edd.
675 999 759 1029 Ven.
777 998 855 1030 Ald.

157 1048 288 1080 Munnt.
319 1050 447 1090 Gryph.
485 1059 536 1090 pr.
573 1049 722 1080 Plautin.
765 1050 856 1080 Mate

155 1099 282 1129 Brutus
303 1110 322 1130 e
338 1100 476 1130 Vascos.
499 1099 618 1139 steph.
643 1109 716 1130 cum
734 1100 857 1140 quibus

156 1149 374 1181 consentiunt
402 1148 490 1180 Edd.
521 1158 581 1189 pp.
608 1148 672 1188 ipsi
706 1148 856 1189 praefert.

156 1200 278 1231 Omnia
312 1210 386 1242 quae
424 1204 624 1241 sequuntur,
662 1199 695 1230 in
734 1201 856 1240 plurali

155 1249 361 1288 effernntun
379 1257 414 1282 et
429 1251 580 1292 loquitur
598 1250 710 1281 verbis
724 1261 857 1292 quoque

159 1301 311 1340 Petreii3
349 1305 388 1332 ut
412 1302 572 1332 minorem
607 1301 767 1332 invidiam
795 1301 856 1332 sibi

157 1351 348 1384 contrahat.
393 1351 665 1383 Rescribendum
690 1361 771 1393 ergo
790 1362 857 1383 om-

161 1402 238 1433 nino
255 1402 339 1442 ipsis.

197 1444 238 1483 ι11
266 1453 350 1484 Pene
374 1455 407 1483 ut
430 1452 570 1492 feminas
594 1452 858 1492 circummunitos]

158 1503 213 1533 ita
230 1503 314 1533 Mss.
329 1512 460 1540 ouines;
496 1513 558 1534 nec.
577 1508 702 1544 praeter
718 1504 858 1535 Ciacco·

157 1553 247 1584 nium
260 1552 324 1584 fuit
341 1553 529 1595 quisquam,
541 1554 595 1584 cni
611 1554 665 1585 hic
681 1554 773 1584 locus
791 1563 860 1584 sus-

157 1603 323 1642 picionem
338 1604 494 1634 moverit.
527 1603 760 1644 Suspicionem
774 1603 861 1642 dico,

159 1662 234 1683 nam
265 1652 435 1693 corrigere
470 1662 536 1683 non
569 1653 728 1684 tentavit.
788 1654 861 1694 Ego

158 1702 314 1741 emendo,
335 1713 412 1743 pene
440 1707 473 1734 ut
489 1702 580 1740 seras
601 1703 860 1735 circummunitos.

160 1752 221 1784 Ait
245 1752 412 1793 Afranius,
428 1763 463 1784 se
480 1762 626 1794 suosque
641 1753 784 1784 Caesaris
805 1763 862 1785 ex-

158 1803 266 1834 ercitu
282 1803 330 1834 ita
343 1803 534 1844 conclusos,
550 1808 588 1834 ut
599 1804 692 1845 quasi
706 1803 862 1844 indagine

160 1853 252 1893 capti
270 1856 470 1884 teneantur:
495 1854 567 1884 haec
581 1863 661 1885 vera
676 1854 779 1885 lectio
795 1865 803 1893 ;
826 1859 863 1886 et

159 1902 273 1944 quide
289 1911 330 1934 ea
352 1902 500 1942 dubitat,
517 1913 631 1935 aurern
656 1914 722 1935 non
744 1905 860 1936 habet.

163 1953 298 1984 Vossius.
330 1953 410 1984 Non
435 1953 660 1985 dubitandum
684 1954 727 1984 de
751 1963 862 1986 emen-

159 2003 295 2034 datione
311 2003 489 2043 Vossiana,
505 2013 605 2044 quam
621 2013 698 2035 cum
716 2004 863 2036 Cellario

159 2058 194 2086 et
209 2053 347 2085 Clarkio
365 2054 492 2094 recepi.
538 2054 627 2085 Nam
648 2054 784 2094 vulgata
800 2054 864 2086 lec-

162 2103 253 2135 tione
268 2104 453 2144 excogitari
470 2107 584 2144 potest
606 2104 687 2134 nihii
704 2103 862 2144 ineptius.

160 2153 331 2194 Scriptum
362 2157 437 2185 erat
458 2154 555 2191 seins.
611 2154 703 2186 Hinc
726 2154 864 2193 seminas

160 2203 315 2235 fecerunt
344 2214 493 2245 nugaces
525 2204 668 2236 librarii.
727 2206 865 2238 Circum-

161 2259 265 2286 ventos
280 2259 392 2287 autem
409 2255 509 2287 estin
537 2256 677 2289 Hotom.
699 2257 799 2298 libro,
814 2258 864 2289 uti

161 2305 240 2337 etin
253 2305 346 2337 Busl.
360 2310 395 2337 et
408 2305 497 2337 Edd.
511 2307 607 2338 Rom.
619 2307 765 2338 Mediol.
777 2308 865 2340 Ven.

162 2355 250 2387 Vide
270 2356 310 2386 ad
328 2365 358 2387 c.
378 2359 429 2387 18.
446 2359 499 2387 81.

205 2408 245 2437 12
264 2406 427 2437 Prohiberi
439 2416 528 2447 aqna,
539 2406 696 2447 prohiberi
708 2407 864 2448 ingressu]

163 2458 292 2489 Eodem
317 2458 471 2499 respicit,
487 2468 553 2499 quo
583 2459 712 2500 priora:
744 2460 804 2491 sed
821 2461 866 2491 10-

163 2517 223 2539 cus
239 2509 320 2540 item
345 2509 431 2539 male
461 2518 571 2540 sanus.
617 2509 710 2550 Lego
726 2519 866 2548 egressu:

163 2558 319 2590 nimirum
335 2559 415 2600 quia
441 2559 547 2590 clausi
575 2564 684 2590 erant.
728 2560 794 2591 Sed
821 2561 868 2590 vi-

165 2607 248 2639 deor
269 2609 387 2640 meiius
405 2609 484 2650 quid
502 2609 684 2649 reperisse,
699 2614 735 2641 ct
749 2620 866 2641 sensus

164 2658 278 2698 aptior
307 2660 384 2698 erit,
415 2660 441 2691 si
475 2660 660 2691 scribamus
691 2670 866 2700 congressu.

166 2709 212 2740 Et
238 2708 302 2741 huc
335 2720 414 2741 vere
444 2716 615 2751 spectant,
642 2720 718 2751 quoe
753 2711 866 2751 paullo

166 2764 242 2797 post
257 2759 370 2790 Caesar
384 2760 445 2800 ait,
476 2761 485 2777 ⁴
502 2769 613 2801 neque
641 2769 784 2801 corpore
810 2760 867 2791 do·

167 2809 283 2851 iorem,
293 2819 400 2851 neque
417 2809 528 2842 animo
540 2810 758 2851 ignominiam
774 2810 864 2842 ferre

1494 237 1510 275 1
1528 235 1601 275 101

907 343 1026 384 posse-⁸
1071 344 1247 384 Dolorem,
1265 344 1344 385 quia
1371 342 1458 375 same
1485 350 1519 374 et
1548 346 1604 375 siti

906 394 1136 425 vexabantur:
1175 394 1403 435 ignominiam,
1434 394 1523 436 quod
1559 396 1606 434 ig-

906 453 991 474 nava
1018 450 1129 475 morte
1162 445 1303 485 perituri
1328 449 1454 485 essent,
1479 444 1604 488 quippe

906 493 1026 535 quibus
1040 500 1221 533 negaretur
1233 494 1398 535 proelium,
1411 495 1451 526 ad
1468 496 1606 526 honeste

905 544 1183 575 occumbendum.
1231 545 1316 576 Haec
1333 545 1524 576 emendatio
1541 555 1608 576 non

907 593 1050 634 ambigO,
1079 594 1157 635 quin
1180 595 1253 625 aliis
1271 605 1402 637 quoque
1431 606 1465 626 se
1491 595 1609 636 proba-

906 649 981 675 tura
1006 645 1060 675 sit.
1103 644 1235 676 Vossius.
1291 646 1401 678 Quem
1430 646 1537 676 iocum
1563 647 1609 676 in-

904 704 1026 734 gressus
1055 695 1109 726 hic
1135 697 1291 727 obtinere
1322 700 1448 736 posset,
1477 706 1608 738 nequeo

907 745 1062 786 equidem
1099 746 1262 785 divinare,
1299 756 1373 786 nec,
1408 752 1445 778 ut
1475 747 1608 788 opinor,

907 796 989 826 alius
1017 796 1196 836 quispiam.
1242 796 1349 828 Uicus
1368 801 1419 827 est
1437 797 1468 827 in
1486 797 1609 836 verbis,

908 845 962 876 cui
978 845 1127 877 sanando
1144 846 1234 877 solus
1257 856 1394 886 operam
1416 846 1511 877 dedit
1527 846 1611 877 Vos-

908 895 985 926 sius.
1035 896 1178 936 Reponit
1202 896 1259 927 iile
1291 896 1452 936 prohibere
1475 906 1610 937 egressu,

909 955 973 976 non
991 956 1126 986 prorsus
1142 946 1279 988 quidem
1304 947 1412 984 male;
1437 947 1497 978 sed
1523 947 1610 978 hanc

909 996 1140 1037 conjecturam
1157 1001 1275 1037 postea
1301 996 1440 1036 deserit,
1456 1002 1492 1028 ut
1507 997 1611 1037 prohi-

909 1046 978 1077 bere
1002 1056 1165 1086 congressu
1190 1046 1385 1079 substituat.
1432 1046 1478 1078 At
1499 1055 1612 1088 pugna

909 1106 967 1128 eos
989 1107 1054 1128 non
1072 1097 1246 1137 prohibuit
1264 1098 1399 1136 Ca>sar;
1433 1098 1612 1129 constitnit

910 1152 1023 1177 autem
1054 1148 1062 1164 ⁴
1079 1147 1174 1187 signa
1191 1146 1416 1178 inferentibus
1437 1148 1612 1185 resistere,

910 1197 1001 1237 prior
1018 1197 1135 1237 proelio
1153 1206 1218 1227 non
1240 1198 1432 1228 lacessere:
1478 1197 1564 1227 Vide
1581 1207 1611 1228 c.

910 1251 962 1279 82.
1000 1248 1148 1279 Omnino
1165 1248 1382 1280 scribendum
1399 1247 1532 1279 videtur
1545 1258 1615 1288 pro-

910 1297 1013 1329 hibere
1027 1297 1180 1338 digressu,
1204 1298 1239 1328 id
1265 1302 1329 1337 est,
1345 1298 1513 1336 discessu;
1539 1309 1612 1330 eam
1631 1313 1635 1316 —

910 1348 1088 1379 lectionem
1106 1348 1216 1380 sensui
1237 1348 1419 1379 convenire
1436 1357 1532 1379 nemo
1549 1358 1613 1379 non

911 1400 1015 1431 ndei.
1039 1400 1150 1431 Daris.
1180 1401 1266 1440 Ego,
1282 1409 1357 1430 curn
1376 1399 1533 1440 Cellario‚
1548 1401 1616 1439 pri-

911 1461 1002 1482 orem
1020 1452 1130 1491 Yossii
1148 1452 1377 1492 conjecturam
1394 1451 1522 1492 probo;
1545 1462 1614 1491 pro-

910 1501 1009 1532 hiberi
1052 1512 1187 1542 egressu,
1220 1506 1377 1543 tanquam
1405 1501 1493 1532 feras
1520 1502 1613 1532 inda-

912 1552 988 1593 gine
1015 1553 1155 1584 clausas.
1200 1553 1381 1592 Digressus,
1399 1552 1489 1594 quod
1506 1553 1616 1584 voluit

911 1602 1083 1643 Davisius,
1107 1606 1160 1634 est
1193 1603 1374 1634 Discessus
1402 1603 1436 1633 in
1466 1602 1615 1634 diversas

913 1657 1053 1692 partes:
1101 1653 1188 1694 quod
1237 1653 1293 1683 hic
1339 1662 1404 1683 non
1443 1654 1614 1684 convenit.

916 1703 1023 1734 Clark.
1062 1703 1207 1742 Ingressa
1224 1712 1284 1743 pro
1298 1703 1443 1741 incessu,
1460 1711 1617 1743 progres-

914 1763 965 1792 su,
981 1762 1045 1793 ego
1072 1761 1138 1784 non
1167 1757 1312 1784 mutem:
1342 1752 1500 1792 progredi
1527 1752 1616 1783 enim

914 1814 972 1835 eos
988 1809 1144 1835 vetuerat
1168 1804 1291 1835 multos
1314 1813 1375 1844 per
1403 1804 1473 1834 dies
1490 1804 1616 1835 Caesar.

915 1855 1096 1894 [agressum
1109 1855 1246 1895 proebere
1262 1855 1380 1886 Front.
1397 1863 1452 1884 lu.
1470 1857 1502 1885 7.
1521 1858 1551 1886 4.

957 1907 1067 1946 Neque
1091 1916 1214 1946 corpore
1230 1907 1376 1944 dolorem,
1401 1916 1495 1946 neque
1516 1906 1618 1937 animo

912 1956 1116 1996 ignominiam
1131 1957 1221 1995 serre
1232 1956 1336 1997 posse]
1359 1957 1506 1988 Dolorem
1518 1962 1620 1988 vocat

914 2007 1104 2038 molestiam
1129 2017 1171 2037 ex
1188 2016 1298 2047 aquae,
1312 2007 1484 2047 lignorum
1500 2012 1536 2037 et
1552 2006 1621 2037 fru-

914 2056 1021 2088 menti
1038 2056 1152 2097 inopia
1167 2061 1275 2087 ortam
1290 2067 1298 2087 z
1323 2056 1366 2087 iis
1389 2061 1502 2087 autem
1517 2057 1621 2087 maxi-

915 2115 970 2137 ma
993 2111 1070 2137 erat
1099 2106 1285 2145 ignominia,
1311 2105 1401 2147 quod
1424 2106 1623 2137 circummu-

915 2156 977 2187 niti
1002 2155 1218 2188 tenebantur.
1268 2155 1347 2187 Pet.
1365 2155 1501 2196 quidem
1525 2155 1622 2186 Ciac-

917 2208 1034 2239 conius
1066 2217 1126 2248 pro
1159 2207 1261 2238 dolore
1289 2206 1450 2238 rescribit
1473 2206 1621 2244 laborem,

916 2259 995 2300 quia
1020 2259 1171 2290 dolorem
1198 2258 1261 2289 soii
1287 2257 1398 2289 animo
1421 2262 1622 2297 competere

916 2308 1063 2349 putavit,
1087 2313 1126 2340 nt
1149 2308 1307 2349 equidem
1333 2307 1496 2338 arbitror:
1522 2306 1622 2337 aliam

916 2360 1006 2392 enim
1032 2359 1200 2391 rationem
1226 2357 1433 2390 comminisci
1456 2367 1522 2388 non
1549 2367 1625 2398 pos-

918 2420 1001 2442 sum.
1045 2410 1231 2450 Utcunque
1256 2409 1313 2447 sit,
1337 2407 1415 2439 huic
1442 2412 1534 2439 certe
1550 2408 1623 2439 loco

916 2461 1003 2493 dolor
1030 2460 1150 2492 melius
1177 2458 1348 2499 congruit.
1374 2458 1495 2489 Cicero
1523 2459 1622 2488 Tusc.

918 2513 1045 2543 Quaest.
1061 2521 1101 2544 11.
1120 2515 1172 2543 15.
1197 2512 1206 2528 ‘
1223 2510 1371 2542 Interest
1388 2509 1514 2550 aliquid
1531 2509 1622 2539 inter

917 2562 1079 2600 laborem,
1110 2566 1145 2593 et
1174 2561 1344 2592 dolorem:
1381 2565 1460 2590 sunt
1479 2558 1624 2589 finitima

918 2612 1065 2652 omnino,
1097 2611 1157 2643 sed
1195 2617 1307 2642 tamen
1337 2608 1450 2640 differt
1485 2607 1623 2649 aliquid.

919 2662 1029 2693 Labor
1044 2668 1095 2693 est
1110 2661 1241 2693 functio
1259 2659 1414 2700 quaedam
1441 2658 1495 2688 vel
1521 2658 1623 2689 animi

917 2712 972 2742 vel
989 2712 1140 2752 corporis
1158 2709 1321 2752 gravioris
1334 2708 1446 2748 operis
1460 2713 1496 2739 et
1511 2717 1624 2740 mune-

918 2761 984 2793 ris:
1010 2761 1108 2793 dolor
1125 2765 1237 2792 autem
1254 2763 1365 2790 motus
1381 2768 1480 2798 asper
1495 2758 1530 2788 in
1547 2767 1620 2789 cor—

918 2821 1012 2852 pore,
1037 2811 1164 2844 alienus
1195 2819 1212 2840 e
1243 2808 1421 2840 sensibus!
1466 2808 1555 2841 Vide
1583 2813 1620 2840 et
