1818 3131
203 234 224 274 1
233 233 318 274 :3:322

205 337 308 368 minia
342 337 453 368 nullus
490 335 609 366 autum
626 335 708 365 civis
740 337 910 367 Romanus

204 385 315 418 fuerat
337 385 491 417 affectus.
532 386 618 418 Quae
639 385 718 416 dum
743 386 791 416 ita
814 385 911 425 fiunt,

204 438 299 468 venit
320 435 362 466 ad
385 436 556 467 (Jaesarem
584 437 617 466 in
646 436 853 476 provinciam
871 438 909 469 C.

206 487 308 517 Curio
327 485 482 517 tribunus
506 486 627 527 plebis.
674 487 740 519 Qui
764 487 906 518 multum

204 547 265 577 pro
280 536 428 577 Republ.
443 542 479 568 et
490 546 608 568 caussa
623 538 766 568 Caesaris
781 538 909 577 enixus,

204 587 341 618 tandem
352 587 407 618 ubi
418 587 545 618 frustra
554 589 665 618 onmia
675 589 799 620 tentari
811 588 909 618 intel-

203 638 298 675 lexit,
315 644 407 669 metu
422 638 688 669 adversariorum
701 638 908 679 profugiens,

204 688 246 717 «le
265 688 432 725 omnibus,
450 699 524 729 qua*
542 694 619 720 acta
634 694 762 726 essent,
778 693 812 719 et
829 698 908 728 quo-

203 737 304 769 modo
330 739 522 779 opprimere
547 747 622 769 eum
648 738 775 769 inimici
803 738 906 777 agita-

204 793 296 826 rent,
312 788 461 820 edocuit.
505 789 620 819 Caesar
644 788 751 817 virum
775 787 908 826 amplis-

200 839 332 877 simum,
355 839 549 879 optimeque
570 839 611 869 de
635 848 670 868 se
693 848 732 868 ac
757 837 800 868 de
819 837 907 878 Rep.

202 889 360 919 meritum
378 889 521 919 comiter
545 888 704 927 excepit:
730 892 764 917 et
783 888 907 927 gratias

199 947 263 978 pro
281 939 417 968 summis
433 939 506 978 ejus
527 939 560 968 in
581 947 616 967 se
634 936 805 967 benefieiis
822 938 904 977 egit.

200 987 248 1018 At
265 988 380 1027 Curio,
398 988 557 1028 quiajam
571 997 635 1017 nou
649 986 792 1017 obscure
805 988 856 1018 vis
873 987 904 1018 in

200 1037 369 1068 Caesarem
388 1041 576 1077 pararetur,
592 1037 697 1067 suasit
721 1037 765 1075 ei,
782 1041 819 1067 ut
837 1047 904 1068 orn-

201 1097 276 1118 nem
294 1088 481 1119 exercitnm
498 1097 596 1128 quam
613 1088 808 1118 maturrime
826 1097 903 1118 con-

200 1138 364 1176 traheret,
381 1142 415 1168 et
432 1146 630 1177 oppressam
649 1146 831 1176 paucorum
847 1147 903 1168 au-

198 1187 297 1217 dacia
321 1187 576 1226 Rempnblicam
598 1186 800 1218 vindicaret.
832 1188 904 1218 (¹ae-

200 1246 265 1272 sar,
290 1237 441 1277 quamvis
465 1246 504 1267 ca
521 1236 631 1266 omnia
648 1236 693 1267 ita
717 1246 790 1267 csse
814 1238 901 1268 hand

196 1287 388 1325 ignorabat,
418 1287 550 1317 censuit
579 1292 692 1317 tamen
722 1287 818 1328 Reip.
845 1288 902 1318 im-

197 1336 312 1374 primis
337 1336 525 1366 habendam
542 1346 615 1367 esse
633 1337 798 1367 rationem
813 1348 820 1367 :
848 1346 903 1368 ne-

196 1387 270 1425 quis
285 1395 452 1416 armorum
469 1395 622 1416 caussam
641 1396 717 1416 eum
734 1387 903 1427 essejndi-

196 1440 302 1465 earet.
349 1435 471 1475 Itaque
496 1444 557 1475 per
584 1435 707 1466 amicos
734 1435 766 1465 id
795 1437 901 1467 solum

196 1485 384 1523 contendit,
410 1490 447 1516 ut
478 1485 552 1515 duae
580 1485 643 1516 sibi
675 1486 837 1526 legiones,
867 1492 902 1519 et

194 1535 368 1574 provincia
380 1535 492 1566 Gallia
508 1536 691 1576 Cisalpina,
707 1542 809 1577 atque
823 1538 901 1578 Illy-

193 1586 299 1615 ricum
318 1585 578 1625 relinqueretur.
622 1588 707 1618 Quae
724 1588 833 1617 omnia
857 1588 899 1617 ab

193 1635 251 1664 illo
285 1640 376 1673 acta,
413 1640 449 1665 nt
485 1635 511 1665 si
547 1635 634 1666 forte
668 1637 899 1669 conditionum

195 1684 358 1725 aequitate
387 1685 508 1716 adduci
540 1692 678 1725 possent
702 1688 900 1729 adversarii,

193 1735 226 1764 in
240 1735 311 1765 otio
331 1736 431 1775 Resp.
450 1735 546 1766 soret.
584 1737 648 1767 His
662 1739 840 1776 postulatis
856 1748 898 1769 ne

189 1786 262 1825 ipse
274 1786 411 1825 quidem
426 1786 608 1826 Pompeius
623 1787 784 1824 refragari
799 1799 898 1820 ansus

191 1840 254 1866 est.
298 1836 365 1866 Sed
382 1846 456 1866 cum
469 1836 551 1867 nihil
565 1847 584 1866 a
597 1847 682 1867 coss.
697 1838 898 1878 impetraret

191 1887 328 1924 Caesar3
355 1886 474 1916 literas
501 1887 543 1917 ad
572 1891 726 1918 senatum
754 1890 897 1928 perscri-

188 1936 251 1974 bit,
284 1937 409 1977 quibus
438 1937 589 1968 breviter
617 1939 719 1977 gestis
761 1939 828 1969 suis
860 1945 895 1971 ct

189 1986 320 2016 meritis
335 1986 367 2016 in
380 1986 560 2026 Rempubl.
573 1988 750 2027 percursis,
763 1989 894 2029 orabat,

189 2045 231 2066 ne
262 2036 378 2076 populi
404 2035 468 2066 sibi
494 2036 694 2067 beneficium
718 2038 894 2078 eripiatur,

189 2086 245 2128 qui
271 2086 424 2117 absentis
446 2087 610 2117 rationem
639 2087 757 2118 baberi
785 2089 895 2128 proxi-

186 2137 250 2168 mis
274 2136 418 2168 comitiis
432 2137 612 2177 jussisset:
647 2147 712 2168 non
736 2148 893 2170 recusare

188 2197 237 2226 se,
267 2187 295 2218 si
325 2188 374 2218 ita
401 2187 533 2218 senatui
564 2188 761 2229 populoque
793 2189 892 2221 Rom.

186 2237 354 2276 videatur,
380 2238 566 2269 exercitum
590 2237 776 2277 dimittere,
793 2240 892 2271 modo

187 2288 278 2319 idem
296 2298 315 2318 a
332 2288 498 2328 Pompeio
520 2287 589 2319 fiat.
631 2288 696 2319 Illo
713 2288 891 2328 imperium

186 2343 221 2370 et
247 2338 417 2370 exercitus
442 2339 623 2378 retinente,
647 2339 772 2369 nnllam
798 2350 886 2371 caus-

184 2397 254 2420 sam
278 2398 365 2427 esse,
388 2399 449 2420 cur
470 2388 679 2420 inimicorum
703 2399 737 2420 se
761 2389 889 2430 injuriis

183 2437 256 2479 ipse
273 2445 473 2479 exponeret,
487 2444 521 2470 et
536 2439 675 2470 militem
689 2439 888 2472 dimitteret.

184 2489 257 2520 Has
281 2489 395 2520 literas
420 2490 556 2521 Curioni
576 2488 796 2529 perferendas
821 2496 887 2522 tra-

184 2538 257 2570 dit:
283 2539 337 2580 qui
362 2539 556 2570 incredibili
582 2540 759 2571 celeritate
783 2541 887 2572 millia

182 2599 343 2630 passuum
367 2598 435 2620 eLx
458 2600 624 2628 emensus,
648 2591 747 2621 tridui
776 2593 886 2632 spatio

184 2640 225 2670 ad
250 2641 366 2672 urbem
391 2641 493 2679 venit,
519 2647 701 2682 antequam
727 2643 803 2674 Kal.
827 2644 885 2675 Ja-

183 2690 310 2722 nuariae
328 2691 556 2731 advenissent,
573 2697 632 2722 aut
654 2702 736 2723 coss.
755 2693 797 2723 de
814 2694 885 2725 Cae-

182 2742 266 2773 saris
289 2742 431 2783 imperio
452 2742 633 2783 quidquam
656 2748 807 2775 statuere
830 2754 886 2784 po-

183 2791 337 2824 tuissent.
372 2791 540 2824 Cont'ecto
555 2792 676 2824 itinere
691 2793 793 2825 Cnrio
809 2794 884 2825 lite-

687 242 829 272 NOTAE
860 242 1123 274 VARIORUM
1158 243 1206 273 IN

962 346 1016 367 ras
1032 337 1170 376 retinet,
1185 345 1248 367 nec
1272 335 1336 367 nisi
1356 335 1390 367 in
1409 334 1590 377 frequente
1605 336 1665 368 Se·

961 391 1053 426 natu,
1081 392 1118 419 et
1147 386 1376 428 praesentibus
1404 386 1525 418 Tribb.
1551 386 1662 427 plebis

961 437 1094 469 tradit:
1124 438 1301 469 metuebat
1327 437 1429 476 enim,
1452 437 1486 467 id
1515 436 1609 476 prius
1635 436 1663 468 si

961 487 1111 527 fecisset,
1142 498 1184 518 ne
1209 488 1250 518 ab
1283 488 1323 518 iis
1347 484 1662 527 supprimerentur!

963 537 1029 568 Hie
1058 538 1182 568 deinde
1210 537 1423 577 subjicienda
1451 536 1519 575 illa,
1544 536 1664 566 Literis

963 588 1098 616 Coesuris
1112 587 1282 618 consulibus
1297 588 1443 618 truditis:
1467 596 1540 617 nam
1558 585 1664 616 verba

959 636 1017 666 illa
1029 647 1047 666 a
1063 636 1158 667 Fabio
1176 637 1212 666 C.
1225 637 1344 678 aliquis
1359 637 1492 677 ineptus
1506 635 1662 666 librarius

960 686 1113 725 inseruit,
1129 686 1218 726 quod
1233 686 1396 717 audacter
1413 685 1578 717 affirmare
1595 694 1661 716 non

961 735 1094 775 dubito,
1111 737 1174 766 etsi
1198 745 1254 766 eas
1270 736 1304 766 in
1321 736 1474 767 omnibus
1500 736 1598 767 Mstis
1614 737 1661 766 in-

961 786 1070 817 venio.
1114 786 1245 817 Vossius.

1003 836 1090 866 (1³1³.
1104 845 1126 867 ι.
1141 840 1155 867 l
1177 836 1309 867 Litteris
1319 845 1337 865 ιι
1353 835 1447 866 Fabio
1460 835 1498 866 C.
1513 835 1661 873 Caessurt’s,

957 886 1024 926 estu]
1078 887 1184 917 Recte
1222 885 1296 916 viri
1341 885 1433 916 docti
1469 885 1662 926 observant,

957 941 1111 976 apertum
1127 937 1159 967 in
1176 936 1225 967 liis
1242 935 1354 966 verbis
1373 935 1480 966 inesse
1497 944 1659 966 errorem.

957 987 1045 1016 Nam
1061 987 1204 1018 Caesaris
1222 986 1345 1016 litterae
1357 994 1422 1016 non
1433 984 1569 1015 tradita*
1583 989 1661 1015 sunt

956 1036 1148 1067 consulibus
1179 1045 1197 1066 a
1222 1035 1340 1074 Fabio,
1367 1035 1425 1066 sed
1451 1045 1470 1065 a
1500 1035 1660 1066 Curione.

954 1086 1044 1116 Dein
1061 1086 1238 1127 quaeritur,
1256 1095 1296 1115 an
1322 1085 1403 1116 alibi
1424 1086 1541 1116 Caesar
1557 1084 1599 1115 de
1624 1094 1665 1116 se

952 1136 1092 1176 loquens
1105 1135 1278 1166 addiderit
1291 1144 1483 1174 praenomen
1498 1136 1535 1165 C.
1549 1139 1584 1166 et
1595 1144 1659 1166 non

952 1195 1087 1225 semper
1115 1185 1289 1225 scripserit
1313 1185 1516 1224 simpliciter
1541 1186 1658 1217 Caesar.

954 1235 1043 1266 Hinc
1078 1236 1217 1266 Vascos.
1251 1235 1335 1274 jam,
1371 1234 1505 1272 strada,
1540 1235 1658 1274 Steplr.

952 1286 1086 1316 Mannt.
1103 1291 1137 1316 et
1155 1286 1209 1315 alii
1224 1285 1306 1315 dant
1318 1295 1336 1315 a
1350 1286 1386 1316 C.
1400 1284 1497 1314 Fabio
1511 1285 1656 1316 Coesuris.

953 1336 1076 1366 Exstat
1107 1340 1220 1366 tamen
1250 1336 1345 1366 locus
1375 1335 1416 1365 B.
1441 1335 1514 1367 Civ.
1547 1343 1601 1366 111.
1627 1339 1656 1366 l.

950 1385 959 1399 ‘
978 1385 1143 1415 Consules
1167 1388 1328 1414 creantur
1348 1384 1462 1415 Julius
1485 1384 1599 1415 Caesar
1622 1389 1659 1416 et

951 1433 1137 1465 Servilius!
1166 1433 1233 1464 Sed
1248 1433 1388 1464 Ursinus
1411 1433 1539 1464 ibidem
1554 1434 1659 1466 Julius

951 1485 1163 1525 adjectitium
1181 1489 1289 1525 putat.
1336 1483 1385 1515 At
1410 1485 1450 1516 B.
1471 1485 1545 1516 Civ.
1563 1494 1587 1517 1.
1607 1489 1657 1517 13.

950 1537 958 1551 ‘
974 1537 1013 1566 C.
1032 1536 1200 1567 Caesarem
1218 1535 1466 1574 Imperatorem
1478 1534 1498 1573 ;'
1515 1535 1569 1565 ubi
1588 1536 1657 1576 qui-

952 1585 1028 1616 dem
1058 1586 1196 1616 aliorum
1227 1584 1331 1615 refert
1366 1584 1482 1616 verba.
1530 1585 1657 1617 Confer

951 1635 1043 1666 Suet.
1061 1644 1091 1665 c.
1110 1637 1163 1666 30.
1197 1635 1206 1651 ‘
1226 1635 1263 1666 C.
1281 1635 1396 1665 Caesar
1412 1635 1655 1667 condemnatus

949 1694 1058 1714 essem
1068 1684 1075 1696 ’
1094 1689 1128 1714 et
1142 1684 1187 1715 ibi
1200 1684 1392 1715 Casauboni
1403 1690 1529 1716 notam.
1542 1686 1655 1717 Etiam

950 1734 1039 1773 apud
1068 1733 1160 1763 Hirt.
1187 1733 1220 1764 in
1249 1734 1290 1764 Β.
1309 1733 1409 1764 Alex.
1434 1743 1464 1765 c.
1487 1737 1539 1766 34.
1568 1735 1654 1767 Mss.

950 1784 1073 1814 Petav.
1090 1787 1125 1814 et
1143 1783 1238 1814 Leid.
1253 1793 1304 1823 pr.
1318 1783 1459 1815 habent‘
1474 1785 1512 1816 C.
1526 1785 1654 1817 Caesari

951 1833 1097 1865 victori)
1142 1834 1250 1865 Immo
1274 1843 1357 1865 vul.
1372 1837 1424 1866 54.
1463 1836 1472 1852 ‘
1491 1845 1510 1866 a
1526 1836 1564 1867 C.
1581 1837 1653 1868 Cae-

948 1883 1046 1922 sare,’
1062 1888 1098 1914 et
1114 1884 1153 1914 B.
1173 1883 1279 1914 Afric.
1294 1894 1323 1914 c.
1337 1887 1390 1914 35.
1415 1885 1498 1915 Mss.
1511 1890 1547 1916 et
1563 1886 1651 1917 Edd.

948 1943 1062 1964 omnes
1100 1933 1225 1964 habent
1263 1934 1272 1950 ‘
1297 1935 1334 1965 C.
1359 1935 1553 1967 Caesarem.'
1596 1937 1652 1968 Sic

946 1984 1048 2014 etiam
1076 1992 1191 2014 omnes
1223 1984 1303 2014 Mss.
1333 1984 1365 2014 in
1394 1995 1424 2015 c.
1449 1988 1502 2016 88.
1528 1985 1586 2016 ‘in
1610 1988 1649 2017 C.

948 2034 1089 2065 (Taesaris
1102 2034 1304 2065 elementia.’
1331 2034 1456 2066 Itidem
1471 2036 1505 2066 in
1518 2037 1558 2068 B.
1574 2037 1650 2068 His-

947 2094 1024 2124 pan.
1043 2094 1074 2115 c.
1099 2087 1128 2115 2.
1146 2085 1173 2115 si
1191 2084 1328 2125 quidem
1352 2095 1450 2117 sanus
1471 2091 1522 2116 est
1545 2087 1649 2126 locus,

947 2135 1036 2175 quod
1058 2144 1125 2165 non
1149 2135 1263 2166 credo.
1308 2135 1348 2165 In
1370 2136 1454 2167 Mss.
1479 2137 1649 2178 plerisque

945 2190 997 2216 est
1023 2187 1060 2216 C.
1079 2187 1214 2218 Coesaris
1236 2199 1254 2218 a
1278 2188 1388 2218 Fubio.
1434 2188 1528 2220 Hinc
1552 2189 1649 2221 eiac-

944 2237 1076 2276 conius,
1096 2238 1241 2278 Lipsius,
1257 2238 1314 2268 alii
1330 2238 1449 2278 legunt
1462 2248 1481 2269 α
1499 2239 1537 2269 C.
1556 2239 1647 2270 Curi·

941 2298 996 2318 nne
1008 2298 1018 2323 ;
1030 2298 1106 2318 nam
1119 2288 1264 2328 turpiter
1275 2293 1395 2328 peccat
1409 2289 1650 2321 Hotomannus

942 2340 1129 2379 conjiciens
1153 2351 1171 2370 α
1197 2341 1234 2371 C.
1254 2340 1350 2371 Fabio
1371 2341 1514 2372 Curione.
1561 2342 1646 2373 Cum

941 2392 1043 2422 (urio
1060 2392 1103 2423 sit
1118 2401 1303 2432 cognomen
1332 2392 1444 2432 gentis
1460 2392 1642 2432 Scriboniae‚

940 2452 1005 2472 non
1026 2443 1153 2477 Fabioe5
1170 2443 1334 2483 quodjam
1349 2442 1478 2473 monuit
1490 2441 1642 2473 Ursinus.

937 2493 1090 2533 Scaliger
1106 2498 1141 2524 et
1163 2493 1219 2523 alii
1243 2503 1318 2524 cum
1335 2493 1454 2524 Vossio
1476 2492 1553 2532 ejici
1578 2501 1643 2524 ma·

938 2543 1011 2573 lunt
1026 2554 1044 2573 α
1062 2543 1159 2573 Fabio
1175 2544 1211 2573 C.
1248 2543 1375 2574 Verum
1400 2541 1598 2582 praepositio
1621 2553 1641 2573 α

936 2593 1070 2624 omnino
1097 2598 1149 2624 est
1171 2593 1368 2624 retinenda:
1402 2592 1500 2622 immo
1524 2593 1640 2631 genui-

936 2653 1011 2674 nam
1029 2643 1172 2674 Caesaris
1188 2643 1390 2683 scripturam
1408 2651 1448 2672 ex
1468 2646 1564 2681 parte
1581 2651 1638 2673 no·

936 2695 986 2725 bis
1014 2695 1162 2725 servavit
1192 2694 1338 2734 optimus
1375 2694 1430 2723 ille
1461 2693 1637 2725 Leidensis

935 2745 1060 2785 primus
1093 2744 1214 2782 codex,
1251 2742 1308 2783 qui
1345 2742 1449 2773 babet
1485 2753 1505 2773 a
1538 2743 1637 2776 Fabio

937 2795 1070 2826 casare.
1115 2793 1206 2825 Hinc
1228 2793 1316 2824 euim
1339 2793 1449 2825 scribo
1464 2793 1598 2825 Litteris
1615 2803 1636 2825 α
