1818 3131
392 179 484 210 mn.
517 178 560 207 v.
593 176 701 207 CAP.
730 165 772 207 8.
807 177 870 206 na
903 177 1059 207 nunno
1088 178 1318 208 Gannico.

115 275 240 316 ,spuria
257 274 401 305 videtur.
445 272 532 304 Vide
556 271 598 303 ad
615 272 769 303 Frontiu.
797 281 822 302 1.

127 329 161 356 ὓ.
176 327 193 366 ξ
208 328 261 357 25.
277 327 370 357 Cui-t.
395 323 437 355 ad
463 323 552 355 Plin.
573 331 652 354 vin.
674 325 724 353 17.
753 323 768 362 §
790 325 821 352 5.

130 377 202 408 Nisi
220 377 291 417 quis
308 381 411 406 totum
429 373 604 415 periodum
617 383 692 404 cum
707 373 823 414 Lipsio

127 426 348 457 Glosscmutis
364 430 555 465 suspectam
570 424 698 454 habere
717 423 822 454 malit.

128 477 323 507 Praesertim
349 484 425 506 cum
451 475 483 505 in
510 475 658 506 Dorvill.
682 475 823 505 Lovaui-

127 527 196 557 ensi
213 536 251 556 ac
268 526 361 556 Leid.
379 535 443 556 sce.
460 529 495 556 et
512 525 599 556 Edd.
619 526 715 556 Rom.
727 524 821 556 Med.

126 576 210 606 Ven.
225 582 386 606 exaratur
398 576 550 607 consuet-it
561 576 696 617 sufflare.
734 575 823 606 Gru-

114 630 217 656 ›terus
231 626 446 667 conjiciebat,
460 631 590 657 tantum
605 626 821 659 scribendum

124 685 198 706 esse
227 679 320 716 temp.
351 677 401 707 his
427 678 468 717 st.
497 687 578 707 cons.
611 677 684 707 scil.
713 676 821 707 Gallis

122 727 198 767 ejus
214 727 290 759 loci.

168 780 204 807 11
245 777 451 808 Conscendere
481 788 572 808 ’iaces
600 777 706 818 jubet]
752 777 820 808 ΜΞ.

124 828 234 860 Norv.
249 831 446 860 conscendere
467 829 501 859 in
519 839 620 869 naves,
642 829 733 870 quod
761 828 822 859 eli-

122 889 175 910 am
192 879 343 919 probum.
389 879 530 911 Ovi-lius
548 880 579 910 in
600 880 708 920 Epist.
725 879 821 920 Hyp-

123 929 247 969 sipyles
265 929 382 961 Jasoni
402 940 447 961 vs.
468 933 520 961 65.
542 929 710 960 ‘Ultimus
725 939 743 960 e
763 930 823 960 So-

122 978 185 1008 ciis
223 988 352 1010 sacram
389 980 591 1011 conscendis
628 981 661 1010 in
703 979 820 1020 Argo.’

124 1029 328 1060 Lentulusin
342 1031 452 1070 Epist.
463 1030 505 1061 ad
517 1031 714 1062 Ciceronem
726 1030 820 1061 Fam.

121 1079 231 1120 Epist.
249 1088 314 1110 xn.
330 1083 380 1112 14.
404 1083 413 1097 ‘
427 1081 535 1121 quue
553 1080 767 1112 Dolabellam
783 1089 821 1110 ea

120 1135 235 1162 mente
248 1140 475 1172 comparasse,
493 1136 543 1171 ut,
565 1131 591 1162 si
608 1131 713 1172 Syriae
742 1140 820 1171 spes

120 1190 196 1212 eum
223 1180 388 1213 frustrata
417 1186 518 1222 esset,
551 1182 762 1212 conscenderet
786 1181 819 1211 in

117 1241 214 1263 nares
234 1238 269 1263 ct
298 1233 431 1264 Italiam
463 1232 623 1272 peteret!
669 1232 756 1262 Vide
784 1236 820 1263 et

120 1284 230 1325 Epist.
250 1292 326 1315 xiv.
341 1288 372 1315 7.
395 1284 506 1316 Dat-is.
546 1285 585 1315 In
609 1295 639 1316 n.
662 1284 718 1315 Sic
734 1284 818 1315 Mss.

121 1335 344 1375 RegAEliens.
369 1340 405 1366 et
431 1334 562 1366 Vossii:
588 1334 677 1375 quod
705 1339 740 1365 et
765 1343 822 1364 ex-

121 1385 242 1424 emplis
273 1385 385 1415 allatis
415 1389 531 1415 tuetur
563 1384 735 1414 Davisius.
765 1383 819 1414 ΑΙ.

117 1435 317 1465 consccndere
331 1443 432 1466 nares.
468 1434 575 1464 Clark.
621 1434 704 1464 Mss.
734 1433 821 1464 Bon-

121 1495 210 1525 gars.
240 1485 404 1521 Vossiani,
436 1484 591 1515 Leidens.
620 1493 670 1524 pr.
708 1483 819 1514 Oxon.

119 1535 244 1575 Scalig.
270 1535 391 1566 Petav.
418 1535 542 1565 Lovau.
559 1534 683 1574 aliique
699 1542 820 1573 magno

119 1594 260 1616 numero
276 1594 352 1616 cum
371 1584 434 1615 Ed.
450 1584 523 1615 lnc.
539 1583 574 1613 in
589 1593 699 1613 nat-es.-
715 1592 819 1624 quare

118 1642 195 1665 cum
211 1634 347 1666 Clarkio
369 1634 402 1664 id
425 1633 570 1673 reposui.
614 1633 741 1663 Eadem
766 1642 821 1663 va-

122 1683 223 1715 rietas
247 1685 336 1725 apud
361 1685 514 1715 Frontin.
542 1692 566 1714 1.
592 1686 644 1714 12.
665 1686 694 1714 2.
718 1684 820 1713 ‘con-

120 1735 287 1766 scendens
314 1734 456 1766 navem!
500 1734 658 1765 Petrens.
677 1733 762 1765 Cod.
785 1733 820 1763 in

120 1795 190 1816 nav.
237 1785 292 1816 Sic
309 1784 434 1815 dicitur
450 1785 459 1801 ‘
471 1783 679 1814 adscendere
691 1783 819 1813 navem’

117 1840 156 1866 et
170 1837 180 1853 ‘
192 1835 225 1866 in
238 1835 381 1866 navem!
398 1835 439 1865 V.
453 1834 495 1865 ad
511 1835 639 1874 Nepot.
654 1833 773 1864 Them.
785 1835 817 1864 8.

117 1886 174 1916 ‘in
201 1895 322 1917 navem
350 1885 503 1917 omnibus
537 1885 673 1925 ignotus
708 1884 818 1915 nautis

118 1935 318 1970 adscendit!

163 1987 280 2028 Atque]
303 1986 358 2018 Ita
375 1987 442 2018 Ms-
458 1986 543 2026 Reg.
556 1984 612 2016 Al.
627 1988 673 2017 at.
717 1985 817 2018 Quod

121 2047 239 2079 parum
283 2038 439 2069 interest.
485 2037 594 2068 Clark.
653 2036 722 2067 Sed
751 2036 818 2067 mei

120 2098 237 2119 omnes
253 2088 404 2119 retinent
425 2090 470 2119 at.
513 2086 602 2118 Vide
625 2086 669 2117 ad
697 2095 746 2117 iv.
762 2088 816 2117 25.

120 2138 214 2170 Dein
244 2139 343 2179 vulgo
375 2143 494 2170 contra
522 2139 703 2179 plerosque
733 2137 819 2168 Mss.

118 2187 233 2228 imped.
256 2198 337 2219 omn.
382 2188 423 2218 In
449 2188 556 2228 Bong.
584 2197 636 2228 pr.
662 2193 700 2218 et
722 2187 818 2218 Leid.

123 2238 228 2269 tertio
250 2238 343 2278 legas
365 2238 511 2268 omnibus.
542 2246 582 2268 11.
614 2240 645 2268 3.
675 2237 710 2268 in
735 2237 817 2269 Mss.

118 2288 202 2319 omni
213 2288 353 2328 opinione
377 2296 439 2328 pro
461 2287 606 2318 omnium.

163 2339 328 2379 Impeditis
349 2338 483 2369 mmn'um
495 2336 621 2377 animis]
645 2337 736 2368 Dum
752 2347 818 2369 sar-

119 2389 204 2420 cinis
226 2387 483 2429 componendis,
497 2387 703 2428 reliquisque
719 2387 819 2419 rebus

119 2439 163 2471 ad
178 2439 245 2470 iter
271 2438 429 2479 parandis
461 2437 717 2469 distinerentur.
761 2438 819 2470 Sic

121 2489 243 2522 Cicero
257 2489 300 2520 de
317 2489 422 2530 Legg.
446 2488 466 2518 l.
483 2497 509 2519 1.
535 2498 568 2528 p.
593 2489 645 2519 19.
663 2487 716 2518 ed.
737 2488 819 2519 Tur-

119 2540 198 2573 neb.
229 2541 373 2582 ‘Neque
408 2540 574 2581 impedito
610 2541 722 2571 animo
764 2550 819 2572 res

120 2595 202 2631 apte
217 2591 344 2633 suscipi
360 2591 494 2632 potest‚'
519 2601 579 2633 pro
600 2596 769 2633 occupato
785 2597 821 2624 et

122 2641 211 2673 curis
225 2642 357 2674 obruto.
387 2643 500 2674 Dat-is.
545 2643 634 2674 Vide
647 2643 689 2674 ad
708 2646 819 2674 νι.20.

106 2701 110 2707 ·
164 2694 204 2723 17
245 2693 307 2724 Pro
332 2703 406 2725 sano
427 2693 604 2734 facturum]
640 2693 820 2735 Tanquam

123 2750 251 2783 sanum,
272 2743 340 2784 vel,
364 2747 401 2774 ut
427 2753 542 2775 sanum
563 2748 599 2777 et
616 2744 819 2786 prudentem

1460 167 1574 210 1079

871 271 987 304 facere
1016 283 1077 315 par
1099 279 1186 306 erat.
1231 275 1288 306 Sic
1316 274 1358 305 de
1385 273 1471 305 Bell.
1498 275 1572 308 Civ.

871 330 927 353 ιιι.
956 326 1029 355 109.
1056 326 1064 342 ‘
1081 325 1184 367 Isque
1209 325 1354 357 maxime
1379 324 1484 356 vellet
1511 335 1573 365 pro

871 374 1037 404 communi
1067 375 1174 406 amico
1203 381 1304 417 atque
1329 374 1458 406 arbitro
1495 384 1575 405 con-

871 422 1054 453 troversias
1069 424 1198 463 Regum
1214 427 1440 466 componere.'
1470 424 1572 455 Plau-

872 475 924 501 tus
942 472 1107 504 Menaecli.
1125 475 1206 506 Act.
1231 484 1263 506 v.
1280 478 1334 507 Sc.
1349 480 1380 506 5.
1394 477 1448 506 28.
1472 475 1481 491 ‘
1494 474 1571 508 Hoc

871 522 1006 563 quidem
1020 524 1151 565 tedepol
1168 526 1255 557 liaud
1273 537 1334 568 pro
1362 527 1480 558 insano
1502 536 1576 557 ver-

871 573 950 604 bum
968 576 1143 616 respondit
1156 577 1257 607 mihi.¹
1300 578 1345 608 Et
1359 587 1436 608 mox
1453 585 1504 608 vs.
1520 579 1573 608 42.

869 626 878 642 ‘
893 625 998 656 Satin'
1014 625 1086 657 haec
1103 636 1163 667 pro
1180 636 1259 658 sano
1276 627 1459 658 maledicta
1471 627 1574 657 male-

870 675 971 707 dictis
1007 677 1229 717 respondeo?
1277 678 1321 708 Et
1356 678 1462 708 multo
1494 682 1573 708 ante

871 725 950 758 Act.
969 735 1010 758 ιι.
1025 726 1082 758 Sc.
1099 729 1130 758 2.
1148 729 1200 758 2⁴.
1245 728 1255 744 ⁴
1271 727 1339 758 Pro
1355 736 1435 758 sano
1460 728 1574 768 loque-

871 777 931 816 ris,
956 786 1032 808 cum
1057 787 1111 808 me
1135 787 1210 809 meo
1236 778 1390 818 appellas
1416 777 1573 808 nomine.’

871 827 941 858 Ubi
978 833 1092 859 tamen
1122 827 1283 859 mendose
1316 829 1453 869 legitur,
1485 829 1493 844 ‘
1512 837 1574 868 pro

871 878 974 910 sane.'
1001 878 1186 910 Hotoman.
1214 879 1303 910 Vide
1330 879 1409 910 Nic.
1438 877 1574 910 Heinsi-

871 939 925 960 um
953 929 987 960 in
1015 929 1133 961 Ovidii
1157 930 1267 970 Epist.
1285 930 1430 961 Briseid.
1447 928 1574 960 Achilli

870 988 922 1009 VS.
940 981 993 1011 98.
1029 981 1142 1011 Datis.
1185 980 1348 1012 Similiter
1374 980 1571 1011 Sallustius:

871 1030 880 1046 ‘
896 1030 1064 1070 Populum
1080 1030 1270 1062 Romanum
1285 1030 1375 1061 haud
1392 1039 1454 1071 pro
1482 1029 1571 1060 bono

870 1078 1050 1120 facturum,
1065 1081 1182 1120 sijure
1199 1080 1349 1121 gentium
1369 1089 1442 1111 sese
1458 1079 1572 1119 prohi-

870 1129 989 1162 beret!
1040 1131 1169 1162 Vossius.

913 1183 954 1212 18
1000 1181 1060 1212 Ille
1096 1181 1177 1212 enim
1219 1183 1377 1212 revocatus
1413 1177 1572 1218 resistere]

870 1233 968 1264 Enim
981 1233 1034 1264 hic
1047 1231 1249 1264 affirmativa
1263 1232 1443 1273 particula,
1461 1235 1497 1262 et
1513 1240 1574 1271 pro

869 1283 1032 1314 enimvero.
1079 1283 1168 1314 Usus
1199 1282 1320 1314 eodem
1347 1281 1445 1313 modo
1474 1281 1573 1312 Taci-

871 1338 934 1363 tus.
979 1333 1108 1374 Saepius
1136 1342 1270 1374 quoqne
1296 1331 1387 1373 apud
1413 1331 1573 1362 Plautum

870 1388 907 1414 et
923 1383 1005 1413 alios
1030 1383 1184 1413 invenire
1212 1387 1274 1413 cst.
1320 1381 1421 1412 Unde
1447 1380 1574 1411 frustra

869 1433 1022 1464 enimvero
1033 1431 1457 1464 emendabatCiacconius.
1475 1430 1574 1462 Idem.

872 1484 929 1514 Ille
952 1488 1065 1514 autem
1090 1487 1264 1522 ret-ocutus,
1283 1482 1437 1513 resistere.
1464 1480 1573 1512 Codd.

870 1534 1044 1575 plerique;
1068 1533 1127 1564 Ille
1143 1534 1230 1564 enim
1247 1536 1404 1564 revocatus
1419 1532 1574 1570 resista-e,

870 1595 945 1627 quae
974 1591 1009 1617 et
1037 1585 1144 1627 proba
1167 1585 1268 1616 lectio
1296 1589 1359 1615 est.
1404 1584 1454 1615 Ut
1489 1583 1574 1615 illud

869 1636 951 1667 enim
964 1636 1053 1667 idem
1063 1636 1120 1676 sit,
1132 1636 1221 1677 quod
1232 1635 1277 1667 At
1295 1636 1375 1666 enim
1393 1635 1446 1666 vel
1459 1634 1569 1665 Enim-

870 1695 952 1717 vero.
997 1677 1106 1716 C'lark.
1161 1685 1229 1716 Soli
1259 1684 1382 1715 Petav.
1421 1688 1457 1714 et
1488 1683 1571 1714 alius

870 1744 987 1767 recens
1021 1746 1099 1767 cum
1136 1734 1224 1766 Edd.
1263 1734 1382 1775 primis
1423 1733 1574 1764 retinent

869 1789 984 1816 autem.
1030 1785 1098 1817 Sed
1131 1786 1211 1816 enim
1241 1794 1303 1825 pro
1335 1787 1368 1814 at
1397 1784 1479 1814 enim
1506 1792 1573 1814 non

868 1844 945 1865 raro
960 1834 1108 1875 ponitur.
1153 1835 1292 1866 Terent.
1315 1833 1456 1865 Phorm.
1482 1843 1514 1864 v.
1541 1835 1573 1865 8.

868 1888 922 1916 90.
963 1885 1087 1917 ‘Enim
1121 1886 1211 1917 solus
1242 1894 1377 1926 nequeo
1390 1884 1410 1915 :'
1445 1883 1504 1915 ubi
1539 1884 1573 1915 in

868 1936 1037 1967 nonnullis
1067 1936 1151 1967 Mss.
1183 1939 1217 1966 at
1242 1935 1334 1967 enim.
1388 1934 1490 1966 Adde
1516 1935 1573 1966 1:1-

868 1986 1055 2017 menhorst.
1101 1985 1212 2017 Indic.
1241 1985 1274 2016 in
1308 1984 1506 2026 Apuleium,
1537 1990 1574 2016 et

867 2036 923 2067 hic
953 2036 1067 2067 Ursin.
1095 2041 1198 2077 atque
1230 2036 1369 2067 Hotom.
1414 2036 1504 2067 Vide
1538 2043 1574 2068 et

869 2087 913 2119 B.
929 2087 967 2118 C.
985 2095 1010 2118 1.
1027 2089 1080 2118 21.
1097 2091 1133 2118 et
1152 2089 1205 2118 81.
1232 2088 1241 2103 ‘
1258 2087 1314 2118 Illi
1339 2086 1428 2117 enim
1455 2086 1574 2118 adver-

868 2146 906 2167 so
921 2136 1005 2168 vitio
1021 2136 1236 2168 castrorum!
1294 2137 1384 2169 Nam
1411 2136 1460 2168 sic
1485 2137 1572 2169 Mss.

868 2186 909 2218 Β.
927 2187 999 2219 Civ.
1016 2196 1055 2217 ιι.
1074 2189 1127 2218 32.
1156 2189 1164 2204 ‘
1182 2188 1350 2218 Desertos
1366 2187 1480 2227 enim,'
1506 2189 1570 2218 ἃς.

910 2239 950 2268 21
995 2237 1249 2278 circumsistunt,
1287 2237 1497 2278 hominemque
1527 2238 1573 2268 ἰη-

866 2287 958 2328 tem]
985 2287 1070 2319 Mss.
1088 2289 1174 2329 Reg.
1203 2293 1240 2319 et
1256 2288 1379 2328 Vossii,
1405 2293 1441 2319 et
1460 2287 1571 2320 Editt.

868 2339 966 2371 vett.
984 2339 1127 2381 aliquot.
1154 2339 1442 2370 ‘Circumsis'tunt
1467 2338 1572 2370 homi-

868 2399 957 2429 nem,
980 2392 1071 2430 atque
1095 2388 1326 2421 interficiunt.’
1373 2389 1474 2422 Quod
1495 2399 1571 2430 per-

868 2439 947 2472 inde
959 2444 1023 2471 est.
1050 2440 1159 2471 Clark.
1210 2440 1314 2480 Atque
1322 2440 1452 2479 Ursini,
1464 2440 1571 2470 Bran·

869 2490 921 2530 tii,
936 2490 1070 2532 meique
1094 2490 1178 2522 Mss.
1205 2499 1329 2531 magno
1355 2498 1508 2528 numero,
1535 2493 1570 2519 et

869 2545 1038 2582 quotquot
1065 2546 1143 2573 sunt
1174 2545 1266 2573 notae
1300 2540 1450 2572 melioris
1493 2548 1570 2570 cum

868 2591 956 2624 Edd.
982 2593 1119 2635 primis3
1149 2602 1253 2634 quare
1276 2591 1445 2623 revocavi.
1476 2588 1571 2619 ‘Cir-

869 2643 1064 2675 cumsistere
1081 2641 1237 2684 aliquem’
1255 2641 1380 2683 passim
1401 2638 1484 2670 dicit
1500 2637 1571 2670 Cae-

863 2702 936 2725 ¹sar.
951 2694 994 2726 V.
1009 2693 1053 2725 ad
1069 2703 1125 2724 111.
1140 2693 1191 2724 15.

910 2753 990 2777 vul.
1021 2747 1040 2776 :3
1068 2744 1148 2775 Rem
1166 2740 1410 2780 frumentariam
1431 2738 1569 2781 prot-ide-
