1818 3131
352 221 442 249 mn.
479 219 540 249 iv.
574 218 678 247 cm‘.
710 207 751 248 2.
789 219 849 248 nr.
887 219 1041 249 omnm
1075 219 1305 250 cAi.1.1co.

147 315 216 343 n.l
252 313 304 342 lis!
337 313 375 343 ml
406 321 455 342 eos
478 313 593 351 aditus,
627 321 660 342 eo
685 311 800 351 magis]

103 363 216 394 Voces
245 364 284 393 ml
317 372 366 393 eos
398 372 462 393 non
497 366 682 401 agnoscunt
719 363 800 393 Mss.

101 414 263 453 Bongurs.
309 414 428 444 l'etav.
471 412 596 444 Audin.
639 413 797 445 Leidvnz.

100 463 200 502 prim.
227 464 338 493 Oxou.
366 463 489 501 Scalig.
516 463 669 494 Vossian.
697 463 797 503 prim.

100 523 167 545 sec.
185 517 219 543 et
237 512 401 553 Egmond.
446 512 487 543 In
506 513 631 549 Scaliz.
646 518 682 544 ct
699 513 797 544 Leid.

99 563 205 602 primo
215 567 260 592 est
272 563 377 593 aditus
389 572 423 593 eo
436 563 550 601 magis,
575 564 669 604 quasi
688 573 720 594 eo
738 574 798 604 pro

96 614 136 643 ud
162 621 212 643 eos
236 611 353 651 fuerit,
377 617 414 643 ut
439 612 535 652 alibi,
569 618 734 644 sumtum:
764 619 799 645 at

97 663 136 693 B.
153 661 228 693 civ.
245 670 284 693 ιι.
302 666 332 693 1.
368 663 376 678 ‘
393 671 459 703 qua
483 668 535 693 cst
562 663 674 694 aditus
700 663 740 694 ad
766 663 799 693 i‹l

98 711 213 743 mare-⁷
229 712 296 743 Sed
308 713 475 750 ceteri‚ut
487 713 635 753 reposui,
646 714 746 752 magis
755 724 799 744 eo.

137 767 158 794 2
183 764 283 798 Quam
298 764 369 804 quo]
387 764 530 795 Codices
543 765 692 795 nonnulli
708 776 800 805 quam

96 814 186 854 quod.
230 814 297 844 Sed
311 819 488 855 utrumque
505 824 599 855 aeque
615 815 734 846 Latine
751 815 800 845 ‹li-

97 865 197 895 citur.
246 866 356 895 Clark.
402 865 474 895 Mei
499 874 612 896 omnes
636 865 799 897 exhibent

96 923 165 952 quo.
211 914 299 945 Vide
330 920 442 946 tamen
471 914 513 945 ad
543 924 566 947 1.
590 918 643 946 23.
676 916 740 947 sire
766 926 799 947 eo

97 967 187 1004 «flend,
211 968 273 996 &a

120 1019 150 1046 -4
170 1016 256 1046 Galli
272 1018 634 1058 delectantur—parant]
648 1019 702 1050 Sic
716 1019 798 1050 Mzs.

96 1065 184 1106 Reg.
203 1067 328 1098 Eliens.
346 1071 380 1098 et
397 1068 508 1098 Vossii
522 1079 528 1098 ε
541 1069 649 1100 ·Vett.
667 1078 799 1110 quoque

96 1115 185 1147 Edd.
212 1121 249 1147 et
275 1117 422 1157 Interpr.
449 1118 602 1149 Gra‘cus.
648 1118 800 1159 Scaliger

95 1171 132 1198 et
148 1166 373 1198 Recentiores
399 1167 505 1199 Gallia
528 1169 719 1199 delectatur.-
746 1179 801 1209 pa-

97 1220 159 1248 rat.
198 1217 324 1257 Minus,
346 1222 385 1250 ut
401 1219 478 1249 mihi
495 1219 632 1260 quidem
652 1219 800 1259 videtur,

97 1268 285 1309 eleganter.
333 1268 441 1300 Clark.
486 1269 535 1300 Ut
557 1270 708 1310 Scaliger
731 1269 801 1301 edi-

95 1318 158 1357 «ut,
180 1318 309 1349 habent
333 1319 449 1350 Codex
465 1319 594 1358 Ursini,
617 1324 653 1350 et
674 1319 800 1350 Andin.

98 1368 215 1399 Ceteri
231 1378 346 1399 omnes
363 1368 522 1408 praebent
543 1368 630 1399 Galli
650 1370 801 1400 delectan-

95 1422 301 1460 tur—parant
318 1419 372 1449 vel
386 1422 508 1459 parent.
526 1420 640 1452 Quare
654 1420 801 1451 medium

97 1468 194 1509 elegi,
223 1473 258 1499 et
283 1469 485 1509 scripturam
512 1469 648 1501 Codicis
674 1469 802 1501 Oxoni-

97 1519 186 1550 ensis
205 1529 276 1550 sum
301 1519 476 1559 amplexus
493 1519 599 1549 Gallia
620 1520 801 1558 delectatur,

97 1579 220 1611 qnaeque
234 1573 368 1610 parant:
387 1579 433 1600 sc.
447 1569 549 1601 Galli.
582 1569 670 1600 Ha‘c
688 1574 801 1600 autem

97 1620 228 1652 numeri
246 1621 390 1652 variatio
409 1630 522 1651 ansam
537 1620 635 1652 dedit
651 1621 716 1651 loci
729 1631 802 1652 cor-

99 1671 290 1711 rumpendi.
327 1681 357 1702 c.
385 1673 417 1701 4.
463 1672 473 1688 ⁶
498 1671 629 1711 Vulgus
659 1671 803 1702 circum-

99 1723 211 1761 sistat,
237 1721 457 1763 cogantque?
491 1722 651 1752 Pluribus
665 1722 728 1752 hoc.
746 1721 802 1753 do-

99 1772 154 1803 cui
172 1771 212 1802 ad
232 1781 271 1803 11.
292 1775 344 1802 11.
368 1772 377 1788 ‘
397 1771 607 1811 Equitatnm.
639 1771 703 1801 His
718 1781 802 1811 prae-

99 1822 207 1854 fecit)
251 1821 352 1853 Adde
369 1831 465 1862 qnam
483 1821 629 1861 plurima
645 1821 803 1861 exempla

98 1872 201 1904 allata
217 1881 237 1902 a
252 1872 369 1903 Coi-tio
386 1871 428 1901 ad
454 1872 590 1902 Sallust.
619 1872 694 1902 Cat.
718 1874 770 1902 23.
786 1872 801 1912 ξ

97 1925 128 1953 6.
147 1923 228 1963 Jug.
246 1932 276 1953 c.
294 1924 345 1953 1-1.
363 1923 379 1962 ξ
398 1924 448 1952 13.
467 1931 497 1952 c.
516 1924 567 1952 85.
584 1923 599 1962 ξ
617 1924 669 1952 38.
687 1923 750 1953 ἃς.
767 1927 803 1953 et

96 1970 185 2003 infra
201 1980 264 2002 vn.
292 1974 343 2003 10.
372 1977 406 2003 et
430 1975 482 2003 35.
507 1973 688 2013 ‘Uterque
717 1972 802 2004 exti-

97 2021 208 2061 tisset,
258 2020 399 2063 fereque
442 2026 557 2053 castra
609 2022 802 2062 ponerent.’

98 2081 129 2103 c.
146 2069 200 2103 ΤΕ.
224 2073 233 2089 ‘
250 2072 433 2103 multitudo
449 2073 640 2113 advolaret,
658 2078 717 2104 aut
732 2074 803 2105 tela

97 2122 272 2163 conjicere
286 2123 449 2163 possent!

123 2172 281 2212 impensu
294 2176 385 2213 parat
406 2174 522 2214 pretio]
546 2174 688 2205 Ursinus
704 2185 801 2214 repo-

100 2222 150 2253 nit
176 2223 341 2259 Immenso,
366 2223 453 2263 quod
482 2233 549 2254 non
575 2225 700 2264 placet.
747 2225 802 2256 Sic

104 2272 192 2304 euim
208 2273 311 2303 etiam
329 2273 461 2303 locutus
478 2273 591 2304 Livius
607 2283 646 2305 ιι.
664 2278 696 2306 9.
721 2276 729 2292 ‘
744 2276 803 2306 Sa-

100 2322 140 2353 lis
167 2331 300 2363 quoquc
324 2323 493 2354 vendendi
509 2324 697 2365 arbitrium,
724 2327 803 2367 quia

99 2372 253 2413 impenso
272 2374 380 2412 pretio
405 2373 542 2405 venibat
567 2374 600 2404 in
629 2376 801 2415 publicum

99 2423 188 2454 omni
233 2428 383 2463 sumptu,
426 2423 597 2454 ademtum
637 2425 802 2465 privatiS.’

99 2472 285 2504 Hotoman.
315 2473 399 2504 Vide
417 2479 452 2504 et
467 2474 666 2505 Ciceronem
683 2475 724 2505 ad
745 2476 803 2507 At-

100 2523 206 2554 ticum
231 2525 253 2554 l.
280 2533 355 2555 xiv.
382 2525 490 2565 Epist.
509 2528 558 2556 12.
587 2531 623 2556 ct
651 2527 802 2558 Festum.

100 2574 209 2606 Daris.
257 2576 332 2606 Nec
350 2585 446 2606 secus
465 2576 538 2616 plus
554 2577 658 2607 semel
677 2576 803 2617 Apule-

102 2623 167 2659 ius.
190 2625 231 2656 V.
259 2625 350 2666 Scip.
381 2625 510 2657 Gentil.
539 2627 571 2656 in
597 2626 741 2667 Apolog.
769 2638 800 2667 p.

106 2675 179 2704 161.

143 2725 162 2753 5
187 2723 337 2755 Germani
362 2725 539 2766 importatis=
567 2736 626 2757 non
657 2727 802 2766 utuntur]

101 2773 185 2805 Msu.
211 2785 338 2815 onmes,
373 2777 522 2808 Germani
546 2778 733 2818 importatis
751 2779 802 2810 his

188 2828 304 2869 Delph.
319 2831 351 2859 ct
370 2829 444 2860 Var.
463 2831 545 2862 clas.

1440 210 1525 252 104
1534 211 1553 252 l

853 324 911 343 nnn
938 317 1080 346 utuntur.

855 363 1017 402 Germani,

1145 313 1257 354 Unde,
1297 314 1419 345 omissa
1455 324 1553 354 voce,

1071 364 1160 405 quod
1210 366 1552 405 interpretamentum

852 421 924 441 csso
955 418 1090 452 potest3
1131 415 1309 453 legendnm
1337 416 1555 456 conjecerim,

849 461 1025 500 importatis
1061 463 1091 492 hi
1133 473 1190 494 non
1231 468 1371 496 utuntur.
1444 465 1552 496 Favet

851 511 1006 550 Graecus,
1031 511 1244 552 εἰσαγομέναις
1268 519 1384 546 ΑΎΤΟῙ
1400 515 1435 546 οὗ
1455 517 1553 556 χρῶν-

849 573 913 592 ται.
961 564 1068 593 Clark.
1115 565 1225 595 Recte
1253 566 1409 596 (Jlarkius
1437 566 1556 597 adver-

851 613 906 653 tit,
921 613 954 644 in
972 615 1056 646 Mss.
1073 615 1151 646 addi
1169 617 1371 656 particulam
1387 618 1453 647 his:
1478 627 1554 649 nam

851 668 886 694 et
915 664 964 694 ita
994 665 1105 704 reperi
1132 666 1162 695 in
1194 669 1244 697 10.
1277 668 1369 705 mei-⁴3,
1405 675 1440 698 et
1467 667 1556 699 Edd.

852 713 952 746 Rom.
969 715 1110 747 Mediol.
1134 716 1220 747 Ven.
1247 722 1281 747 ot
1311 717 1382 748 Ine.
1426 718 1555 749 verum

851 774 918 796 non
936 770 1030 797 reete
1053 766 1143 797 illum
1161 767 1237 798 huic
1255 768 1328 798 loco
1353 767 1555 799 medicinam

851 813 979 855 facere,
1002 815 1173 848 existimo.
1220 817 1295 848 Nisi
1313 827 1363 847 me
1388 818 1477 848 enim
1501 817 1558 848 ad-

852 864 964 896 ridens
980 865 1077 896 t'allat
1093 867 1305 907 conjectura,
1331 868 1466 907 scripsit
1484 868 1556 899 Cae-

853 924 925 946 sar:
952 916 961 932 ‘
980 916 1071 948 Quin
1096 917 1197 947 etiam
1211 917 1376 957 jumentis
1394 918 1557 949 Germani

852 966 1086 1006 importatitiis
1119 977 1185 997 non
1218 967 1377 999 utuntur!
1422 969 1477 999 Sic
1508 969 1556 999 di-

852 1023 942 1048 serte
962 1018 1091 1049 Hirtius
1106 1019 1143 1049 H.
1162 1018 1236 1050 Afr.
1254 1030 1282 1050 c.
1295 1022 1349 1050 20.
1367 1018 1556 1050 ‘frumento

850 1067 883 1097 iu
909 1066 1030 1098 Africa
1059 1069 1121 1098 nisi
1151 1069 1375 1108 importatitio
1403 1070 1453 1100 uti
1489 1080 1556 1102 non

851 1117 983 1156 posse?
1010 1117 1065 1148 ubi
1087 1122 1165 1149 ante
1184 1119 1346 1150 Ursinum
1373 1124 1448 1151 erat
1478 1130 1557 1160 quo-

853 1176 917 1208 que
930 1170 995 1198 tato
1005 1179 1015 1198 .-
1039 1168 1086 1199 sic
1099 1170 1303 1208 congestitius
1315 1180 1414 1210 agger
1430 1171 1468 1202 Β.
1481 1172 1555 1203 Civ.

851 1227 891 1248 11.
920 1221 972 1250 15.
1018 1218 1111 1249 Alibi
1143 1224 1255 1250 tamen
1289 1220 1382 1252 ‘aere
1411 1225 1556 1252 utuntur

850 1267 1033 1308 inportato‘
1054 1277 1087 1299 ν.
1111 1272 1163 1300 12.
1191 1273 1226 1300 et
1254 1270 1293 1300 B.
1326 1270 1400 1301 Civ.
1422 1279 1481 1302 111.
1505 1274 1557 1303 42.

852 1317 1050 1350 ‘frumento
1088 1325 1234 1351 utuntur
1261 1321 1468 1361 inportatoz'
1501 1322 1559 1353 ubi

852 1369 885 1400 in
904 1370 1000 1401 Leid.
1016 1380 1067 1411 pr.
1084 1371 1253 1411 inportata.

897 1419 976 1454 Quoe
999 1424 1072 1451 sunt
1093 1422 1173 1461 apud
1198 1430 1247 1451 eos
1261 1425 1337 1453 nata
1358 1432 1456 1462 prat-a
1469 1425 1560 1463 atque

851 1468 1016 1510 deformia]
1038 1471 1092 1501 Sic
1109 1475 1203 1501 recte
1221 1471 1254 1501 in
1272 1472 1461 1502 Petaviano
1479 1480 1560 1513 quo-

854 1530 920 1560 que
938 1520 1056 1551 codice
1072 1526 1142 1552 est:
1179 1522 1332 1562 quamvis
1359 1522 1478 1562 Cujac.
1505 1523 1561 1553 ha·

854 1570 933 1601 beat
947 1581 1055 1610 parra.
1104 1572 1253 1602 Locutus
1271 1572 1429 1603 similiter
1446 1573 1560 1603 Xeno-

852 1621 941 1660 phon
971 1621 1152 1662 Cyropaed.
1180 1623 1246 1653 1.1.
1270 1633 1303 1663 p.
1327 1626 1381 1654 20.
1414 1623 1487 1653 ἀλλ’
1503 1621 1558 1654 οὖν

853 1670 978 1710 πονηροί
998 1683 1037 1710 γε
1062 1671 1249 1711 φαινόμενοι,
1273 1672 1323 1703 καὶ
1346 1672 1394 1702 ἐπὶ
1419 1675 1560 1714 πονηρῶν

854 1720 1003 1760 ἱππαρίων
1017 1720 1194 1759 ὂχούμενοιῑ
1222 1722 1284 1753 Sed
1301 1726 1329 1753 et
1345 1724 1436 1763 pravi
1452 1724 1559 1755 viden-

854 1773 917 1809 tur,
941 1775 971 1801 et
985 1772 1091 1811 prat-is
1114 1773 1200 1811 equis
1218 1773 1379 1803 mhzmtur.
1426 1773 1563 1814 Πονηρὸς

853 1826 905 1851 est
932 1822 1055 1852 nullius
1079 1823 1195 1862 pretii,
1219 1832 1282 1853 nec
1310 1829 1452 1864 aspectu
1493 1834 1558 1856 nec

854 1870 989 1902 incessu
1006 1871 1157 1912 pulcher,
1181 1873 1353 1914 inhabilis,
1368 1873 1504 1914 ineptus
1517 1874 1560 1904 ad

854 1931 963 1952 usum.
1025 1921 1155 1952 Vossius.
1219 1924 1335 1955 Prata.
1388 1924 1444 1955 Sic
1473 1924 1547 1955 Mss

855 1971 1009 2011 Graecus,
1031 1971 1150 2012 μικρὰς,
1169 1982 1279 2013 parca.
1339 1974 1448 2007 Quem
1480 1983 1563 2005 non-

854 2021 936 2051 nulli
963 2026 1161 2062 sequuntur.
1207 2022 1274 2054 Sed
1305 2032 1386 2053 vera
1409 2028 1462 2054 est
1488 2024 1562 2055 vul-

853 2076 934 2111 gata
952 2072 1069 2103 lectio.
1109 2073 1219 2103 Clark.
1269 2073 1367 2104 Licet
1382 2082 1448 2104 nou
1466 2073 1559 2104 dam-

854 2131 931 2152 nem
957 2127 1084 2153 teinere
1112 2122 1149 2152 τὸ
1172 2133 1282 2162 prat-(1,
1306 2123 1396 2164 quod
1424 2124 1561 2164 plurimi

855 2171 1058 2204 confirmant
1075 2173 1232 2213 Codices,
1255 2178 1289 2204 et
1307 2174 1395 2204 Edd.
1413 2174 1562 2216 antiqui·

855 2226 922 2262 tus,
958 2228 1059 2264 atque
1084 2229 1162 2254 ante
1192 2225 1383 2265 Gryphium
1408 2224 1494 2264 fere,
1531 2225 1559 2256 si

855 2274 1006 2314 excipias
1036 2275 1205 2305 Venetam
1238 2274 1279 2306 A.
1312 2278 1420 2307 1494:
1453 2286 1558 2314 cnsoe,

855 2324 1012 2365 quodque
1037 2325 1198 2365 amplecti
1223 2325 1382 2357 videntur
1407 2326 1561 2358 Gronov.

855 2375 897 2406 ad
914 2375 988 2406 Liv.
1005 2385 1054 2406 iv.
1072 2379 1124 2407 20.
1143 2382 1178 2407 et
1191 2377 1376 2409 Burmann.
1389 2379 1429 2409 ad
1447 2378 1564 2410 Gratii

855 2426 1023 2467 Cyueget.
1040 2430 1115 2458 499.
1135 2433 1171 2459 et
1186 2431 1262 2459 289.
1287 2430 1296 2445 ‘
1311 2429 1459 2470 Jamque
1481 2428 1562 2460 inde

856 2485 1039 2508 excernere
1066 2488 1187 2518 parvos
1203 2478 1223 2509 :'
1263 2480 1365 2510 habet
1393 2485 1507 2510 tamen
1524 2483 1562 2509 et

855 2536 921 2557 vox
934 2537 1042 2567 parra,
1059 2528 1182 2569 quibus
1200 2539 1235 2560 se
1251 2528 1425 2560 defendat.
1466 2529 1555 2560 Nam

855 2576 902 2608 sic
929 2583 978 2608 est
1016 2579 1051 2609 in
1079 2579 1163 2610 Cod.
1196 2580 1342 2618 Brantii,
1380 2579 1560 2619 Scaligeri,

856 2626 1014 2659 Leidensi
1041 2630 1164 2668 primo,
1189 2629 1392 2666 Oxoniensi‚
1411 2627 1559 2660 'Duker-

857 2676 1016 2718 Gottorp.
1036 2684 1072 2710 et
1088 2680 1254 2710 Vossiano
1280 2679 1382 2710 tertio
1411 2684 1446 2709 et
1474 2678 1560 2717 aliis,

857 2734 959 2770 atque
977 2731 1063 2761 Edd.
1078 2731 1208 2772 Gryph.
1220 2737 1254 2761 et
1268 2730 1442 2770 Stephani.
1468 2730 1561 2761 Prae-

832 2790 836 2795 ¹
857 2783 954 2811 terea
970 2780 1114 2812 Tacitus
1142 2791 1173 2812 c-.
1199 2785 1232 2811 5.
1260 2779 1303 2812 de
1330 2780 1418 2812 Mor.
1440 2781 1559 2811 Germ.

785 2833 892 2864 Caesar

1407 2834 1474 2865 311
