1818 3131
352 246 444 276 Lm.
478 245 549 275 ιιι.
580 233 776 274 ‹im-20.
811 246 872 275 nr.
907 245 1063 276 nunno
1094 245 1321 275 GAmnco.

105 339 270 382 finitimoe,
295 349 335 369 ex
359 338 408 369 his
421 336 608 376 regionibmx]
654 337 731 367 Non
748 336 806 367 dis-

115 389 221 429 plicet
254 389 449 428 conjectura
483 386 668 422 Ciacconii,
699 396 812 416 emen-

115 439 236 477 dantis,
262 448 328 478 quae
343 440 413 467 sunt
437 437 580 468 civitates
603 438 718 467 Gallice
743 447 811 476 pro-

113 489 234 526 ducite,
252 488 403 528 finitimoe
424 487 472 517 his
486 487 673 526 regionibus.
719 487 812 517 Ursi-

115 548 175 570 nus
201 542 358 578 nugatur,
381 548 456 568 cum
483 547 599 568 vocem
618 537 732 567 Gallia·
754 537 811 567 de-

115 589 244 620 lendam
261 593 389 620 censet.
435 590 522 620 Nam
541 588 655 619 Gallia
679 589 812 628 provin-

114 639 166 670 cia
189 639 328 678 dicitur,
354 644 390 669 ut
408 639 520 669 Gallia
537 638 697 678 Belgica:
723 639 811 679 quod

112 693 224 720 autem
240 690 436 730 plerumque
450 689 607 728 provincia
621 689 814 728 appellatur

113 737 218 770 ἆπλὼς
242 749 282 770 ea
298 739 420 770 Gailiae
444 749 534 779 pars,
558 739 590 769 id
619 739 685 769 κατ’
703 739 814 778 ἐξοχὴν

112 787 251 820 sactum.
314 789 446 820 Vossius.
505 788 604 819 Hunc
631 788 742 819 locum
771 789 811 819 P.

114 838 313 869 Ciacconius
343 842 495 878 eumque'
514 841 649 868 secutus
673 838 812 869 Vossius

115 889 163 920 sic
187 890 371 929 corrigunt.
429 889 550 926 Tolosa,
573 890 626 928 ὅτ.
651 899 718 929 quoe
742 893 812 920 sunt

112 939 256 970 civitates
273 940 386 970 Gallioe
408 940 587 980 prorinciae,
599 939 750 981 finitima
766 941 815 970 liis

112 990 310 1028 regionibus;
342 999 404 1021 nec
431 1000 510 1021 sane
527 991 597 1021 haec
614 991 814 1022 inconcinna

113 1044 166 1070 est
180 1040 384 1079 emendatio,
411 1041 497 1071 haud
524 1045 636 1071 tamen
661 1050 814 1071 necessa-

114 1089 176 1127 ria,
205 1094 242 1120 ut
272 1090 437 1129 exemplis
468 1090 668 1120 monstravit
693 1090 728 1122 J.
756 1091 814 1121 Fr.

113 1138 304 1170 Gronovius
319 1139 361 1170 ad
379 1140 464 1170 Livii
492 1149 577 1170 xxv.
605 1143 657 1170 27.
705 1141 814 1171 Nimi-

113 1198 186 1219 rum
215 1189 241 1219 is
271 1195 325 1220 est
366 1189 568 1229 optimorum
608 1190 812 1230 scriptorum

113 1248 204 1277 usus,
241 1243 288 1279 ut,
322 1244 460 1280 propter
497 1240 682 1281 interjecta
709 1241 814 1273 verba

115 1289 318 1320 Parentbesi
333 1289 472 1330 inclusa,
488 1290 622 1321 easdem
640 1300 738 1322 voces
756 1296 815 1322 aut

113 1340 258 1370 eundem
285 1350 419 1371 sensum
444 1346 612 1381 repetant.
663 1342 718 1373 Sic
743 1352 816 1373 nos-

116 1394 168 1420 ter
191 1389 278 1420 infra
303 1399 332 1421 c.
349 1393 403 1420 22.
427 1391 435 1407 ‘
456 1390 736 1431 Adcantuannus,
757 1393 815 1433 qui

115 1449 277 1470 summam
309 1440 442 1480 imperii
473 1441 614 1472 tenebat
646 1451 722 1472 cum
759 1451 814 1474 nc.

114 1488 244 1520 devotis
259 1489 358 1530 (quos
375 1490 423 1520 illi
440 1490 610 1521 Soldurios
627 1492 814 1531 appellant,

114 1539 197 1578 Sec.)
224 1549 300 1570 cum
318 1541 356 1570 iis
374 1540 641 1571 Adcantuannus
665 1542 815 1581 eruptio-

115 1598 192 1620 nem
216 1588 330 1621 facere
358 1590 524 1621 conatur.’
584 1591 686 1622 Hunc
712 1592 815 1622 etiam

115 1640 225 1670 locum
242 1644 369 1671 temere
387 1640 551 1671 sollicitat
574 1640 663 1671 idem
679 1641 816 1673 Ciacco-

114 1689 201 1726 nius,
233 1695 444 1730 quapropter
474 1690 626 1729 pluribus
657 1699 740 1730 opus
763 1696 815 1722 est

115 1740 291 1780 exemplis.
350 1741 450 1770 Silius
482 1741 624 1771 Italicus
657 1750 711 1772 ιιι.
739 1745 813 1772 425.

113 1790 123 1805 ‘
151 1789 294 1830 Letique
323 1790 416 1820 Deus
441 1789 484 1830 (si
510 1790 651 1821 credere
676 1790 726 1821 fas
751 1791 816 1831 est)

117 1839 226 1870 Causa
241 1839 304 1870 fuit
328 1839 388 1870 leti
416 1840 549 1871 miserae
565 1840 685 1871 Deus.'
733 1841 816 1871 Nul-

114 1889 183 1920 lum
205 1894 256 1920 est
280 1890 314 1919 in
335 1889 447 1920 verbis
465 1890 571 1929 ulcus,
595 1890 684 1931 quod
701 1895 815 1922 tamen

118 1939 179 1971 Ch.
197 1940 362 1971 Cellarius
388 1945 423 1972 et
451 1941 502 1972 cl.
520 1942 716 1983 Dausquius
740 1953 817 1974 cen-

116 1998 268 2032 suerunt,
294 1992 438 2024 fortasse
466 1993 510 2023 ob
536 1995 723 2034 sequentia,
759 1995 816 2025 ubi

115 2044 163 2076 sic
180 2044 314 2085 legitur,
328 2046 337 2062 ‘
355 2045 471 2076 Edidit
485 2045 559 2075 alvo
572 2045 759 2086 (Namque,
779 2051 817 2077 ut

114 2099 319 2134 serpentem,
359 2096 486 2135 patrias
525 2095 700 2126 exhorruit
735 2096 817 2137 iras)

117 2143 305 2175 Confestim
333 2144 448 2176 dulces
474 2144 574 2185 liquit
599 2145 738 2176 turbata
760 2156 816 2187 pa·

118 2195 253 2226 rentes.'
299 2196 384 2227 Haec
401 2195 535 2236 quidem
549 2201 711 2236 corrupta
726 2202 816 2237 sunt,

118 2252 179 2275 nec
209 2250 318 2275 tamen
349 2246 390 2275 iis
428 2245 629 2276 medicinam
657 2246 816 2278 invenere

118 2294 248 2326 Critici.
292 2295 515 2326 Scribendum
530 2296 594 2326 edit
611 2299 644 2326 ut
659 2297 738 2336 alvo,
753 2300 815 2330 &c.

119 2344 282 2375 Consulas
298 2350 334 2375 et
350 2345 433 2375 hanc
448 2345 481 2375 in
498 2355 568 2376 rem
581 2346 727 2386 ejusdem
743 2348 817 2379 Silii

118 2402 154 2425 x.
178 2397 254 2426 480.
279 2405 318 2426 ac
345 2395 510 2425 AElianum
538 2395 628 2427 Hist.
651 2396 764 2428 Anim.
790 2407 815 2429 1.

118 2446 171 2475 30.
193 2448 228 2474 et
251 2453 291 2475 11.
308 2448 362 2476 21.
406 2445 516 2476 Dacis.
585 2446 748 2478 Finitimae
769 2448 818 2479 his

117 2495 304 2534 regionibus.
338 2496 395 2526 Ita
420 2496 507 2526 hunc
535 2495 647 2526 locum
671 2495 818 2528 feliciter

118 2545 312 2576 emendavit
342 2546 550 2576 ciacconius.
607 2546 742 2586 Vulgo:
787 2554 818 2579 et

120 2593 276 2633 Narbone,
307 2595 392 2635 (quae
420 2599 488 2626 sunt
520 2596 663 2627 civitates
692 2597 816 2629 Galli-<e

119 2644 304 2684 provinciae
319 2645 503 2685 finitimae‚)
519 2655 561 2677 ex
575 2647 624 2677 his
645 2647 820 2686 regionibus

119 2693 311 2734 nominatim,
337 2697 401 2726 Aac.
473 2697 645 2736 Davisius,
670 2698 819 2738 quamvis

122 2741 294 2775 ciacconii
315 2745 588 2777 emendationem
611 2747 739 2786 laudet,
762 2756 819 2778 ne-

121 2793 303 2826 cessariam
341 2800 453 2828 tamen
482 2807 550 2829 non
580 2800 820 2841 putat5-quia

1450 235 1470 274 1
1478 235 1562 276 029

862 338 926 368 iste
944 338 1096 369 nimirum
1123 339 1167 369 sit
1194 339 1397 378 optimorum
1412 338 1564 378 Scripto-

864 397 936 417 rum
963 399 1050 428 usus,
1067 394 1104 419 ut
1132 396 1208 429 post
1236 389 1339 419 verba
1362 390 1563 420 Parentlicsi

863 438 1002 477 inclusa,
1035 439 1170 476 easdem
1202 450 1298 470 voces
1335 444 1394 471 aut
1419 439 1563 470 eundem

863 495 995 517 sensum
1012 493 1178 528 repetant.
1227 490 1269 520 Et
1284 489 1407 520 sufficit
1429 489 1564 530 quidem

863 536 935 567 haec
963 537 1061 576 ratio,
1085 539 1302 578 quamohrem
1330 550 1440 579 voces,
1455 550 1495 571 ex
1517 540 1566 571 his

862 587 1050 627 regionibus,
1079 594 1155 627 post
1185 589 1402 620 Par‹·ntliesin
1434 590 1567 631 possint

865 638 1014 669 tolerari.
1060 639 1185 669 Verum
1203 640 1267 670 ista
1292 650 1356 670 non
1385 646 1436 671 cst
1463 641 1566 672 maxi-

863 697 930 726 ma,
953 688 987 718 in
1022 689 1159 728 vulgata
1187 689 1346 727 lectione,
1375 689 1567 722 difficultas.

864 738 976 769 Multo
1013 739 1148 779 majoris
1179 740 1338 770 momenti
1375 746 1440 778 est,
1475 740 1564 780 quod

864 790 985 829 quaerit
1005 789 1191 826 Cellarius;
1216 790 1382 830 quomodo
1410 790 1567 821 nimirum

864 839 935 870 istae
962 839 1122 870 civitates
1137 839 1290 880 finitimae
1307 840 1472 879 appellari
1491 849 1565 880 pos-

863 890 930 920 sint
947 890 1174 920 Romanorum
1192 890 1394 928 Provinciae,
1411 900 1485 930 quae
1500 900 1564 921 non

864 940 931 971 sint
947 940 1063 980 utique
1080 940 1244 980 finitimce,
1268 939 1326 970 sed
1343 940 1373 970 in
1399 940 1472 979 ipsa
1488 940 1568 971 Pro-

864 989 974 1020 vincia
989 990 1074 1020 sitae.
1121 990 1196 1020 Nisi
1214 989 1316 1027 sorte,
1330 990 1432 1019 otiam
1449 990 1481 1020 in
1499 990 1567 1020 vnl-

865 1045 943 1079 gata
960 1040 1118 1078 lectione,
1135 1040 1183 1070 ita
1199 1039 1350 1070 construi
1374 1039 1500 1079 possint
1516 1040 1566 1071 hae

865 1100 978 1128 vocCS,
1005 1095 1043 1120 ut
1066 1090 1234 1130 provinciae
1265 1099 1330 1120 non
1362 1089 1407 1120 sit
1435 1090 1569 1121 scilicet

865 1141 982 1180 dativi,
997 1142 1054 1172 sed
1073 1141 1214 1181 genitivi
1231 1151 1350 1179 casus3
1375 1141 1568 1182 etfinitimoe

863 1191 1230 1233 intelligaturfinitimoe
1244 1192 1292 1222 his
1307 1192 1403 1223 locis:
1425 1201 1500 1232 qnae
1520 1197 1569 1222 ta-

863 1251 941 1272 men
958 1242 1073 1273 durior
1096 1247 1149 1274 est
1173 1242 1394 1273 constructio.
1439 1242 1568 1272 Verum

865 1295 970 1322 totam
984 1292 1132 1333 denique
1147 1292 1382 1324 difficultatem
1398 1292 1487 1322 tollit
1501 1293 1567 1323 Ms.

866 1342 1012 1381 Regius3
1051 1344 1083 1374 in
1112 1353 1176 1384 quo
1200 1344 1248 1375 ita
1274 1345 1374 1384 plane
1401 1344 1567 1383 scriptum

865 1398 930 1431 est,
946 1393 1112 1434 quomodo
1135 1394 1317 1434 legendum
1341 1393 1488 1434 conjecit
1514 1394 1568 1424 (ῥὶ-

865 1444 1073 1484 acconius‚(‘
1086 1454 1158 1485 quae
1177 1448 1256 1474 sunt
1268 1443 1426 1474 civitates
1443 1443 1567 1474 Galiiae

866 1493 1061 1533 provincia»,
1077 1493 1228 1524 finitimae
1256 1494 1306 1524 his
1336 1493 1528 1533 regionibus
1544 1493 1570 1533 3)

866 1542 1085 1582 nominatim‚'
1108 1546 1171 1574 Sec.
1206 1544 1312 1574 Clark.
1360 1544 1485 1574 Notam
1502 1553 1570 1574 me-

867 1600 919 1621 am
943 1592 992 1622 sic
1013 1591 1150 1632 refinge.
1197 1594 1297 1624 Hanc
1314 1594 1495 1625 lectionem
1513 1594 1570 1624 dc-

866 1639 976 1672 studit
991 1642 1025 1674 J.
1042 1643 1098 1674 Fr.
1115 1643 1306 1674 Gronovius
1323 1643 1365 1673 ad
1381 1644 1465 1674 Livii
1482 1653 1569 1677 xxv,

866 1693 918 1721 27.
964 1692 1142 1733 Nimirum,
1167 1693 1256 1734 quod
1282 1694 1388 1734 probe
1416 1694 1569 1725 virsum-

867 1750 938 1770 mus
955 1741 1210 1782 animadvertit,
1233 1744 1260 1774 is
1288 1748 1342 1775 est
1366 1744 1570 1784 optimorum

867 1790 1071 1830 scriptorum
1103 1802 1195 1831 usus,
1222 1797 1273 1832 ut,
1297 1798 1441 1834 propter
1467 1794 1572 1825 inter.

861 1840 960 1881 jecta
981 1842 1088 1872 verba
1103 1843 1257 1883 quaedam
1275 1843 1476 1875 parenthesi
1493 1854 1571 1875 con-

866 1892 971 1931 clusa,
986 1893 1040 1923 vel
1067 1894 1203 1924 easdem
1227 1903 1341 1934 voces,
1358 1895 1409 1925 vel
1425 1896 1570 1927 eundem

867 1952 999 1973 sensum
1016 1949 1188 1984 repetant.
1232 1945 1288 1975 Sic
1304 1949 1419 1975 noster
1434 1944 1522 1976 infra
1538 1956 1569 1977 c.

866 1998 919 2026 22.
935 1996 943 2012 ‘
958 1994 1246 2035 Adcantuannus‚'
1258 1999 1321 2027 διο.
1367 1996 1468 2027 Hune
1481 1996 1570 2027 enim

868 2046 978 2077 locum
994 2050 1120 2077 temere
1136 2047 1298 2078 sollicitat
1315 2048 1409 2078 Petr.
1428 2048 1570 2079 Ciacco-

867 2097 964 2127 nius:
1003 2103 1215 2138 quapropter
1230 2097 1382 2138 pluribus
1407 2107 1491 2137 opus
1516 2102 1571 2129 est

867 2148 1042 2187 exemplis.
1104 2147 1202 2178 Silius
1236 2147 1375 2178 Italicus
1406 2156 1462 2177 ιιι.
1493 2150 1569 2178 425.

867 2197 876 2214 ⁴
896 2197 1040 2238 Letique
1068 2198 1176 2238 Deus,
1203 2198 1230 2227 si
1254 2197 1393 2229 credere
1424 2197 1475 2228 fas
1506 2203 1569 2237 est,

867 2257 967 2279 causa
991 2246 1056 2278 fuit
1082 2247 1137 2278 leti
1152 2248 1283 2278 miserae
1301 2248 1387 2278 Deus
1399 2247 1418 2277 :’
1442 2247 1570 2277 nullum

866 2305 918 2328 est
934 2298 966 2328 in
981 2297 1090 2328 verbis
1111 2297 1216 2335 ulcus,
1229 2296 1317 2337 quod
1332 2300 1444 2327 tamen
1461 2296 1570 2327 Daus-

867 2348 964 2389 quius
991 2352 1027 2379 et
1043 2347 1208 2378 Cellarius
1228 2351 1433 2378 statuerunt.
1472 2346 1570 2378 Idem

869 2406 906 2430 x.
931 2401 1006 2429 480.
1044 2400 1053 2415 ‘
1071 2397 1249 2430 Quondam
1273 2397 1328 2428 sub
1352 2397 1476 2435 regibus
1499 2397 1569 2436 illa,

869 2449 956 2481 Quae
980 2449 1126 2489 Libycos
1142 2449 1253 2479 tenuit
1276 2447 1402 2486 frenos,
1416 2447 1470 2478 sub
1487 2446 1570 2485 regi-

868 2498 922 2530 bus
950 2499 1030 2530 olim
1060 2500 1165 2530 Roma
1194 2498 1283 2529 fuit!
1343 2498 1506 2530 Consulas
1533 2500 1570 2527 et

869 2549 1035 2580 AElianum
1063 2549 1153 2580 Hist.
1178 2548 1290 2579 Anim.
1319 2557 1343 2578 1.
1376 2551 1427 2577 30.
1446 2550 1495 2577 ll.
1514 2549 1567 2577 21.

870 2599 955 2630 Cum
972 2605 1085 2631 tamen
1096 2601 1236 2639 Tolosa,
1251 2601 1413 2635 Carcaso,
1430 2603 1465 2628 et
1485 2597 1571 2628 Nar·

870 2648 912 2679 bo
937 2650 1005 2681 sint
1029 2651 1129 2681 urbes
1157 2650 1261 2690 ipsius
1288 2648 1411 2679 Galliae
1436 2646 1570 2687 provin·

870 2698 945 2739 ciae,
959 2709 1026 2731 non
1042 2701 1073 2731 ei
1089 2705 1220 2731 tantum
1235 2699 1405 2740 finitimae;
1436 2696 1569 2728 omnino

870 2758 946 2780 cum
973 2750 1068 2782 Petr.
1100 2749 1280 2782 Ciacconio
1307 2754 1342 2778 et
1368 2747 1488 2779 Vossio
1518 2757 1570 2780 re-

869 2800 1075 2842 scripserim,
1085 2802 1108 2825 A
1125 2801 1257 2840 Tolosa,
1271 2799 1473 2840 Carcasone,
1483 2798 1571 2831 Nar-
