1818 3131
301 220 394 248 LlB.
430 219 512 248 vu.
543 214 647 247 CAP.
672 206 743 246 78.
777 217 838 246 DE
873 217 1027 246 BELLO
1058 216 1284 246 GALLlCO.

70 320 134 351 sar,
155 312 320 343 adventure
343 321 447 342 eorum
468 311 646 341 adtentum.-
677 308 766 338 unde

71 361 172 392 lectio
185 361 236 400 qui
250 361 340 399 hujus
353 361 488 391 omnino
504 358 765 397 dubiaesset,ad

69 419 142 450 quos
165 410 255 441 foret
284 409 508 448 referendum,
542 408 621 439 licet
658 407 767 439 fatear

68 460 149 491 satis
164 470 183 491 e
201 468 297 490 sensu
315 463 478 490 constare.
522 457 589 488 Sed
614 457 696 496 cnjus
718 458 765 488 rei

69 514 202 540 servant
221 510 304 540 Mss.
325 509 390 539 mei
415 518 528 539 omues
552 513 679 549 praeter
703 508 767 539 Lo-

68 568 141 590 van.
159 563 193 590 et
219 559 302 590 Cod.
320 557 489 598 sambuci,
511 559 599 590 Edd.
624 558 764 589 Vascos.

67 608 197 640 Stradae
209 609 328 648 Stepln.
343 612 378 639 et
393 608 522 649 Grypli.
543 614 630 649 post.
656 609 766 648 Regio

67 658 185 690 Codici
202 657 438 698 suffragantes.
472 659 670 698 Elegantius
684 657 765 698 quid

66 709 216 750 suggerit
242 709 337 740 Leid.
362 710 501 750 primus,
524 709 580 750 qui
603 715 698 740 caret
721 711 766 747 τῷ

64 760 184 791 timore.
231 760 324 798 Cujus
338 760 384 790 rei
400 759 546 790 exterriti
571 769 618 790 sc.
636 769 765 799 caussa,

65 818 156 850 ergo.
203 810 293 840 Male
310 810 355 840 rei
372 811 445 841 loco
471 810 528 839 τοῦ
552 809 665 840 timore
683 809 764 839 omi-

66 859 110 890 sit
139 859 374 890 Carrariensis.
427 859 494 890 Adi
521 868 597 900 quae
627 859 764 899 collegi·

64 917 137 939 mus
166 908 208 939 ad
237 917 287 940 ιν.
316 912 344 939 l.
376 912 411 940 et
436 918 470 940 v.
499 911 531 939 8.
567 909 575 925 ‘
594 909 688 941 Quas
712 908 763 939 sui

64 958 207 999 quisque
222 959 390 990 commodi
407 958 556 990 fecerat.'

105 1010 145 1039 35
174 1008 259 1044 Quid
280 1019 352 1048 ergo
369 1011 428 1040 mei
442 1009 562 1040 consilii
577 1009 638 1050 est]
674 1009 762 1042 Edd.

62 1059 165 1090 Basil.
178 1060 276 1090 Vasc.
287 1060 355 1091 Str.
370 1060 504 1099 Grypli.
519 1060 632 1091 Ursin.
646 1060 761 1099 steph.

63 1109 194 1141 Manat.
222 1109 435 1149 distinguunt
465 1110 526 1148 ita,
559 1109 642 1144 Quid
666 1107 761 1148 ergo?

62 1159 144 1190 Mei.
192 1158 308 1200 Atque
341 1159 391 1190 ita
419 1158 546 1190 diserte
576 1164 691 1191 exstat
727 1160 760 1189 in

62 1209 168 1250 Bong.
186 1219 238 1250 pr.
250 1209 346 1240 Leid.
358 1218 411 1249 pr.
424 1209 524 1240 Voss.
538 1218 588 1249 pr.
602 1209 712 1240 Pulm.
727 1213 762 1240 et

61 1259 147 1291 aliis.
203 1260 330 1291 Contra
365 1259 524 1290 Beroald.
562 1268 637 1290 eum
672 1258 760 1290 Edd.

61 1309 177 1349 primis
199 1309 378 1350 distinguit
393 1308 526 1339 demum
544 1313 620 1349 post
628 1307 762 1345 facere!

62 1359 128 1391 Sed
160 1359 245 1391 bene
276 1359 476 1391 ciacconius
507 1368 582 1389 cum
611 1358 697 1397 aliis,
725 1363 763 1389 ut

61 1409 161 1449 Aldo,
176 1409 420 1450 Plant.Scalig.
429 1408 654 1439 &c.defendit
663 1408 760 1439 aliam

61 1460 370 1500 interpunctionem
386 1460 459 1490 loco
475 1460 573 1490 Bruti
591 1459 632 1490 ad
649 1459 760 1490 Cicer.

61 1519 102 1541 ιι.
121 1511 184 1550 Ερ.
199 1519 224 1541 ι.
248 1512 256 1527 4
276 1510 366 1543 Quid
391 1519 473 1550 ergo
493 1513 556 1548 est,
575 1509 695 1550 inquis,
712 1509 761 1540 tui

62 1561 215 1592 consilii?
252 1560 393 1591 Dandus
420 1565 472 1590 est
493 1559 606 1590 locus.’
653 1559 760 1590 Immo

53 1611 183 1651 judico,
209 1611 398 1652 elegantius
429 1609 514 1649 fore,
548 1611 575 1641 si
605 1613 650 1641 est
681 1610 760 1641 hinc

60 1663 254 1702 ejiceretur.
306 1662 409 1694 Certe
434 1671 500 1692 non
529 1665 704 1701 comparet
727 1661 760 1692 in

61 1711 262 1743 Oxoniensi.
311 1712 396 1747 Quid
426 1721 498 1751 ergo
528 1712 588 1742 mei
616 1709 761 1742 consilii!

61 1762 101 1793 In
117 1762 214 1793 Leid.
231 1772 282 1803 pr.
297 1766 341 1793 est
356 1771 436 1794 cons.
460 1771 533 1803 quae
551 1761 638 1792 sedis
655 1766 761 1792 muta·

62 1813 112 1844 tio
128 1823 147 1843 a
162 1813 298 1844 Criticis
321 1821 456 1853 semper
471 1811 614 1843 habetur
631 1812 759 1852 siguum

60 1863 203 1904 alicujus
218 1862 498 1903 interpolationis.

100 1915 141 1944 43
167 1912 365 1953 Depopulata
379 1912 501 1952 Gallia]
524 1911 675 1942 Verbum
687 1911 760 1951 hoc,

60 1963 149 2004 quod
168 1963 317 2004 deponens
332 1967 505 2001 censetur,
524 1962 679 2002 passivam
695 1963 759 2002 sig-

60 2013 286 2045 nificationem
304 2013 357 2045 hic
373 2013 517 2045 obtinet.
546 2013 602 2044 Sic
620 2014 658 2044 Β.
674 2013 716 2044 G.
734 2021 758 2044 1.

60 2066 111 2095 11.
135 2065 144 2081 ‘
160 2064 254 2102 Sese,
266 2063 456 2103 depopulatis
468 2063 566 2104 agris,
579 2072 645 2093 non
658 2061 757 2092 facile

58 2113 102 2144 ab
127 2113 260 2154 oppidis
289 2113 357 2143 vim
386 2113 532 2143 hostium
559 2111 758 2153 prohibere!

61 2162 226 2193 Horatius
263 2162 332 2193 Od.
366 2171 419 2193 111.
456 2167 485 2193 5.
522 2165 573 2194 24.
631 2165 640 2179 4
665 2162 758 2193 Arva

60 2213 174 2244 Marte
191 2212 411 2252 colipopulata
422 2212 564 2243 nostro!
604 2213 677 2244 Nec
693 2214 757 2244 hoc

58 2262 179 2293 mirum
195 2262 364 2301 videatur,
381 2271 457 2293 cum
480 2266 515 2293 et
529 2262 630 2293 activa
646 2263 758 2293 termi-

58 2312 150 2344 natio
169 2313 203 2344 in
227 2322 287 2343 usu
311 2312 521 2343 remanserit.
567 2312 700 2343 Auctor
715 2312 757 2344 de

59 2362 146 2393 Bell.
160 2363 257 2403 Hisp.
275 2372 305 2394 c.
318 2365 370 2393 42.
397 2363 406 2378 ⁴
421 2361 530 2402 Agros
543 2367 757 2403 vestramque

59 2414 268 2453 provinciam
293 2417 409 2443 vestro
432 2412 576 2452 impulsu
598 2413 758 2453 depopula-

61 2462 128 2493 vit!
164 2462 252 2494 Vide
279 2467 314 2493 et
338 2461 517 2501 Virgilium
542 2461 613 2493 AEn.
642 2471 665 2492 1.
682 2465 755 2493 531.

58 2510 172 2543 Datis.
196 2511 297 2543 Adde
309 2511 478 2542 Dinis-:ad
492 2511 594 2542 Auct.
608 2511 649 2543 de
660 2512 757 2543 Bello

60 2561 159 2601 Hisp.
176 2563 224 2593 uti
253 2567 289 2593 et
305 2561 380 2592 vide
403 2561 446 2592 ad
463 2561 588 2593 Lucan.
616 2571 656 2593 ιι.
681 2565 755 2594 445.

61 2612 69 2627 ⁸
87 2609 179 2642 Arva
193 2611 312 2652 premi,
329 2621 430 2653 quam
445 2611 472 2642 si
488 2610 579 2643 ferro
597 2613 756 2653 populen-

63 2664 119 2691 tur
131 2665 165 2691 et
179 2661 270 2702 igni!
292 2662 413 2702 Virgil.
430 2662 504 2693 AEn.
517 2671 564 2692 ιν.
578 2664 653 2693 402.
679 2664 686 2679 4
703 2663 756 2693 In-

62 2714 195 2750 gentem
211 2709 362 2744 formicae
383 2711 480 2743 farris
496 2722 653 2744 acervum
670 2714 755 2745 Cum

62 2761 244 2801 populant.²
269 2762 371 2805 Apud
387 2763 544 2795 Laetam.
561 2763 604 2795 de
620 2764 671 2796 ira
686 2764 755 2795 Dei

1407 207 1519 249 1257

816 319 846 339 c.
860 312 892 339 7.
919 312 1016 350 vulgo
1026 314 1225 351 comportant,
1237 310 1296 341 sed
1308 310 1374 342 Ms.
1384 310 1515 343 Bonon.

817 360 1059 391 vetustissimus
1076 361 1303 401 compopulant:
1320 360 1408 391 idem
1422 369 1452 391 c.
1464 363 1517 391 16.

816 410 824 425 ‘
844 413 935 454 terra
951 410 1237 450 depopulabitur.'

857 462 910 490 44.
940 461 1069 491 Finibus
1084 462 1213 501 umeris]
1245 463 1354 503 Βοῦς.
1372 472 1424 502 pr.
1442 462 1518 494 Lei·

816 509 946 549 denses,
956 511 1248 548 Vossiani,Petav.
1259 512 1382 552 Scalig.
1394 513 1517 544 Lovan.

816 560 982 599 Egmund.
1015 560 1109 591 Gott.
1141 561 1274 601 Duker,
1304 563 1447 593 Dorvill.
1479 568 1514 594 et

816 611 900 642 Edd.
917 611 1046 651 primae,
1063 611 1143 642 item
1168 612 1268 643 Vasc.
1284 613 1402 652 Steph.
1427 613 1516 644 alim-

814 670 880 702 que
903 662 1019 692 multae
1047 662 1277 702 interponunt,
1300 662 1422 703 finibus
1445 664 1518 703 qui-

815 710 890 741 dem
920 711 1044 743 nostris.
1090 711 1179 742 Vere
1210 713 1355 743 omnino.
1406 713 1514 744 Notat

815 761 902 791 enim
922 761 1072 801 profecto,
1095 763 1217 801 saltem,
1239 765 1274 793 et
1291 762 1382 802 qnasi
1400 765 1514 792 tamen.

814 810 891 848 ὅμως
904 811 1017 843 Graec.
1044 811 1131 843 Vide
1145 811 1279 843 omnino
1291 811 1341 842 Cl.
1355 812 1512 842 Perizon.

813 860 854 890 ad
870 860 985 891 Sanct.
1000 860 1084 892 Min.
1097 870 1152 892 ιιι.
1170 864 1221 892 14.
1238 862 1253 901 ξ
1267 864 1319 892 26.
1333 865 1368 892 et
1382 862 1397 901 ξ
1414 863 1464 892 29.
1479 866 1515 892 et

815 910 999 941 Manut.ad
1013 911 1122 942 Cicer.
1134 912 1198 951 Ep.
1214 911 1309 942 Fam.
1324 919 1348 942 1.
1360 914 1389 942 9.
1417 911 1513 942 Idem

813 960 855 990 ad
887 961 978 991 Fam.
1009 970 1048 992 ιι.
1074 964 1103 992 l.
1151 962 1159 979 ‘
1186 971 1285 1002 quem
1313 961 1447 1002 quidem
1473 961 1514 991 ad

813 1017 847 1042 te
871 1017 1111 1052 perventurum
1143 1013 1328 1054 putabam!
1372 1014 1515 1044 Terent.

813 1061 936 1101 Adelp.
951 1071 1006 1094 ιιι.
1023 1065 1054 1092 2.
1072 1065 1124 1094 39.
1163 1063 1172 1079 4
1191 1064 1276 1094 Mihi
1294 1063 1430 1104 quidem
1446 1073 1513 1094 non

813 1111 927 1152 placet
941 1111 961 1142 ι’
978 1116 1013 1142 et
1029 1113 1077 1142 ita
1093 1122 1195 1152 saepe.

855 1169 1014 1192 Lxxvm.
1042 1164 1060 1192 3
1089 1162 1316 1202 Experiamur]
1344 1163 1512 1203 Bongars.

813 1219 864 1250 pr.
879 1211 976 1241 Voss.
993 1221 1045 1251 pr.
1062 1212 1189 1243 Lovan.
1208 1212 1374 1252 Egmuud.
1392 1218 1427 1243 et
1448 1213 1515 1243 duo

813 1260 869 1290 alii
891 1270 966 1291 cum
991 1260 1075 1292 Cod.
1099 1261 1270 1301 Sambuci,
1291 1261 1515 1301 expediantur.-

812 1314 915 1350 atque
926 1310 975 1341 ita
984 1309 1055 1342 fere
1067 1312 1076 1328 4
1089 1310 1211 1342 Aditus
1225 1311 1391 1351 expedire
1402 1311 1409 1322 ’
1421 1321 1450 1342 c.
1461 1314 1512 1342 86.

814 1369 904 1399 saepc
931 1360 940 1376 ‘
954 1360 1115 1400 expedire
1138 1370 1208 1390 rem
1224 1359 1477 1391 frumentariam
1492 1361 1513 1391 :’

814 1410 822 1426 ‘
837 1409 998 1449 expedire
1014 1419 1116 1441 naves
1128 1410 1136 1423 '
1165 1411 1206 1440 B.
1224 1410 1296 1441 Civ.
1313 1419 1338 1440 1.
1355 1413 1407 1440 56.
1424 1419 1464 1441 11.
1481 1414 1513 1442 4.

812 1460 821 1474 ‘
837 1459 1020 1498 pecunias!
1047 1460 1089 1491 V.
1109 1460 1198 1491 Clar.
1221 1460 1337 1491 Burni.
1361 1460 1401 1490 ad
1418 1461 1512 1492 Suet.

813 1509 920 1550 Calig.
933 1520 962 1541 c.
973 1513 1024 1541 41.
1040 1510 1096 1541 ubi
1110 1511 1228 1541 eadem
1240 1511 1396 1541 varietas.
1421 1511 1512 1542 Cave

813 1565 941 1600 tamen,
953 1571 1029 1592 cum
1045 1561 1224 1601 Sambuco,
1240 1566 1360 1592 mutes.
1399 1562 1512 1593 Libra-

812 1611 936 1641 riorum
965 1611 1075 1651 lapsus
1105 1616 1177 1642 est:
1217 1611 1383 1652 quomodo
1417 1621 1511 1652 saepe

811 1659 1063 1692 confunduntur
1073 1661 1201 1701 inperiti
1215 1666 1250 1692 et
1262 1662 1401 1701 inpediti.
1412 1671 1470 1693 ιιι.
1480 1667 1511 1695 5.

811 1711 819 1726 4
837 1715 1026 1741 extremum
1060 1711 1219 1742 auxilium
1250 1711 1510 1751 experirentur!

810 1760 950 1791 Terent.
966 1762 1049 1791 Eun.
1065 1769 1116 1792 tv.
1132 1764 1163 1792 7.
1180 1764 1230 1792 19.
1252 1761 1260 1777 4
1280 1761 1403 1792 Omnia
1418 1762 1509 1801 prius

809 1810 970 1850 experiri,
993 1820 1092 1851 quam
1119 1811 1217 1841 armis
1240 1811 1424 1850 sapientem
1454 1812 1509 1842 de⁴

809 1859 888 1890 cet.’
926 1860 1062 1891 Sallust.
1077 1861 1118 1891 B.
1137 1860 1238 1892 Catil.
1256 1870 1284 1890 c.
1301 1860 1366 1891 263
1400 1862 1408 1876 ‘
1426 1862 1510 1892 Con-

809 1909 922 1940 stituit
945 1913 1097 1940 extrema
1118 1909 1229 1940 omnia
1244 1909 1393 1949 experiri
1408 1913 1426 1939 :'
1450 1909 1508 1940 ubi

809 1959 885 1990 vide
901 1959 1054 1990 Cortium
1069 1970 1076 1997 3
1101 1964 1137 1990 et
1153 1969 1256 1999 supra
1272 1959 1313 1990 ad
1331 1968 1386 1989 ιιι.
1402 1962 1433 1990 3.

865 2011 918 2042 Ad
968 2011 1023 2040 Cr.
1075 2010 1261 2041 sententiam
1308 2011 1508 2051 descendant]

809 2060 908 2092 Claro
940 2069 1049 2092 sensu.
1091 2060 1192 2091 Prius
1224 2060 1336 2091 omnia
1362 2060 1508 2100 experiri

808 2111 997 2149 voluerunt,
1022 2119 1118 2151 quam
1143 2111 1184 2141 ad
1209 2116 1398 2141 extremum
1424 2110 1509 2141 illud

807 2161 986 2192 voluerunt
1008 2161 1203 2200 decurrere,
1226 2161 1315 2201 quod
1342 2161 1507 2192 suadebat

808 2211 1039 2252 Critognatus,
1076 2211 1173 2252 cujus
1214 2210 1355 2241 consilio
1394 2216 1506 2242 tamen

808 2266 986 2292 uterentur
1000 2267 1094 2300 tunc,
1110 2262 1137 2292 si
1154 2261 1339 2292 necessitas
1354 2266 1506 2302 urgeret,

806 2311 918 2351 potius
935 2321 1034 2352 quam
1051 2322 1086 2343 se
1105 2312 1279 2343 dederent.
1324 2312 1439 2353 Atque
1456 2312 1506 2342 ita

807 2361 948 2393 Graecus
964 2362 1068 2403 cepit.
1091 2362 1255 2393 Sambuco
1269 2366 1381 2392 tamen
1394 2361 1506 2392 sanior

807 2412 942 2443 videtur
957 2413 1059 2444 lectio
1072 2412 1155 2443 Msti
1171 2423 1191 2443 α
1206 2412 1259 2442 Cr.
1275 2412 1427 2442 sententia
1441 2411 1505 2442 dis-

805 2463 933 2492 cedant.-
967 2462 1055 2503 quod
1090 2471 1154 2493 uon
1187 2461 1297 2499 video,
1337 2461 1505 2501 quomodo

806 2521 880 2543 cum
890 2513 1108 2552 sequentibus
1124 2512 1228 2553 possit
1245 2513 1436 2543 convenire.
1463 2511 1504 2542 In

806 2563 876 2593 solo
910 2568 1021 2594 tamen
1052 2564 1238 2595 Oxoniensi
1277 2563 1360 2594 Corl.
1391 2562 1504 2593 iuveni

805 2614 844 2643 ad
883 2613 936 2643 Cr.
962 2614 1169 2649 senteutium;
1201 2613 1264 2644 nisi
1295 2612 1383 2652 quod
1420 2611 1502 2642 nihil

804 2661 902 2694 video
915 2673 1049 2705 quoque
1062 2669 1236 2695 enotatum
1250 2673 1268 2693 e
1285 2661 1507 2693 ean-ariensi»

805 2713 901 2754 quasi
932 2713 1002 2754 ille,
1029 2715 1069 2744 ud
1098 2712 1279 2743 sententiam
1309 2711 1504 2749 descendant,

804 2763 976 2797 exhibeat.
1012 2764 1053 2796 In
1067 2763 1205 2804 reliquis
1220 2762 1262 2793 ad
1280 2771 1381 2793 unum
1397 2761 1502 2792 omni-
