1818 3131
299 224 827 269 iass.v1.oav.l9.nss
862 237 1018 267 suano
1050 239 1280 268 nannum.

65 341 131 373 qno
151 335 228 363 erat
251 332 383 372 positus
406 332 440 362 in
464 329 598 362 modurn
623 328 760 361 Circen-

65 383 149 413 sium
167 382 320 413 cursibus
334 381 532 419 ambientes,
554 378 675 410 funera
690 380 761 420 ejus

65 438 169 464 cantu
185 433 326 463 funereo
341 431 400 462 tali
413 430 529 461 ordine
543 428 762 461 referebant!

66 483 195 513 Exinde
233 485 459 512 memorantur
487 480 638 511 breviter
668 484 762 520 gesta

66 531 194 570 Attilae,
237 532 356 572 quibus
401 530 577 562 recensitis
621 530 759 561 subdit:

64 583 73 599 ‘
91 580 275 621 Postquam
304 581 428 611 talibus
452 581 606 612 lamentis
629 585 681 612 est
706 581 762 612 de-

64 629 174 668 fletus,
189 630 336 661 strabam
358 640 462 670 super
489 631 653 662 tumulum
678 632 762 671 ejus,

61 689 161 721 qnam
186 681 359 720 appeliant
382 681 459 721 ipsi,
482 682 610 722 ingenti
637 692 764 714 comes-

61 730 193 762 satione
228 732 484 771 concelebrant,
518 737 552 764 ct
592 734 762 765 contraria

61 782 205 814 invicem
227 783 290 814 sibi
313 785 524 825 copulantes,
553 786 679 817 luctum
711 785 759 818 fu-

62 843 199 865 nereum
230 835 337 867 mixto
373 836 494 875 gaudio
531 836 761 878 explicabant,

62 889 231 925 noctuque
259 891 392 917 secreto
420 886 567 918 cadaver
592 892 643 918 est
673 893 761 919 terra

61 935 282 967 reconditum.
328 936 433 977 Cujus
460 936 587 969 fercula
616 939 759 977 primum

60 993 156 1023 auro,
183 985 331 1016 secundo
362 991 520 1027 argento,
545 989 648 1020 tertio
677 988 758 1020 ferri

61 1034 170 1075 rigore
187 1037 431 1075 communiunt,
451 1037 683 1078 significantes
699 1041 759 1071 tali

60 1091 259 1127 argumento
288 1088 522 1127 potentissimo
550 1091 620 1131 regi
647 1092 760 1122 omnia

60 1137 280 1168 convenisse:
305 1136 442 1177 ferrum,
466 1149 532 1180 quo
547 1145 664 1180 gentes
681 1141 758 1172 edo-

60 1187 162 1227 muit3
188 1197 305 1219 aurum
326 1193 362 1219 et
381 1195 573 1230 argentum,
595 1191 684 1232 qnod
707 1201 758 1222 or-

60 1243 176 1270 natum
216 1240 315 1280 Reip.
359 1240 534 1282 utriusque
573 1242 757 1283 acceperit.

62 1287 203 1320 Addunt
229 1299 322 1320 arma
349 1289 494 1321 hostium
525 1292 676 1323 caedibus
705 1303 759 1324 ac-

61 1339 196 1380 quisita,
253 1340 409 1380 phaleras
463 1341 556 1372 vario
615 1351 760 1383 gemma-

62 1399 134 1420 rum
171 1388 305 1429 fulgore
345 1389 524 1430 pretiosas,
560 1395 595 1421 et
632 1391 758 1423 diversi

62 1440 196 1476 generis
213 1439 369 1479 insignia,
396 1439 516 1480 quibus
532 1441 656 1472 colitur
679 1442 760 1472 auli-

60 1499 138 1521 cum
155 1490 269 1522 decus.
314 1491 359 1522 Et
382 1495 420 1522 ut
443 1496 496 1522 tot
522 1496 557 1523 et
581 1493 686 1523 tantis
710 1493 758 1524 di-

62 1540 148 1571 vitiis
183 1540 329 1572 humana
362 1542 536 1573 curiositas
570 1549 758 1584 arceretur,

59 1591 153 1631 operi
177 1591 359 1631 deputatos
383 1591 578 1624 detestabili
600 1595 758 1626 mercede

60 1641 285 1680 trucidarunt,
307 1643 510 1683 emersitque
526 1649 760 1675 momentanea

60 1700 149 1722 mors
165 1692 408 1732 sepelientibus
421 1703 495 1723 cum
512 1694 669 1733 sepulto!
691 1695 760 1726 Ha-

61 1742 176 1772 bemus
204 1746 240 1772 et
269 1742 378 1772 simile
404 1743 596 1783 exemplum
621 1753 759 1785 conges-

61 1796 170 1822 torum
197 1791 367 1822 hostilium
390 1801 558 1823 armorum
575 1798 611 1824 et
633 1795 759 1826 occiso-

62 1850 134 1871 rum
160 1842 374 1882 captivorum
401 1842 436 1873 in
462 1842 574 1874 Statio
596 1843 757 1876 Thebaid.

61 1900 127 1922 ΧΠ.
160 1892 218 1923 ubi
248 1893 418 1924 Menoecei
448 1903 566 1934 rogum
595 1894 758 1927 describit

59 1941 130 1973 ‘At
154 1952 219 1973 non
259 1943 393 1984 plebeio
420 1942 550 1975 fumare
578 1945 758 1977 Menoecea

60 1992 158 2023 busto
173 1992 249 2024 Rex
271 1993 405 2033 genitor
419 1993 612 2035 Thebaeque
632 1995 758 2034 sinunt,

58 2051 120 2074 nec
137 2042 258 2074 robora
272 2043 372 2074 vilem
388 2044 595 2075 struxerunt
608 2044 650 2075 de
664 2055 756 2077 more

60 2103 177 2134 rogum
192 2104 199 2124 :
229 2093 288 2124 sed
304 2093 446 2125 bellicus
461 2104 565 2135 agger
584 2095 758 2135 Curribus,

58 2148 91 2173 et
108 2143 250 2183 clypeis,
274 2144 525 2185 Graiorumque
541 2145 693 2176 omnibus
709 2154 758 2176 ar-

58 2192 120 2223 mis
134 2193 325 2225 Sternitur:
355 2194 492 2226 hostiles
510 2204 612 2235 super
628 2195 702 2236 ipse
720 2200 758 2227 ut

61 2242 171 2274 victor
200 2252 352 2281 acervos,
384 2243 542 2275 Pacifera
570 2246 664 2276 lauro
694 2246 757 2277 cri-

59 2301 147 2332 nem,
182 2294 343 2335 vittisque
390 2294 534 2326 decorus
579 2295 757 2329 Accubat!

58 2344 179 2376 Paullo
203 2350 279 2386 post
303 2344 417 2376 addit:
442 2347 451 2362 ‘
466 2345 637 2386 Spirantcs
655 2356 758 2388 super

56 2393 193 2426 inferias
221 2396 358 2436 captiva
383 2396 565 2436 Pelasgum
594 2398 757 2438 Corpora,

1402 229 1513 270 1163

813 339 930 369 rogum
955 336 1167 363 exstructum
1191 331 1307 371 fuisse,
1331 337 1449 374 postea
1463 334 1513 374 ip⁴

813 390 883 410 sum
902 381 1087 420 Menoecea,
1111 383 1217 419 lauro,
1240 383 1377 414 victoris
1394 383 1513 423 instar,

813 429 1016 467 redimitum,
1055 442 1135 468 rogo
1170 433 1363 472 impositum
1395 432 1511 464 fuisse.

816 479 919 510 Porro
936 480 1082 511 adhunc
1112 483 1221 512 locum
1245 483 1344 513 Statii
1375 485 1514 515 Lactan-

812 530 878 560 tius
904 531 1107 563 Scholiastes
1135 533 1205 563 ait:
1234 536 1241 549 ‘
1262 534 1397 565 Exuviis
1422 535 1511 566 enim

811 581 954 611 hostium
971 582 1195 612 extruebatur
1218 585 1352 621 ref—vilius
1371 585 1512 615 mortuis

812 641 917 672 pyra3
951 641 1050 672 quem
1078 633 1177 662 ritum
1202 635 1386 673 sepultura¹
1412 634 1512 666 hodie

812 692 946 723 quoqne
986 682 1120 713 barbari
1167 692 1303 713 servare
1341 684 1511 724 dicuntur,

812 742 912 773 quem
949 732 1081 762 strabas
1127 731 1243 762 dicunt
1281 733 1393 771 lingua
1430 734 1513 765 sual

811 782 999 813 Vulcanius
1023 786 1122 822 putat
1137 780 1249 821 struffe
1266 791 1378 812 veram
1396 792 1513 813 vocem

811 832 930 872 fuisse,
947 842 985 864 ac
1003 837 1137 863 notasse
1154 832 1356 872 supplicium
1372 833 1426 863 vel
1445 843 1513 873 poe-

810 894 899 923 nam,
924 895 999 925 quae
1026 884 1068 915 de
1096 884 1254 915 ministris
1281 885 1335 914 vel
1367 885 1511 925 captivis

812 935 1007 965 sumebatur
1022 945 1029 964 ;
1055 935 1135 965 mihi
1152 934 1234 965 illud
1250 944 1366 975 parum
1385 935 1510 975 placet.

810 986 1007 1016 Praesertim
1033 986 1058 1016 si
1086 986 1255 1017 Lactantii
1283 986 1387 1017 verba
1410 986 1512 1026 inspi-

810 1035 890 1074 cias,
913 1037 969 1076 qui
995 1036 1042 1066 ait
1064 1035 1201 1066 strabam
1225 1037 1390 1077 appellari
1418 1046 1510 1068 acer-

808 1095 886 1116 vum
903 1096 945 1117 ex
961 1087 1108 1117 hostium
1125 1086 1276 1117 exuviis:
1293 1087 1408 1127 itaque
1422 1087 1511 1117 malo

808 1135 1100 1176 ita-nuncupatum
1115 1135 1174 1166 ἀπὸ
1188 1136 1244 1166 τοῦ
1257 1139 1407 1176 stroopen,
1420 1136 1511 1177 quod

808 1185 903 1217 nobis
932 1186 1080 1226 praedarz'.
1138 1185 1210 1218 Aut
1238 1187 1265 1217 si
1293 1186 1374 1217 illud
1401 1187 1509 1218 miuus

807 1245 937 1275 verum,
959 1236 1121 1276 possimus
1136 1235 1306 1267 deducere
1322 1246 1342 1267 a
1355 1240 1509 1277 strenven,

808 1287 898 1329 quod
924 1292 1039 1318 vetere
1067 1287 1273 1318 Francorum
1299 1287 1412 1328 lingua
1433 1292 1511 1319 ster·

806 1347 878 1368 nere
903 1342 1023 1369 notat:
1056 1337 1144 1368 unde
1171 1341 1304 1378 strenue,
1329 1339 1382 1369 vel
1406 1342 1509 1370 struve

809 1395 962 1426 acervus,
998 1393 1191 1419 constratus
1220 1389 1384 1420 cumulus.
1442 1390 1508 1421 Res

807 1436 937 1468 incerta
951 1441 1024 1468 est:
1053 1438 1135 1469 illud
1153 1443 1301 1478 constat,
1318 1439 1509 1480 antiquissi-

807 1496 896 1518 mum
922 1488 1009 1519 hunc
1032 1498 1106 1519 esse
1133 1498 1259 1520 morem
1285 1490 1440 1530 captivos
1464 1491 1507 1521 ad

806 1536 925 1569 funera
939 1538 1122 1577 mactandi,
1147 1539 1237 1569 unde
1258 1539 1428 1571 Homerus
1451 1540 1508 1572 Ili-

806 1588 887 1618 ados
897 1592 936 1620 Ψ.
946 1591 1018 1620 175.
1031 1588 1156 1619 Δώδεκα
1165 1588 1198 1620 δὲ
1209 1589 1316 1629 Τρώων
1326 1590 1510 1629 μεγαθύμων

808 1637 888 1670 ὑιέας
915 1638 1045 1671 ἐσθλοὺς
1067 1642 1182 1679 Χαλκῷ
1206 1641 1324 1677 δηϊόων.
1374 1642 1508 1674 Vossius.

805 1689 931 1720 Theod.
959 1691 1136 1722 Marcilius
1165 1692 1347 1731 legendum
1373 1693 1509 1733 putavit

807 1740 907 1771 mistis
932 1740 1099 1778 funeribus
1133 1741 1267 1779 conferti
1303 1746 1508 1780 cremantur;

809 1790 875 1822 Alii
887 1791 989 1829 justis
1001 1791 1186 1829 funebribus
1209 1791 1368 1831 confectis,
1393 1802 1508 1835 quem-

807 1841 987 1872 admodum
1014 1843 1148 1874 locutus
1176 1846 1230 1874 est
1257 1844 1374 1874 Livius
1400 1853 1426 1875 1.
1454 1847 1508 1876 20.

807 1893 879 1924 Nos
906 1893 1088 1924 lectionem
1115 1893 1276 1925 Codicum
1303 1896 1507 1927 auctoritate

806 1941 982 1974 suffultam
1009 1943 1218 1982 retinemus;
1244 1954 1321 1975 cum
1346 1946 1434 1977 enim
1452 1945 1510 1984 su-

806 2002 880 2024 nem
908 2003 970 2034 per
997 1994 1141 2034 Ellipsin
1167 2000 1244 2035 post
1270 1995 1359 2034 justa
1386 1997 1509 2027 intelli-

806 2048 941 2083 gantur,
968 2049 1005 2076 ut
1029 2045 1162 2076 notavit
1190 2046 1233 2077 G.
1249 2046 1283 2078 J.
1299 2046 1438 2078 Vossius
1464 2047 1507 2078 de

808 2093 1000 2125 Construct.
1029 2105 1059 2126 c.
1079 2098 1110 2126 ὃ.
1137 2095 1224 2126 haud
1249 2096 1453 2135 mirandum,
1479 2097 1507 2128 si

806 2148 934 2184 noster,
950 2154 1043 2175 more
1061 2155 1132 2184 suo,
1146 2145 1320 2177 extulerit.
1345 2147 1509 2178 Similiter

806 2194 909 2225 etiam
928 2195 1064 2226 Curtius
1081 2195 1224 2227 dixisset
1235 2196 1340 2234 justas
1353 2198 1507 2238 exequias,

806 2243 834 2275 si
852 2254 914 2285 per
931 2245 1076 2277 Criticos
1092 2246 1257 2284 licuerat;
1281 2257 1359 2279 nam
1378 2257 1436 2279 111.
1454 2251 1505 2279 12.

807 2298 858 2326 15.
875 2295 932 2327 ubi
948 2296 1050 2337 vulgo
1074 2297 1200 2338 legitur
1223 2298 1380 2339 ‘jamque
1400 2299 1506 2339 justis

805 2345 1044 2379 defunctorum
1060 2348 1260 2388 corporibus
1277 2348 1419 2386 solutis‚’
1437 2349 1506 2379 Ms.

805 2397 982 2429 Petrensis
1012 2403 1049 2430 et
1076 2399 1160 2430 edit.
1206 2399 1350 2430 Merulae
1379 2398 1506 2430 habeut

57 2442 276 2487 frenatosque
299 2451 397 2486 pater
419 2447 540 2477 solatia
561 2446 658 2479 fortis
681 2449 759 2479 Bel·
795 2447 922 2489 J'amque
948 2450 1047 2488 justis
1085 2449 1296 2488 defunctorum
1333 2449 1508 2490 corporibus

56 2494 163 2527 lorum
191 2496 364 2528 mactabat
392 2497 517 2538 equos!
570 2498 639 2529 Sed
667 2499 756 2539 quod

58 2546 241 2578 Vulcanius
285 2548 319 2578 in
366 2548 479 2588 priore
523 2549 625 2580 Statii
673 2549 758 2590 loco,

57 2594 114 2626 ubi
142 2596 266 2638 legitur
295 2598 456 2630 ‘hostiles
486 2608 587 2640 super
618 2600 690 2641 ipse
720 2605 757 2632 ut

58 2643 167 2677 vietor
181 2648 330 2680 acervos'
355 2658 417 2689 pro
439 2653 473 2681 ut
496 2650 700 2682 emendabat
716 2651 755 2690 it,

59 2703 155 2736 nugae
182 2702 286 2730 sunt:
320 2704 354 2729 et
385 2699 413 2730 si
440 2700 474 2731 id
505 2701 662 2742 recipias,
693 2703 755 2733 oti-

60 2752 153 2774 osum
168 2746 233 2778 erit
246 2747 384 2779 verbum
407 2749 534 2780 accubat
560 2751 651 2791 quod
678 2755 755 2792 post

59 2794 222 2836 sequitur.
273 2798 362 2830 Nam
399 2799 448 2832 ait
484 2799 612 2832 Statius
647 2802 755 2843 primo

803 2500 913 2530 solutis
943 2501 1096 2541 exequiis,
1130 2506 1165 2532 et
1196 2501 1242 2531 ita
1272 2499 1505 2541 reponendum

804 2548 964 2581 arbitror.
1009 2551 1118 2582 Dacis.
1177 2551 1322 2582 Ursinus
1359 2549 1506 2590 conjecit

804 2599 906 2630 etiam
934 2610 1008 2632 curn
1039 2601 1154 2642 Lipsio
1175 2600 1374 2639 funebribus,
1402 2605 1505 2640 atque

804 2650 854 2681 ita
891 2650 998 2683 edidit
1033 2652 1199 2693 Scaliger.
1265 2652 1503 2682 Hotomannus

805 2709 879 2732 cum
899 2701 1020 2733 eodem
1043 2703 1168 2734 Ursino
1191 2701 1308 2732 mallet
1330 2700 1444 2731 delere
1467 2699 1505 2729 τὸ

797 2751 972 2789 funeribus.
1017 2753 1141 2793 Neque
1166 2749 1321 2781 defendit
1345 2749 1426 2781 satis
1449 2749 1504 2781 Ci-

805 2803 963 2834 noconius
998 2802 1170 2834 locutione
1206 2799 1380 2832 Ciceronis
1413 2798 1505 2838 justa
