1818 3131
283 170 396 212 1024

282 275 378 306 Vett.
414 274 689 305 eiroumsteterant.
745 275 828 308 Quae
867 276 984 307 Lectio

283 335 378 365 aeque
403 324 481 353 t'erri
509 329 635 363 potest.
661 324 767 355 Clark.
815 324 984 365 inperfec-

284 383 355 406 tum
373 377 461 405 solus
488 375 613 405 retinet
634 374 674 401 dn
701 381 750 406 tot
773 378 854 406 meis
874 376 982 407 Codd.

285 425 456 456 Leidensis
474 425 602 464 primus
623 432 657 456 et
674 426 795 465 Scalig.
812 435 887 456 cum
904 427 983 456 Car-

284 485 348 506 rar.
364 481 401 505 ut
417 474 599 505 ediderunt
615 476 716 506 etiam
741 476 878 507 Vascos.
897 477 983 516 Gry-

283 526 390 566 pliius.
427 525 545 565 Steph.
582 526 702 556 Sti-ada
739 532 773 557 et
812 526 984 566 deincep&

283 575 437 606 Alterum
457 577 571 616 itaque
591 576 754 606 revoc-avi.
791 576 918 607 Contra
935 585 983 606 ιν.

281 628 335 656 26.
357 636 470 665 pancos
482 625 745 656 circumsistebant
765 627 844 656 Mss.
859 635 983 656 omnes.

283 680 319 706 at
335 676 459 707 Clari...
486 676 597 707 Editio
619 677 870 706 circumstabunt.
892 675 931 706 V.
950 681 985 706 et

282 734 331 756 lv.
364 729 415 756 37.
453 735 482 756 ν,
514 729 543 757 7.
570 729 620 756 41.
664 726 756 756 Male
789 726 890 756 etiam
921 723 984 755 Ed.

283 776 394 806 Elzev.
433 777 612 806 aescendere
642 775 778 805 exhibet
811 785 871 814 pro
900 777 986 805 tran·

281 827 432 856 scendere.

326 878 344 905 7
374 875 470 905 Tanta
499 874 599 904 subito
630 874 776 913 malacia]
820 873 910 906 Quid
941 873 986 904 sit

280 926 424 961 malacia,
446 925 547 955 docet
570 925 700 955 Festus.
725 925 733 941 ‘
758 923 916 961 Flustra‚'
939 924 985 955 in-

282 974 367 1015 quit,
390 975 398 990 ¹
416 975 590 1014 dicuntur,
606 984 681 1006 cum
707 975 738 1005 in
765 975 846 1005 mari
864 974 985 1006 fluctus

281 1033 348 1055 non
364 1030 554 1063 moventur,
571 1034 670 1066 quam
694 1025 808 1056 Graeci
830 1025 986 1063 μαλακίαν

281 1074 429 1105 vocant.’
500 1075 597 1105 Hanc
637 1075 805 1115 Sulpicius
842 1076 984 1106 Severus

281 1124 372 1156 Dial.
395 1134 418 1156 1.
443 1128 472 1156 4.
505 1136 536 1165 p.
561 1128 635 1156 381.
671 1130 708 1157 nt
734 1126 825 1156 vocis
850 1126 984 1157 Grmcae

281 1175 349 1206 vim
380 1176 600 1216 exprimeret,
637 1176 841 1206 ‘molliciem
874 1175 984 1206 maris'

281 1225 504 1265 nuncupavit.
530 1226 642 1257 Dacis.
661 1226 702 1256 V.
720 1227 908 1258 Comment.

324 1277 346 1305 9
371 1274 448 1309 Quae
463 1275 582 1314 quidem
598 1284 646 1305 res
660 1275 699 1305 acl
722 1276 878 1313 negotium
894 1277 986 1316 confi.-

282 1326 423 1356 ciendum
436 1325 569 1355 ιηαπὶηιε
577 1324 645 1360 suit
660 1325 844 1365 opportuna]
873 1325 987 1356 Aliter

283 1376 402 1407 Florus
426 1385 480 1406 ιιι.
500 1378 551 1406 10.
578 1376 586 1391 ‘
604 1376 688 1405 Cum
716 1375 858 1406 Venetis
886 1376 987 1406 etiam

284 1427 400 1456 navale
417 1426 556 1463 bellum,
568 1425 628 1455 sed
643 1425 747 1465 major
757 1435 832 1455 cum
848 1425 987 1456 Oceano

283 1486 384 1517 quami
410 1485 484 1506 cum
505 1474 586 1514 ipsis
611 1475 753 1505 navibus
777 1475 986 1506 rixa—Ha»-

283 1525 382 1556 rebat
401 1525 434 1556 in
453 1525 548 1555 vadis
574 1534 699 1564 pugna,
723 1535 824 1564 quum
849 1525 987 1556 aestibns

283 1575 392 1606 <olitis
407 1585 481 1606 cum
506 1575 579 1614 ipso
600 1575 783 1605 certamine
801 1575 987 1606 subductus

283 1626 442 1657 Oceanus
459 1624 672 1655 intercedere
690 1625 777 1655 bello
795 1624 987 1656 videretur?

283 1676 384 1707 Hunc
421 1680 534 1706 autem
572 1675 771 1713 scriptorem
809 1675 988 1715 insigniter

282 1735 355 1757 esse
371 1725 500 1765 lapsum
518 1734 594 1755 cum
612 1734 665 1755 res
682 1724 755 1764 ipsa
769 1725 905 1763 clamat,
917 1729 987 1756 tum

282 1786 325 1807 ex
354 1775 474 1806 Dionis
501 1776 522 1805 1.
548 1782 675 1805 xxxix.
704 1784 736 1814 p.
756 1777 828 1805 110.
854 1775 987 1806 abunde

285 1832 391 1868 patet.
425 1826 537 1858 Darae.

327 1878 468 1909 fllaoeime
494 1878 557 1909 suit
580 1879 764 1918 obportuna]
791 1880 869 1910 Non
893 1889 985 1920 sper-

283 1928 396 1959 nenda
419 1938 497 1958 sane
523 1933 573 1959 ost
601 1929 702 1959 lectio
730 1929 896 1959 Mstorum
924 1930 987 1960 Ur-

283 1979 358 2017 sini,
374 1979 489 2018 Cujac.
508 1978 632 2009 Andin.
646 1979 740 2010 Leid.
754 1979 864 2019 primi,
877 1979 986 2011 Oxon.

282 2033 318 2060 et
343 2029 464 2068 scalig.
491 2029 716 2066 iriatxin11esuie
740 2029 986 2069 obportunitati:

284 2083 320 2109 nt
345 2088 434 2118 saepe
458 2089 569 2117 magno
593 2079 660 2109 usui
684 2089 756 2110 esse.
803 2079 925 2110 Frandi
951 2079 986 2109 li-

283 2128 404 2160 brariis
421 2129 555 2159 videtur
579 2128 692 2167 fnisse,
715 2128 805 2169 quod
822 2129 984 2169 scriptum

283 2179 475 2209 invenerint
493 2179 634 2210 maxime.

327 2231 368 2258 12
390 2228 438 2259 Ab
466 2230 538 2258 horu
556 2229 679 2269 quarm]
710 2230 822 2261 Gra‘c.
853 2229 883 2267 ἐξ
909 2230 985 2269 ὥρας

283 2277 440 2318 τετάρτης.
468 2280 545 2309 M—s.
562 2286 595 2309 vt
615 2279 766 2319 plerique
791 2279 894 2317 Editi,
910 2281 984 2310 hora

284 2329 356 2359 fere
371 2332 491 2368 quartu.
520 2330 625 2358 Flnrlc.
652 2328 877 2366 Aihlidiscre:
895 2330 984 2369 quod

283 2379 489 2410 solummodo
521 2379 656 2408 videtur
692 2389 869 2418 operarum
902 2380 984 2411 vitio

283 2439 324 2460 ex
341 2428 495 2459 Editioueo
515 2428 819 2459 ·xn»-tolaeda111ensi
834 2428 876 2460 Α.
892 2433 983 2461 1697.

285 2478 458 2510 excidisse.
495 2478 628 2508 Priores
646 2479 744 2515 enim,
763 2479 850 2519 quod
868 2480 983 2519 sciam,

285 2539 401 2562 omnes
417 2539 491 2559 cnm
511 2530 591 2558 Mss.
609 2529 740 2559 cunctis
759 2535 956 2567 agnosvunt.

328 2587 403 2610 xw.
420 2582 460 2610 10
479 2579 621 2618 Reliquam
636 2579 691 2608 sub
705 2589 813 2609 coronat
830 2580 983 2620 vendidit]

284 2629 382 2660 Bello
405 2636 522 2668 captos
551 2629 714 2666 coronari,
732 2635 831 2668 atque
858 2630 906 2660 ita
932 2640 984 2661 ve-

285 2678 438 2709 numdari
454 2679 560 2709 solere
578 2683 611 2708 et
627 2679 723 2716 Cato,
738 2683 774 2708 et
789 2688 831 2708 ex
850 2689 888 2709 co
905 2680 984 2710 Gel-

281 2727 360 2768 lius,
391 2727 570 2759 tradidere.
616 2727 680 2759 lile
704 2728 736 2758 in
763 2728 851 2759 libro
877 2728 918 2759 dc
947 2739 983 2760 re

741 180 883 210 NOTAE
924 180 1186 213 VARIORUM
1230 181 1278 212 ΙΝ

1035 277 1184 315 militari,
1213 277 1267 308 hic
1297 276 1400 308 Noct.
1430 275 1577 308 Atticar.
1608 285 1671 310 vn.
1702 278 1735 309 4.

1039 326 1270 357 flotam-..nnus
1302 332 1414 357 tamen
1442 326 1595 367 quamvis
1633 327 1667 358 in
1698 336 1736 359 re

1035 375 1213 406 manifesta
1242 386 1343 406 novas
1374 376 1588 415 conjerturas
1613 375 1738 414 adfert,

1036 425 1181 462 scilicet,
1209 435 1323 456 servos
1349 425 1382 455 in
1411 426 1526 455 orbem
1555 425 1738 465 dispositos

1035 473 1148 511 fuisse,
1164 485 1228 515 quo
1246 474 1377 505 facilius
1403 476 1443 505 ab
1465 475 1649 506 emtoribus
1663 485 1741 507 eon-

1036 523 1174 553 siderari
1207 529 1355 562 possent.
1404 524 1487 560 Euo,
1518 525 1651 555 etiamsi
1684 534 1741 556 ve-

1037 577 1127 603 teres
1155 572 1236 603 nihil
1267 574 1329 603 hac
1365 573 1406 603 de
1435 584 1470 605 re
1504 574 1740 614 prodidissent,

1036 627 1147 653 tamen
1157 623 1362 663 justissimus
1385 633 1437 654 me
1464 625 1587 655 lmbere
1606 634 1741 655 caussas

1036 679 1205 712 putarem,
1236 682 1295 702 cur
1323 674 1471 712 ineptam
1498 674 1583 705 hanc
1610 674 1742 714 opinio-

1036 731 1111 752 nem
1129 722 1289 753 dicerem.
1328 723 1441 753 Primo
1457 724 1543 753 enim
1561 724 1741 755 confundit

1035 772 1136 803 orbem
1159 782 1235 803 cum
1259 783 1384 804 corona.-
1406 774 1439 803 in
1465 773 1567 804 orbem
1586 778 1670 806 stare
1693 773 1743 806 di-

1036 828 1171 861 cuntur,
1201 823 1258 864 qui
1291 823 1470 854 rotundum
1505 825 1642 863 globum
1681 833 1742 856 sua

1035 874 1254 905 multitudine
1271 872 1409 904 faciunt.
1441 874 1591 904 Coronam
1599 874 1741 916 seiciunt,

1036 925 1093 965 qui
1110 925 1268 965 aliquem,
1288 924 1339 954 vel
1360 923 1487 964 aliquid
1505 925 1742 956 circumstant.

1038 976 1159 1016 Neque
1186 974 1248 1005 hoc
1274 983 1333 1014 pro
1358 974 1415 1004 illo
1436 983 1577 1015 usquam
1603 983 1743 1016 usurpa-

1037 1030 1107 1056 tum
1123 1024 1205 1056 scio.
1255 1025 1375 1054 Corona
1391 1033 1524 1064 semper
1541 1024 1582 1055 de
1607 1024 1671 1055 illis
1696 1025 1744 1055 di·

1037 1076 1139 1114 citur,
1157 1075 1213 1116 qni
1227 1075 1367 1115 cingunt
1385 1075 1435 1105 vel
1450 1075 1580 1113 urbem,
1596 1075 1647 1106 vel
1664 1084 1742 1106 con-

1036 1127 1240 1164 cionantem,
1256 1131 1315 1156 aut
1334 1126 1401 1156 tale
1427 1126 1518 1166 quid.
1567 1126 1662 1157 Orbis
1682 1126 1742 1168 (de

1036 1176 1157 1207 militia
1174 1177 1309 1217 loquor)
1325 1177 1365 1205 de
1384 1177 1462 1214 illis,
1487 1176 1543 1217 qni
1562 1177 1744 1216 cinguntur

1037 1227 1080 1258 ab
1096 1226 1180 1257 aliis.
1226 1226 1404 1256 Praeterea
1427 1226 1454 1256 si
1478 1226 1511 1256 in
1535 1227 1652 1257 orbem
1677 1231 1743 1258 sta·

1039 1277 1122 1307 bant
1153 1277 1252 1315 servi,
1283 1285 1387 1316 quare
1428 1276 1512 1307 dicti
1545 1277 1601 1307 sub
1631 1286 1743 1308 corona

1038 1326 1165 1357 venire.
1215 1327 1301 1357 Nam
1319 1326 1373 1356 sub
1390 1326 1493 1364 hana,
1510 1335 1661 1358 caussam
1686 1328 1743 1358 ha-

1039 1375 1111 1416 bet,
1137 1386 1213 1407 cnm
1243 1376 1305 1407 sub
1331 1386 1403 1407 eam
1435 1377 1630 1409 transirent.
1674 1378 1741 1410 Sed

1037 1427 1186 1468 ineptire
1212 1428 1467 1459 Hotomannum
1494 1429 1569 1460 luce
1604 1429 1740 1462 clarius.

1039 1477 1085 1508 Et
1102 1477 1155 1508 vel
1180 1478 1334 1517 vulgatus
1359 1478 1527 1518 hodieque
1543 1488 1614 1509 mos
1630 1484 1744 1511 osten-

1039 1527 1112 1566 dat,
1135 1537 1200 1568 quo
1229 1528 1403 1558 venalibus
1434 1538 1559 1559 corona
1590 1529 1742 1570 appendi

1039 1577 1135 1607 solet.
1182 1576 1343 1607 Arbitror
1368 1587 1501 1618 quoque
1518 1588 1633 1610 servos
1649 1579 1743 1620 olim,

1040 1626 1066 1656 si
1091 1635 1154 1657 non
1171 1635 1286 1656 omnes
1303 1626 1444 1656 distrahi
1461 1627 1581 1658 eodem
1605 1627 1660 1660 die
1683 1638 1743 1669 po-

1039 1681 1166 1716 terant,
1186 1678 1331 1709 inclusos
1353 1677 1455 1709 fnisse
1482 1679 1618 1720 publico
1643 1680 1744 1712 alicui

1039 1728 1125 1766 loco,
1141 1732 1175 1758 et
1192 1738 1388 1768 suspensam
1415 1739 1484 1769 prae
1507 1729 1633 1761 foribus
1649 1740 1744 1762 coro-

1038 1786 1127 1815 nam,
1145 1787 1219 1817 qnae
1244 1777 1368 1809 indicio
1385 1784 1489 1815 esset,
1509 1780 1637 1812 venalia
1653 1781 1743 1812 intus

1039 1828 1208 1867 mancipia
1225 1828 1352 1858 haberi.
1395 1830 1528 1859 Vossius.

1082 1887 1171 1909 xvn.
1185 1882 1206 1909 6
1228 1879 1367 1918 Aulerci,
1397 1879 1596 1922 Eburovices]
1614 1882 1744 1923 Legen-

1039 1929 1118 1958 ‹lum
1136 1929 1320 1959 ostendunt
1345 1929 1415 1959 viri
1440 1929 1544 1967 docti,
1565 1931 1744 1972 Cellarius,

1042 1979 1215 2019 Brantius,
1229 1981 1291 2010 ἃς.
1314 1979 1441 2010 Aulerci
1456 1979 1656 2021 Eburovices,
1671 1979 1743 2012 sine

1040 2028 1271 2067 distinctione,
1288 2033 1325 2059 ut
1350 2030 1393 2060 sit
1415 2039 1499 2059 unus
1527 2030 1661 2062 scilicet
1684 2041 1743 2072 po-

1039 2079 1148 2117 pulns.
1189 2079 1295 2109 Clark.
1356 2079 1496 2110 Monent
1537 2080 1569 2110 id
1607 2091 1741 2122 quoque

1038 2128 1240 2166 Glareanus,
1275 2128 1429 2165 Ursinus,
1461 2133 1497 2159 et
1521 2129 1741 2170 Ciacconius;

1036 2187 1145 2217 neque
1161 2178 1260 2208 aliter
1273 2184 1325 2209 est
1342 2180 1374 2208 in
1393 2180 1475 2209 Mss.
1491 2180 1743 2212 vetustioribus.

1039 2227 1129 2258 Hinc
1146 2229 1258 2259 malim
1276 2239 1410 2269 quoque
1427 2238 1493 2261 vn.
1510 2233 1560 2261 76.
1584 2231 1742 2272 Lexoviis,

1036 2277 1179 2308 Aulercis
1206 2278 1437 2319 Eburovicibus,
1453 2280 1564 2321 Vulgo
1587 2281 1740 2313 Eburoni-

1039 2327 1104 2359 bus.

1082 2382 1120 2409 10
1146 2379 1352 2419 Convenerat]
1382 2379 1507 2411 Lovan.
1524 2379 1684 2421 Gottorp.
1703 2385 1739 2412 et

1038 2434 1182 2470 quatuor
1199 2430 1252 2460 alii
1271 2440 1345 2461 cum
1363 2429 1448 2461 Edd.
1470 2431 1565 2461 Rom.
1587 2430 1738 2471 Incerta,

1039 2480 1178 2511 Mediol.
1198 2481 1282 2510 Ven.
1299 2483 1510 2511 com-onerant.
1533 2481 1736 2513 Verissime:

1036 2533 1081 2562 sic
1101 2535 1183 2563 11.6.
1207 2533 1214 2547 ‘
1234 2532 1344 2564 Quum
1370 2536 1463 2562 tanta
1487 2532 1670 2564 multitudo
1692 2533 1738 2564 la-

1037 2581 1133 2621 pides
1174 2590 1211 2611 ac
1254 2581 1322 2610 tela
1361 2581 1593 2620 conjicerent!
1621 2591 1656 2613 v.
1685 2585 1737 2615 27.

1036 2634 1045 2648 ‘
1064 2631 1241 2662 Haberent
1280 2630 1310 2660 iu
1350 2641 1384 2661 se
1416 2631 1502 2670 juris
1541 2631 1736 2664 multitudo’

1035 2680 1187 2710 Vossian.
1211 2679 1305 2720 prim.
1330 2680 1421 2711 Hirt.
1449 2681 1488 2711 B.
1511 2680 1607 2713 Alex.
1632 2692 1661 2714 c.
1678 2685 1734 2713 23.

1033 2731 1042 2747 ‘
1061 2729 1273 2762 Multitudini
1300 2740 1373 2761 esse
1402 2730 1644 2772 inpedimento,
1665 2741 1731 2774 quo
