1818 3131
384 197 867 240 iun.v.0AP.33.nn
904 211 1056 240 nunno
1088 211 1315 241 GALLuff»

126 303 294 335 Arnobius
317 305 340 336 l.
357 313 381 336 ¹.
410 314 443 345 p.
468 305 520 335 26.
540 303 550 319 ‘
567 301 633 332 Sed
657 301 821 331 conceda-

126 364 197 384 iuus
209 355 388 394 interdum,
405 362 536 385 manum
552 351 676 382 vestris·
692 351 820 391 opinio-

126 406 223 436 nibus
249 405 393 444 ‹tantos,’
410 408 472 435 διε.
519 401 703 441 Usurpavit
720 400 819 432 etCi-

124 465 214 495 cere,
230 466 304 487 cum
323 456 370 485 ait
400 454 441 484 de
469 452 634 483 amicitia:
650 451 658 468 ‘
677 451 741 483 Qui
756 451 820 481 liti-

123 516 202 545 gare
219 516 253 536 se
269 506 425 547 simulans
447 502 642 534 blandiatur
658 507 759 543 atque
777 502 818 532 a‹l

125 560 311 586 extremum
338 554 395 585 (let
415 553 554 584 manus!
600 554 682 583 Erat
705 556 819 583 autem

124 604 179 635 ille
195 614 264 635 mos
279 604 524 642 dedititiorum,
536 603 593 634 sed
608 603 651 634 de
666 603 730 634 illis
743 613 818 644 pro-

121 654 193 694 prie
223 655 349 686 (licitur
387 656 510 686 tendere
540 664 658 685 mamas.
719 654 818 685 Unde

121 703 235 735 Caesar
259 713 321 734 vn.
339 707 391 735 40.
409 705 418 721 ‘
433 703 574 735 Litavici
600 702 718 733 fraude
743 713 817 743 per-

120 758 241 794 specta
256 754 353 784 AEdui
372 764 487 785 manus⁴
506 754 658 792 tendere,
676 759 710 785 ct
726 754 819 785 dedi-

120 804 245 835 tionem
261 805 463 845 signilicare,
476 810 510 836 et
536 805 696 845 projectis
718 805 817 835 armis

117 848 258 886 mortem
275 856 451 896 deprecari
481 856 648 896 incipiunt
666 855 686 886 :⁹
725 856 816 887 Zosi-

118 913 190 935 mus
206 905 226 936 1.
256 914 296 936 ιι.
319 904 456 936 πολλοὺς
478 904 510 936 δὲ
542 905 657 946 ζωγρῖα
680 906 759 936 ἑλὼν
778 905 816 936 τὸ

115 955 308 996 περιλειφθὲν
322 958 437 993 πλῆθος
449 958 553 997 χεῖρας
567 957 726 987 ἆνατεῖναν
739 956 816 996 ἐδέξ-

116 1015 182 1035 ατο.
229 1005 362 1037 Vossius.
420 1007 455 1037 Si
483 1007 621 1047 hujusce
652 1008 813 1047 phrasews

116 1054 211 1094 plura
245 1054 416 1086 desideres
448 1057 616 1097 exempla,
646 1058 812 1089 adeundae

116 1104 433 1136 Cl1.Cellariinotae
461 1106 502 1136 ad
531 1107 631 1138 Corn.
665 1108 811 1148 Nepotis

114 1153 259 1185 Hamilc.
284 1164 316 1185 c.
340 1158 369 1185 1.
393 1158 424 1186 4.
449 1156 560 1187 Dat-is.
605 1156 645 1187 In
676 1156 811 1188 Andino

115 1204 272 1236 scribitur
299 1200 464 1246 'per-motas,
495 1211 532 1238 ut
556 1207 685 1238 dictum
719 1212 811 1239 essct

113 1263 151 1285 ac
173 1255 269 1286 rictas
295 1266 402 1287 manus
427 1257 520 1288 dare.-
542 1257 630 1298 quod
650 1256 809 1299 frequens

114 1306 204 1345 apud
243 1307 379 1339 Poe'tas.
444 1307 492 1339 At
518 1309 552 1338 in
595 1308 727 1340 Caesare
762 1310 809 1340 nil

113 1361 222 1386 mutes
241 1367 249 1393 3
275 1356 337 1387 nisi
351 1357 444 1388 malis
457 1368 581 1388 manum
605 1359 809 1390 auctoritate

114 1406 334 1447 antiquissimi
360 1408 593 1449 Bongarsiani.
638 1408 678 1439 In
701 1409 810 1449 siugu-

110 1457 171 1487 lari
199 1458 269 1488 darc
307 1468 428 1489 manum
452 1469 518 1489 non
547 1469 624 1491 raro
647 1460 810 1491 occurrit.

111 1508 272 1540 Variatur
288 1508 320 1539 in
342 1510 424 1541 Mss.
442 1519 574 1551 quoque
601 1511 633 1540 in
661 1511 808 1551 Nepotis

110 1558 184 1588 loco
201 1567 261 1598 per
276 1559 450 1591 Davisium
477 1560 582 1591 citato
597 1561 671 1591 victi
687 1571 809 1592 manum

107 1608 280 1639 dedissent:
304 1609 360 1640 ubi
378 1609 454 1640 vide
480 1610 669 1642 Comment.
690 1621 807 1651 permo-

109 1661 174 1688 tum
203 1663 256 1689 est
287 1659 319 1689 in
350 1659 447 1691 Voss.
486 1670 552 1691 sec.
589 1661 658 1691 Cur
693 1666 806 1692 autem

110 1707 265 1739 Clarkius
295 1709 445 1740 ordinem
471 1710 667 1749 mutaverit,
695 1711 807 1742 edide-

109 1757 221 1798 ritque
235 1760 288 1789 dat
306 1769 413 1789 munus
425 1759 517 1789 Cotta
528 1764 696 1799 permotus,
719 1760 804 1791 scire

108 1807 232 1846 velim;
257 1808 318 1839 nisi
343 1807 524 1840 offenderit
554 1818 629 1840 eum
646 1814 806 1850 permotus

108 1867 236 1889 manus:
258 1858 313 1890 cui
360 1859 446 1890 malo
483 1859 610 1900 optime
647 1861 803 1892 medetur

106 1908 213 1949 Bong.
235 1919 369 1941 manum.
415 1909 483 1941 Alii
509 1911 666 1942 Editores
685 1922 803 1951 permo—

104 1962 156 1990 tus
166 1959 268 1991 etiam
286 1961 398 1992 locant
415 1965 492 2001 post
513 1971 642 1993 manus:
664 1967 700 1993 et
723 1963 802 2003 jun-

107 2013 191 2048 gunt
227 2019 304 2040 cum
339 2011 508 2051 superiores
552 2015 672 2042 contra
717 2012 801 2044 Mss.

107 2058 205 2090 immo
222 2061 352 2091 exsulat
365 2060 398 2091 id
422 2061 637 2102 participium
654 2062 801 2094 aDuke-

106 2116 207 2139 riano.

145 2159 165 2187 8
187 2158 297 2189 Prima
333 2161 396 2190 luce
432 2161 543 2202 ituros]
594 2162 798 2194 Temen-ariae

106 2210 182 2236 sunt
196 2207 401 2248 conjecturae
416 2209 543 2250 Ursini,
561 2221 600 2242 ac
616 2212 800 2253 Ciacconii,

105 2265 244 2296 quorum
272 2257 325 2289 hic
352 2259 413 2289 iter
439 2260 577 2301 corrigit
605 2271 665 2302 pro
689 2263 799 2303 ituros,

100 2306 158 2338 ille
175 2317 194 2338 e
209 2309 378 2340 veteribus
393 2310 631 2342 Grammaticis
647 2316 713 2343 tam
729 2313 796 2353 hic,

102 2366 200 2397 quam
219 2367 294 2389 mox
314 2364 349 2390 et
371 2359 448 2391 alibi
468 2361 569 2401 primo
585 2362 656 2393 luci.
699 2364 799 2395 Uter-

101 2417 164 2448 que
180 2413 299 2439 contra
317 2410 400 2441 Mss.
416 2420 531 2442 omnes
544 2413 656 2452 libros,
672 2413 799 2445 Caesar-

101 2457 193 2499 isque
206 2464 406 2499 perpetuam
426 2461 656 2502 simplicitate.
687 2464 798 2495 Prima

99 2509 176 2548 luce,
203 2512 302 2549 nocte,
328 2511 430 2550 primo
463 2521 587 2553 vespere
615 2513 796 2554 aliquoties

98 2556 184 2590 dicit
212 2565 331 2592 auctor
352 2567 479 2594 noster.
523 2562 612 2594 Vide
636 2563 678 2594 ad
700 2573 724 2594 1.
741 2566 794 2595 27.

99 2609 232 2640 vn.62.

144 2659 182 2687 11
219 2659 332 2691 Omm'u
357 2662 588 2703 excogitantur,
616 2674 711 2704 quare
740 2674 795 2696 nec

99 2705 164 2736 sine
171 2708 319 2750 periculo]
349 2711 425 2743 Hoc
453 2717 518 2754 est,
533 2714 580 2744 ita
601 2723 636 2745 se
660 2719 794 2755 gerunt,

100 2755 196 2798 quasi
216 2757 252 2789 id
273 2768 411 2802 operam
432 2763 527 2805 dent,
544 2774 593 2798 ne.
609 2765 681 2797 sine
705 2766 793 2807 peri-

1459 201 1571 242 1109

871 303 958 339 culo,
981 307 1044 335 [vc.
1090 304 1302 335 Contrarium
1331 312 1464 334 sensum
1493 314 1570 344 pro-

872 354 967 384 cudit
999 355 1263 395 metaphrastes,
1292 355 1347 395 qui
1383 355 1444 386 hoc
1469 355 1569 386 modo

872 403 979 433 locuni
996 405 1116 435 vertit:
1142 406 1232 435 παντὶ
1255 405 1356 445 τρὶπῳ
1379 404 1410 435 δὲ
1426 403 1570 445 προενόη-

870 463 929 482 σαν
938 452 1026 491 ὅμως,
1035 454 1113 485 ὅπως
1124 455 1200 492 μήτε
1211 455 1352 493 μένοντες
1366 455 1569 497 κινδυνεύωσι,

868 501 945 540 μήτε
961 503 1134 540 καμνόντων
1164 507 1203 545 τῇ
1226 505 1375 545 ἀγρυπνίᾳ
1401 508 1461 537 τῶν
1476 519 1568 546 στρα-

867 555 983 583 τιωτῶν
1005 555 1021 583 ὖ
1039 554 1137 584 κοινὸς
1162 554 1295 586 κίνδυνος
1313 557 1436 597 αὐξηθῇ.
1481 558 1567 588 Tan·

869 614 966 644 quam
990 604 1023 634 in
1047 614 1107 635 suo
1138 605 1262 636 Codice
1292 607 1430 641 legisset
1464 608 1568 642 Quare

868 657 897 684 et
918 655 984 685 sine
996 655 1131 695 periculo
1158 659 1329 695 maneatur,
1347 666 1397 686 nec
1421 659 1566 697 languore

868 705 1012 745 militum,
1043 709 1106 736 &cn
1165 707 1291 737 Contra
1325 716 1394 737 rem
1435 709 1564 748 imam:

868 754 952 786 adeo
972 759 1008 786 ut
1026 756 1077 786 vol
1091 756 1177 787 libro
1200 756 1321 787 vitioso
1340 767 1418 787 usus
1436 760 1492 795 sit,
1511 760 1563 789 vel

867 806 1015 836 auctoris
1059 811 1206 837 mentem
1235 816 1299 837 uon
1342 807 1566 839 intellexerit.

866 848 976 878 Daris.

909 908 1027 931 xxxii.
1062 903 1080 930 3
1117 900 1296 940 Obportuno
1323 903 1414 940 utque
1446 902 1560 932 occulto

866 951 940 991 luco]
961 951 1011 982 [ta
1028 951 1128 982 etiam
1143 952 1285 982 Graecus
1302 956 1336 982 et
1353 952 1435 982 Mss.
1454 957 1564 983 vetiu-

865 1001 981 1032 tiores.
1015 1000 1081 1031 Sed
1096 1002 1316 1032 attentionem
1331 1006 1443 1033 tamen
1457 1012 1564 1033 mere-

864 1054 918 1081 tur
934 1051 1034 1082 lectio
1060 1051 1168 1082 Codd.
1193 1051 1381 1081 Dukeriani
1404 1056 1439 1082 et
1467 1052 1564 1085 Leid.

862 1100 1001 1131 secundi
1031 1106 1133 1141 atque
1163 1101 1249 1132 Edd.
1284 1103 1382 1132 Rom.
1419 1102 1561 1134 Mediol.

862 1149 948 1181 Ven.
982 1151 1147 1191 obportuno
1185 1151 1310 1182 consilio
1337 1155 1426 1192 atque
1447 1154 1562 1184 occulto

859 1201 934 1231 loco.
979 1200 1064 1233 Quae
1082 1201 1183 1232 habet
1208 1212 1284 1233 suas
1301 1203 1382 1233 satis
1398 1203 1561 1234 Veneres.

904 1255 1074 1287 xxxnnss
1101 1252 1481 1294 Trepida1·e,c0ncursare]
1503 1254 1560 1285 Sic

859 1303 925 1334 Ms.
942 1303 1026 1343 Reg.
1042 1302 1120 1342 Alii,
1137 1304 1238 1344 paulo
1250 1304 1359 1335 minus
1370 1305 1558 1345 eleganter,

858 1353 1014 1393 trepidare
1029 1358 1065 1384 et
1079 1364 1266 1385 concursare.
1285 1355 1393 1385 Clark.
1431 1355 1558 1387 Omnes

859 1405 963 1434 etiam
979 1404 1045 1435 mei
1062 1404 1214 1436 inserunt
1230 1408 1270 1436 et.
1332 1405 1556 1436 Nihilominus

860 1454 1034 1485 Clarkium
1050 1455 1105 1485 hic
1122 1459 1255 1485 secutus
1274 1465 1357 1485 sum.

901 1508 918 1537 3
942 1506 1045 1547 Atque
1059 1510 1092 1537 ut
1104 1517 1171 1537 eum
1186 1506 1329 1549 deficere]
1342 1507 1452 1538 Oxon.
1464 1511 1557 1548 utque

857 1557 886 1587 ei
899 1558 930 1588 (1.
958 1557 1130 1589 Leidensis
1147 1559 1248 1589 etiam
1267 1559 1393 1599 primus
1417 1559 1556 1590 exhibet

856 1607 896 1638 ei.
941 1607 1029 1638 Vide
1052 1613 1217 1647 congesta
1232 1608 1274 1638 ad
1298 1616 1352 1639 111.
1377 1612 1408 1639 5.
1433 1610 1441 1625 ‘
1457 1609 1554 1640 Vires

857 1662 892 1688 et
906 1657 974 1688 tela
989 1657 1113 1689 uostris
1134 1657 1341 1689 deficerent!

898 1710 918 1738 9
943 1708 1104 1748 Quumque
1136 1711 1263 1748 propter
1287 1708 1322 1749 1.]
1363 1709 1449 1740 Mss.
1481 1708 1554 1740 fere

856 1767 982 1797 omneS,
1005 1762 1041 1789 et
1065 1758 1152 1789 Edd.
1170 1758 1299 1799 primae,
1313 1769 1405 1798 quum
1422 1760 1493 1791 sine
1515 1758 1553 1789 τὸ

853 1817 918 1847 que.
942 1809 1052 1848 Bong.
1084 1817 1151 1839 sec.
1173 1811 1203 1838 et
1229 1819 1329 1848 quum.
1390 1809 1431 1840 In
1457 1810 1552 1842 Leid.

853 1858 961 1898 primo
976 1859 1054 1898 quod
1069 1868 1172 1898 quum.
1211 1858 1293 1889 Fors
1307 1857 1410 1890 fuerit
1429 1859 1550 1900 Quoad,

852 1918 945 1949 quum
967 1911 1108 1949 propter.

896 1961 933 1990 11
961 1959 1086 1998 Quoque
1101 1958 1179 1999 loco]
1213 1958 1439 1991 Recentiores
1463 1961 1550 1991 Mss.

852 2009 1126 2040 Duker.Dorvil.
1139 2015 1175 2041 et
1189 2010 1282 2041 Leid.
1293 2020 1362 2042 sec.
1374 2021 1448 2042 cum
1461 2011 1549 2043 Edd.

853 2060 948 2091 Rom.
972 2059 1067 2091 Med.
1096 2060 1183 2091 Ven.
1209 2071 1345 2101 quoquo,·
1368 2066 1406 2092 ut
1424 2063 1550 2102 passim

851 2110 1001 2140 occurrit
1029 2112 1244 2151 quoquomodo,
1283 2115 1427 2152 tempore,
1445 2115 1550 2152 pacto,

850 2162 914 2192 διο.
959 2160 1025 2192 Sed
1049 2166 1086 2192 et
1119 2161 1245 2202 quisque
1272 2163 1459 2202 sa‘pissime
1487 2173 1548 2204 pro

849 2221 964 2252 quoquo
980 2221 1040 2242 seu
1063 2212 1202 2252 singulis
1226 2212 1409 2244 invenitur.
1460 2213 1548 2244 Vide

849 2262 892 2293 ad
915 2272 940 2293 1.
971 2266 1023 2294 39.
1075 2263 1188 2295 Quare
1215 2263 1402 2294 veteriores
1445 2264 1548 2304 pluri·

849 2322 988 2355 mosque
1012 2313 1120 2345 Codd.
1144 2323 1279 2354 sequor.
1317 2314 1444 2345 Eadem
1470 2323 1548 2345 con-

848 2362 934 2395 fusio
957 2373 1022 2395 vn.
1045 2367 1098 2395 83.
1132 2364 1142 2380 ‘
1159 2363 1263 2403 Quid,
1290 2373 1422 2405 quoque
1445 2370 1545 2405 pacto

848 2413 901 2454 agi
925 2414 1090 2454 placeat:'
1114 2413 1170 2445 ubi
1186 2414 1306 2454 optimi
1329 2414 1451 2455 quique
1473 2425 1546 2455 quo-

847 2473 917 2503 quo.
963 2463 1031 2495 Adi
1051 2464 1143 2495 Cort.
1171 2464 1212 2494 ad
1236 2464 1375 2495 Sallust.
1399 2465 1440 2496 Β.
1468 2465 1544 2496 Cat.

847 2523 878 2545 c.
893 2516 942 2546 13.
955 2514 964 2532 ‘
982 2515 1072 2547 Quid
1088 2525 1225 2556 quoque
1248 2515 1348 2546 modo
1364 2514 1543 2546 audierat!

889 2567 928 2595 12
952 2564 1172 2605 Pronunciari]
1210 2567 1373 2605 Bongars.
1397 2575 1448 2606 pr.
1473 2574 1542 2596 sec.

846 2614 967 2647 Petav.
1013 2615 1167 2646 vossiani
1210 2625 1339 2653 omnes,
1377 2614 1544 2655 Egmund.

845 2665 940 2697 Leid.
955 2675 1007 2706 pr.
1025 2666 1136 2697 Oxou.
1155 2670 1191 2697 et
1209 2671 1276 2696 tres
1301 2665 1356 2695 alii
1374 2665 1457 2695 dant
1472 2674 1544 2704 pro-

842 2716 988 2748 nunciare
1000 2726 1076 2748 cum
1099 2716 1162 2747 Ed.
1180 2716 1329 2746 Incerta.
1373 2714 1473 2747 Quod
1495 2714 1541 2746 ob

843 2766 1150 2808 antiquissimorum
1172 2764 1279 2797 Codd.
1302 2764 1540 2801 auctoritatem
