1818 3131
235 231 347 274 1338

235 335 537 373 constructionem,
582 345 649 376 qua
678 336 745 366 (luo
777 335 930 367 Genitivi

238 387 294 418 uni
323 387 509 426 jungantur
545 386 771 424 substantivo,
799 386 930 417 ostendi

234 438 275 468 ad
304 437 344 467 Β.
363 436 452 467 Gall.
471 444 495 466 1.
514 438 566 466 30.
601 438 609 452 ‘
630 436 861 467 Helvetiorum
886 437 931 466 in-

228 486 333 526 jurias
351 486 465 526 populi
485 486 651 517 Romani!
696 487 807 518 Multo
823 488 930 517 minus

232 537 398 567 accedere
425 546 556 577 possum
589 538 770 568 Ciacconio
802 537 929 577 legenti

224 586 294 623 J'ud.
324 589 434 624 metus,
470 590 571 626 atque
607 587 805 626 exponenti,
841 587 930 627 quod

232 635 346 675 Scipio
378 636 578 676 speraverit,
613 638 780 667 (lausai-em
807 637 932 676 judici-

233 694 327 716 orum
357 686 420 716 sibi
447 691 539 717 metu
571 687 796 725 adulatur-um,
829 692 863 717 et
896 697 930 717 se

234 740 315 766 tunc
344 735 390 766 illi
417 737 559 768 maxime
588 743 838 768 ostentaturum
855 747 929 767 cum

233 785 427 825 potentibus
441 786 652 827 quibusdam,
665 787 730 828 qui,
744 793 829 823 &eq
851 795 931 826 quo-

232 835 331 867 modo
349 837 504 868 Pisonem
524 838 644 868 Cicero
661 841 760 867 vocat
783 837 791 852 ‘
807 836 931 876 judici-

231 895 325 916 orum
367 892 457 917 metu
491 887 697 926 horrentem,
734 886 930 917 adulantem

231 936 407 966 omuibus?
453 936 687 967 Hotomannus
713 945 803 975 vero,
833 945 931 976 quor-

229 993 302 1015 sum
349 986 513 1016 ostentatio
550 990 710 1026 potentum
752 987 931 1027 pertineat,

231 1034 398 1073 nesciens,
420 1037 594 1067 adsentatio
610 1037 821 1077 conjiciebat.
863 1037 930 1067 Sed

234 1084 314 1125 quid
341 1090 411 1116 tum
429 1085 544 1118 differt
560 1088 697 1118 adulatio
723 1088 764 1118 ab
790 1089 931 1118 adsenta-

231 1134 324 1166 tione.
373 1136 518 1167 Manutii
537 1139 704 1177 expositio
722 1138 877 1176 maxime,
895 1142 932 1168 ut

233 1184 315 1222 dixi,
340 1186 464 1224 placet,
497 1191 532 1217 et
559 1187 713 1226 congruit
743 1197 818 1217 cuin
849 1188 929 1217 Mss.

233 1244 374 1275 quorum
392 1236 570 1267 lectionem
586 1238 752 1268 revocavi.
793 1237 932 1268 Monen-

232 1284 309 1314 ‹lum
330 1290 440 1315 tamen
455 1285 486 1315 in
502 1286 597 1317 Leid.
614 1296 666 1326 pr.
683 1296 754 1316 csse
770 1287 932 1317 obtestatio

230 1334 277 1364 sni
304 1338 335 1365 et
362 1338 534 1374 potentum,
569 1336 602 1365 in
632 1336 725 1366 Leid.
756 1345 833 1366 vero
865 1346 931 1367 sec.

234 1384 391 1413 cunctatio
406 1385 454 1413 sui
483 1387 512 1414 et
536 1394 570 1424 1¹-
598 1389 632 1415 et
648 1385 680 1414 in
702 1385 798 1416 Voss.
816 1385 931 1416 obterit.

228 1444 254 1464 s.
269 1437 299 1464 et
312 1443 345 1473 p.

274 1486 312 1515 15
337 1483 536 1521 Adiunxerat
555 1485 688 1525 Caesari]
723 1486 869 1518 Quidam
894 1487 931 1518 li-

230 1535 279 1565 bri
298 1539 443 1574 veteres,
465 1535 666 1574 injunxeram
688 1536 777 1576 quod
794 1538 929 1576 placere

229 1584 366 1615 videtur
381 1584 415 1615 J.
435 1584 488 1614 Fr.
503 1584 677 1615 Gronovio
690 1585 731 1616 ad
747 1586 834 1616 Livii
852 1596 930 1617 viu.

229 1637 281 1665 32.
328 1635 408 1674 lpse
426 1634 560 1674 quidem
576 1635 675 1666 aliter
691 1645 826 1667 censeo.
864 1637 929 1668 Da·

230 1685 286 1715 ris.
311 1694 380 1715 cur.
400 1694 467 1715 sec.
516 1686 729 1723 Conjunxerat
753 1691 864 1718 exstat
892 1687 925 1718 in

229 1735 392 1775 Bongars.
416 1740 451 1766 et
473 1735 568 1766 Leid.
586 1745 654 1767 sec.
684 1737 815 1777 vitiose,
841 1737 928 1778 quod

230 1789 340 1815 ortum
372 1789 424 1815 est
455 1794 496 1815 ex
526 1786 570 1823 τῷ
596 1786 785 1826 injunxerat,
822 1787 870 1817 uti
897 1787 929 1818 in

231 1834 340 1866 Ursin.
365 1836 514 1866 Florent.
539 1836 667 1866 Lovan.
693 1846 759 1866 non
786 1840 929 1876 tantum,

229 1884 285 1914 sed
311 1889 346 1915 et
374 1884 406 1914 in
423 1885 546 1924 Scalig.
569 1885 682 1925 Cujac.
709 1895 747 1916 ac
765 1886 859 1917 Leid.
877 1896 929 1926 pr.

228 1938 410 1971 exaratur3
435 1944 500 1975 quo
517 1934 599 1965 facit
616 1940 650 1965 et
666 1936 764 1966 Voss.
794 1936 850 1976 qui
872 1937 928 1966 lia-

229 1984 287 2014 bet
302 1984 492 2014 immiserat.-
514 1985 689 2015 adduxerat
712 1986 798 2016 alter
814 1986 927 2017 Ursin.

230 2035 430 2073 Elegantius
472 2035 606 2065 omniuo
649 2040 702 2067 est
739 2037 929 2077 iniunxerat,

228 2095 327 2126 quain
345 2085 433 2126 quod
458 2096 478 2116 a
507 2086 663 2117 Librariis
688 2086 855 2127 proticisci
873 2098 929 2128 po-

228 2136 346 2167 tuerit.
401 2136 494 2167 Dicit
534 2137 647 2167 Caesar
681 2137 723 2167 ud
767 2137 927 2169 invidiam

226 2186 391 2226 Pompeio
408 2186 609 2227 augendam,
632 2187 694 2217 sibi
711 2187 752 2218 ab
766 2197 806 2217 eo
823 2188 929 2218 inimi-

226 2245 282 2267 cos
309 2235 365 2267 illo
389 2237 574 2268 adfinitatis
598 2241 751 2277 tempore
776 2238 927 2276 injunctos

226 2285 342 2325 fuisse,
368 2291 526 2327 tanquam
544 2297 645 2327 grave
658 2297 754 2327 onus,
776 2288 865 2328 quod
881 2293 927 2319 ta-

226 2344 303 2366 men
337 2337 510 2376 suscipere
541 2336 701 2375 debebat,
740 2342 925 2369 contractae

226 2387 483 2418 necessitudinis
500 2388 621 2427 gratia.
668 2388 724 2418 De
753 2388 855 2418 verbo
880 2389 925 2419 in-

217 2436 350 2474 jungere
374 2437 474 2475 plura
491 2437 634 2467 diximus
659 2437 699 2467 ad
725 2438 765 2468 B.
783 2438 826 2468 G.
844 2447 924 2468 vni.

225 2488 278 2516 49.
303 2487 311 2501 ⁶
332 2486 435 2516 Nulla
457 2496 558 2516 onera
585 2496 670 2517 nova
694 2487 925 2527 injungendo!

224 2534 280 2565 Sic
308 2535 421 2565 Caesar
447 2545 508 2566 vn.
534 2539 584 2567 77.
611 2536 698 2567 dixit
721 2539 730 2553 ‘
750 2537 924 2578 injungere

224 2585 446 2615 servitutem?
494 2585 561 2616 Alii
594 2586 795 2627 ‘injungere
822 2588 925 2618 detri-

225 2636 397 2673 mentuni,’
414 2638 422 2652 ‘
441 2637 619 2676 injuriam‚'
639 2639 647 2653 ‘
662 2639 922 2670 contumeliam.'

225 2687 310 2717 Vide
329 2687 416 2717 Ibid.
432 2687 472 2717 ad
501 2687 570 2718 Liv.
591 2688 697 2718 Gron.
716 2689 774 2719 scd
792 2694 826 2720 et
844 2699 923 2720 rin.

224 2740 256 2767 3.
281 2737 394 2767 Vorst.
410 2737 451 2767 ad
468 2737 592 2769 Justin.
611 2743 713 2769 111.5.
740 2740 923 2771 Burmann.

223 2785 264 2816 ad
282 2786 384 2818 Ovid.
403 2786 541 2828 Argum.
560 2788 646 2820 Met.
663 2798 694 2820 v.
712 2792 741 2820 l.
766 2790 775 2806 ‘
796 2790 923 2822 Contu-

689 240 831 272 NOTAE
871 238 1133 270 VARIORUM
1176 239 1224 269 IN

980 335 1114 365 mcliam
1133 333 1195 364 sibi
1222 330 1451 373 gravissimam
1471 330 1679 371 injunctam.'

1025 395 1058 415 v.
1080 388 1090 415 1
1121 385 1250 424 Raptim
1265 386 1355 423 atque
1367 381 1503 422 turbate]
1519 381 1603 412 Haec
1617 382 1683 413 lec-

982 438 1029 468 tio
1046 437 1218 477 Senligero
1237 436 1375 477 placuit.
1422 436 1467 466 Et
1489 434 1536 466 ita
1560 438 1633 466 erat
1649 435 1681 466 in

982 498 1016 519 v.
1035 498 1063 518 c.
1081 498 1118 518 ac
1139 488 1203 518 Ms.
1230 487 1348 527 cujac.
1368 487 1488 517 l‘etav.
1505 495 1544 516 ac
1568 485 1682 518 Palat.

985 538 1109 567 Nescio
1141 542 1266 574 tamen,
1299 546 1339 567 an
1380 536 1525 576 probare
1560 535 1679 566 ausim.

983 587 1042 617 Ait
1067 587 1300 617 Hotomannus
1342 587 1459 627 riqitiin
1489 586 1579 617 idem
1607 595 1681 617 esse

983 637 1071 677 quod
1107 638 1173 667 sine
1210 638 1326 676 ordine,
1371 646 1451 678 ergo
1484 636 1683 668 tantundem

983 696 1116 727 quoque
1141 697 1155 715 ν
1164 687 1231 716 alet
1249 695 1346 727 quam
1361 688 1493 718 turbate.
1538 685 1605 718 Sed
1623 695 1684 717 cur

983 736 1072 766 idem
1090 737 1137 766 bis
1161 736 1285 766 dixerit
1302 736 1438 766 Caesar?
1474 737 1546 775 Ego
1569 735 1682 766 malini

980 786 1108 825 raptim,
1132 786 1320 826 praesertim
1338 795 1413 816 cum
1440 785 1569 824 ruptim,
1591 785 1681 825 quod

980 837 1096 872 seiam,
1114 835 1203 876 apud
1229 840 1382 867 auctores
1399 844 1465 865 non
1483 835 1682 874 reperiatur.

982 886 1036 916 Sic
1069 886 1182 916 Livius
1210 886 1251 916 (lc
1277 885 1601 925 Carthaginensibus
1626 884 1684 924 ait,

981 937 990 951 ‘
1008 940 1153 975 aguntur
1183 936 1297 966 onmia
1326 935 1463 975 raptim,
1491 934 1684 966 stimulante

982 983 1144 1016 fortuna!
1192 985 1329 1025 Raptim
1357 989 1408 1015 est
1435 985 1614 1022 celeriter;
1650 989 1686 1015 et

982 1035 1030 1065 ait
1049 1035 1165 1065 Caesar
1182 1035 1293 1065 omnia
1310 1035 1381 1064 sine
1397 1033 1515 1064 ordine
1538 1043 1577 1064 ac
1602 1043 1685 1074 prae-

980 1093 1126 1124 propere
1143 1089 1228 1120 acta,
1252 1088 1290 1115 ut
1306 1084 1414 1114 minus
1427 1083 1529 1124 spatii
1544 1084 1684 1123 Caesari,

981 1134 1119 1174 ejusque
1147 1134 1302 1174 partibus
1321 1138 1409 1164 esset
1425 1134 1466 1164 ad
1493 1134 1685 1165 consultan-

981 1184 1059 1214 dum
1075 1196 1081 1214 2
1107 1189 1208 1225 atquc
1225 1185 1290 1215 huc
1307 1185 1470 1224 pertinet,
1493 1184 1582 1225 quod
1606 1184 1684 1215 sub-

975 1235 1076 1275 jicit:
1103 1236 1235 1275 ‘neque
1262 1235 1406 1265 docendi
1435 1235 1506 1274 ejus
1536 1234 1683 1275 spatium

983 1287 1178 1327 propinquis
1207 1286 1332 1317 ‹latur.'
1379 1286 1574 1326 Opponitur
1599 1286 1682 1316 illud

980 1337 1095 1376 raptim
1112 1346 1149 1367 ac
1167 1337 1289 1367 turbate
1302 1338 1345 1375 τῷ
1361 1340 1443 1367 recte
1455 1340 1547 1376 alque
1562 1337 1684 1367 ordine:

981 1386 1073 1426 quod
1092 1386 1120 1417 G
1129 1387 1225 1416 ra‘cis
1242 1385 1333 1426 ὀρθῶς
1349 1399 1384 1416 τε
1406 1386 1457 1417 καὶ
1480 1386 1560 1417 κατὰ
1575 1385 1682 1425 λόγον.

989 1437 1120 1467 Vossius.
1176 1436 1265 1467 Utra
1296 1437 1398 1468 lectio
1427 1437 1538 1468 verior
1565 1446 1683 1477 parum

981 1492 1124 1518 constat.
1173 1488 1280 1518 Clark.
1345 1488 1475 1528 Raptim
1503 1491 1554 1518 est
1581 1487 1683 1519 etiam

980 1538 1012 1568 in
1031 1537 1125 1569 Leid.
1143 1547 1194 1578 pr.
1215 1537 1398 1568 Hotoman.
1424 1542 1459 1568 et
1485 1537 1570 1569 Edd.
1585 1538 1681 1568 Rom.

980 1589 1122 1620 Mediol.
1146 1588 1302 1628 deruptim
1320 1589 1404 1620 Ven.
1430 1589 1544 1629 placet
1569 1592 1681 1619 tamen

979 1639 1085 1679 magis
1102 1639 1224 1679 raptim.
1260 1638 1386 1669 Milites
1401 1641 1508 1678 raptus
1523 1641 1558 1669 et
1574 1640 1684 1678 ruptus

980 1688 1244 1719 confunduntur.
1290 1688 1378 1719 Vide
1402 1689 1428 1719 si
1457 1698 1509 1720 res
1533 1688 1618 1718 tanti
1635 1687 1683 1718 vi-

979 1738 1092 1778 detur,
1125 1749 1207 1780 quos
1238 1739 1352 1770 laudat
1381 1738 1502 1770 Arntz.
1529 1738 1571 1769 ad
1598 1738 1681 1769 Aur.

979 1788 1111 1820 Victor.
1131 1788 1228 1829 Orig.
1246 1798 1274 1820 c.
1292 1792 1342 1820 18.
1364 1792 1399 1820 et
1415 1787 1457 1819 ad
1482 1789 1607 1819 Lucan.
1631 1796 1680 1819 vr.

978 1842 1053 1869 781.

1021 1891 1039 1918 3
1066 1888 1212 1918 Extremi
1243 1888 1330 1926 juris
1356 1889 1573 1920 intercessione
1603 1890 1681 1920 reti-

977 1937 1085 1977 nendi]
1120 1937 1173 1967 Ita
1199 1938 1354 1978 Scaliger
1385 1939 1493 1969 edidit
1521 1948 1562 1969 ex
1587 1948 1619 1970 v.
1649 1950 1678 1970 c.

978 1993 1013 2019 et
1031 1988 1078 2019 sic
1097 1997 1229 2028 quoque
1255 1988 1287 2018 in
1318 1998 1377 2018 suo
1395 1994 1570 2029 repererat
1588 1989 1680 2020 Ursi-

978 2049 1053 2070 nus.
1099 2039 1138 2070 In
1165 2039 1236 2070 aliis
1264 2040 1512 2080 exemplaribus
1542 2046 1616 2072 erat
1636 2041 1681 2071 in-

977 2090 1201 2120 tercessionem.
1247 2090 1324 2120 Non
1350 2089 1511 2129 displicet
1534 2089 1592 2120 illa
1616 2090 1680 2120 lec-

979 2139 1038 2178 tio,
1062 2145 1098 2170 ut
1115 2138 1196 2169 illud
1214 2140 1290 2178 quod
1307 2137 1474 2169 referatur
1494 2138 1536 2169 ad
1560 2148 1677 2170 vocem

967 2188 1073 2226 juris.-
1096 2189 1210 2229 itaque
1237 2189 1380 2220 Caesaris
1405 2198 1497 2219 mens
1514 2193 1587 2220 est;
1612 2198 1679 2220 nou

977 2239 1076 2269 datur
1105 2239 1250 2269 tribunis
1279 2239 1386 2278 plebis
1418 2238 1564 2270 facultas
1603 2238 1679 2270 reti-

975 2290 1077 2320 nendi
1116 2299 1177 2330 per
1215 2289 1491 2320 intercessionem
1533 2288 1678 2320 extremi

969 2340 1070 2379 juris,
1095 2339 1184 2381 quod
1196 2339 1253 2379 jus
1277 2340 1372 2379 Sylla
1389 2339 1595 2380 reliquerat;
1619 2338 1677 2369 sed

976 2400 1038 2421 nec
1065 2391 1206 2420 alteram
1232 2390 1414 2420 lectionem
1440 2389 1573 2429 damno,
1595 2388 1675 2428 quin

975 2450 1062 2482 pene
1078 2440 1269 2481 praeferain.
1299 2441 1432 2472 Vossius.
1456 2439 1563 2471 Codd.
1581 2439 1674 2470 Non-

975 2492 1057 2522 nulli
1074 2491 1201 2522 habent
1218 2491 1476 2522 intercessionem.
1507 2489 1604 2521 Quod
1621 2499 1675 2520 eo-

975 2541 1050 2573 dem
1069 2541 1170 2572 redit.
1210 2541 1319 2571 Clark.
1365 2540 1497 2570 Manat.
1515 2544 1552 2569 et
1566 2538 1676 2569 Hoto-

977 2601 1066 2622 man.
1085 2591 1202 2622 delent
1217 2589 1439 2621 intercessione.
1477 2587 1675 2619 Ciacconius

977 2641 1163 2682 interpolat
1177 2643 1348 2670 extremum
1359 2638 1415 2676 jus
1435 2638 1673 2668 intercessionis.

975 2691 1040 2722 Sed
1055 2692 1151 2721 male.
1187 2689 1418 2728 Inter-cessione,
1441 2689 1510 2719 sive
1537 2698 1598 2728 per
1625 2688 1673 2719 in-

975 2741 1225 2778 tercessionem,
1249 2749 1313 2780 qua
1328 2738 1522 2770 retinebant
1541 2739 1598 2779 jus
1615 2747 1673 2769 ex-

976 2795 1130 2830 tremum,
1152 2789 1237 2821 etin
1266 2798 1331 2830 qua
1357 2788 1430 2820 sola
1450 2787 1671 2827 consistebat,
