<?xml version="1.0" encoding="UTF-8"?>
<!DOCTYPE html PUBLIC "-//W3C//DTD XHTML 1.0 Transitional//EN"
    "http://www.w3.org/TR/xhtml1/DTD/xhtml1-transitional.dtd">
<html xmlns="http://www.w3.org/1999/xhtml" xml:lang="en" lang="en">
 <head>
  <title>
</title>
<meta http-equiv="Content-Type" content="text/html;charset=utf-8" />
  <meta name='ocr-system' content='tesseract 3.04.00' />
  <meta name='ocr-capabilities' content='ocr_page ocr_carea ocr_par ocr_line ocrx_word'/>
</head>
<body>
  <div class='ocr_page' id='page_1' title='image "./operaomniaexedit03caesuoft/operaomniaexedit03caesuoft_0020.png"; bbox 0 0 1872 3115; ppageno 0'>
   <div class='ocr_carea' id='block_1_1' title="bbox 219 198 307 240">
    <p class='ocr_par' dir='ltr' id='par_1_1' title="bbox 219 198 307 240">
     <span class='ocr_line' id='line_1_1' title="bbox 219 198 307 240; baseline -0.011 0"><span class='ocrx_word' id='word_1_1' title='bbox 219 198 307 240; x_wconf 81' lang='lat'>952</span> 
     </span>
    </p>
   </div>
   <div class='ocr_carea' id='block_1_2' title="bbox 210 301 927 2819">
    <p class='ocr_par' dir='ltr' id='par_1_2' title="bbox 214 301 925 1352">
     <span class='ocr_line' id='line_1_2' title="bbox 221 301 925 344; baseline 0 -10"><span class='ocrx_word' id='word_1_2' title='bbox 221 311 293 334; x_wconf 84' lang='lat' dir='ltr'>rem</span> <span class='ocrx_word' id='word_1_3' title='bbox 310 302 520 344; x_wconf 83' lang='lat' dir='ltr'>propositam</span> <span class='ocrx_word' id='word_1_4' title='bbox 537 301 636 333; x_wconf 88' lang='lat' dir='ltr'>valde</span> <span class='ocrx_word' id='word_1_5' title='bbox 652 301 758 334; x_wconf 89' lang='lat' dir='ltr'>utitur</span> <span class='ocrx_word' id='word_1_6' title='bbox 770 302 925 343; x_wconf 83' lang='lat' dir='ltr'>apposite</span> 
     </span>
     <span class='ocr_line' id='line_1_3' title="bbox 224 352 925 385; baseline 0.001 -1"><span class='ocrx_word' id='word_1_7' title='bbox 224 352 380 384; x_wconf 76' lang='lat' dir='ltr'>Valerius</span> <span class='ocrx_word' id='word_1_8' title='bbox 408 354 578 384; x_wconf 79' lang='lat' dir='ltr'>Maximus</span> <span class='ocrx_word' id='word_1_9' title='bbox 607 361 646 384; x_wconf 88' lang='lat'>11.</span> <span class='ocrx_word' id='word_1_10' title='bbox 673 356 704 384; x_wconf 89' lang='grc'>7.</span> <span class='ocrx_word' id='word_1_11' title='bbox 733 363 807 384; x_wconf 89' lang='lat' dir='ltr'>cum</span> <span class='ocrx_word' id='word_1_12' title='bbox 835 353 925 385; x_wconf 89' lang='lat' dir='ltr'>enim</span> 
     </span>
     <span class='ocr_line' id='line_1_4' title="bbox 221 403 924 444; baseline 0 -9"><span class='ocrx_word' id='word_1_13' title='bbox 221 403 411 435; x_wconf 85' lang='lat' dir='ltr'>Tarentino</span> <span class='ocrx_word' id='word_1_14' title='bbox 429 403 516 434; x_wconf 88' lang='lat' dir='ltr'>bello</span> <span class='ocrx_word' id='word_1_15' title='bbox 539 412 695 443; x_wconf 83' lang='lat' dir='ltr'>magnum</span> <span class='ocrx_word' id='word_1_16' title='bbox 712 404 924 444; x_wconf 78' lang='lat' dir='ltr'>captivorum</span> 
     </span>
     <span class='ocr_line' id='line_1_5' title="bbox 222 453 923 495; baseline -0.001 -10"><span class='ocrx_word' id='word_1_17' title='bbox 222 454 347 486; x_wconf 86' lang='lat' dir='ltr'>civium</span> <span class='ocrx_word' id='word_1_18' title='bbox 376 463 511 484; x_wconf 89' lang='lat' dir='ltr'>suorum</span> <span class='ocrx_word' id='word_1_19' title='bbox 543 463 718 484; x_wconf 88' lang='lat' dir='ltr'>numerum</span> <span class='ocrx_word' id='word_1_20' title='bbox 749 464 767 484; x_wconf 89' lang='lat' dir='ltr'>a</span> <span class='ocrx_word' id='word_1_21' title='bbox 792 453 923 495; x_wconf 81' lang='lat' dir='ltr'>Pyrrho</span> 
     </span>
     <span class='ocr_line' id='line_1_6' title="bbox 224 504 923 545; baseline 0.003 -11"><span class='ocrx_word' id='word_1_22' title='bbox 224 513 304 545; x_wconf 84' lang='lat' dir='ltr'>rege</span> <span class='ocrx_word' id='word_1_23' title='bbox 336 505 424 534; x_wconf 92' lang='lat' dir='ltr'>ultro</span> <span class='ocrx_word' id='word_1_24' title='bbox 451 504 586 534; x_wconf 82' lang='lat' dir='ltr'>missum</span> <span class='ocrx_word' id='word_1_25' title='bbox 618 504 828 544; x_wconf 80' lang='lat' dir='ltr'>recepissent</span> <span class='ocrx_word' id='word_1_26' title='bbox 857 505 923 536; x_wconf 90' lang='lat' dir='ltr'>Ro-</span> 
     </span>
     <span class='ocr_line' id='line_1_7' title="bbox 217 552 924 596; baseline 0.003 -12"><span class='ocrx_word' id='word_1_27' title='bbox 217 554 320 592; x_wconf 83' lang='lat' dir='ltr'>mani,</span> <span class='ocrx_word' id='word_1_28' title='bbox 345 554 354 570; x_wconf 93' lang='lat'>‘</span> <span class='ocrx_word' id='word_1_29' title='bbox 379 552 628 593; x_wconf 83' lang='lat' dir='ltr'>decreverunt‚’</span> <span class='ocrx_word' id='word_1_30' title='bbox 644 555 753 595; x_wconf 88' lang='lat' dir='ltr'>inquit</span> <span class='ocrx_word' id='word_1_31' title='bbox 777 555 843 596; x_wconf 86' lang='lat' dir='ltr'>ille,</span> <span class='ocrx_word' id='word_1_32' title='bbox 861 558 870 573; x_wconf 90' lang='lat'>‘</span> <span class='ocrx_word' id='word_1_33' title='bbox 886 559 924 586; x_wconf 92' lang='lat' dir='ltr'>ut</span> 
     </span>
     <span class='ocr_line' id='line_1_8' title="bbox 219 603 923 645; baseline 0.003 -12"><span class='ocrx_word' id='word_1_34' title='bbox 219 612 262 634; x_wconf 86' lang='lat' dir='ltr'>ex</span> <span class='ocrx_word' id='word_1_35' title='bbox 297 603 348 643; x_wconf 86' lang='lat' dir='ltr'>iis,</span> <span class='ocrx_word' id='word_1_36' title='bbox 380 604 436 644; x_wconf 89' lang='lat' dir='ltr'>qui</span> <span class='ocrx_word' id='word_1_37' title='bbox 467 613 554 644; x_wconf 89' lang='lat' dir='ltr'>equo</span> <span class='ocrx_word' id='word_1_38' title='bbox 591 609 797 643; x_wconf 87' lang='lat' dir='ltr'>meruerant,</span> <span class='ocrx_word' id='word_1_39' title='bbox 830 605 923 645; x_wconf 82' lang='lat' dir='ltr'>pedi-</span> 
     </span>
     <span class='ocr_line' id='line_1_9' title="bbox 222 653 923 694; baseline 0 -10"><span class='ocrx_word' id='word_1_40' title='bbox 222 658 294 684; x_wconf 82' lang='lat' dir='ltr'>tum</span> <span class='ocrx_word' id='word_1_41' title='bbox 314 661 455 683; x_wconf 86' lang='lat' dir='ltr'>numero</span> <span class='ocrx_word' id='word_1_42' title='bbox 479 653 686 691; x_wconf 76' lang='lat' dir='ltr'>militarent3</span> <span class='ocrx_word' id='word_1_43' title='bbox 711 654 766 694; x_wconf 88' lang='lat' dir='ltr'>qui</span> <span class='ocrx_word' id='word_1_44' title='bbox 791 654 923 694; x_wconf 84' lang='lat' dir='ltr'>pedites</span> 
     </span>
     <span class='ocr_line' id='line_1_10' title="bbox 218 701 925 742; baseline 0.001 -9"><span class='ocrx_word' id='word_1_45' title='bbox 218 701 369 742; x_wconf 80' lang='lat' dir='ltr'>fuerant,</span> <span class='ocrx_word' id='word_1_46' title='bbox 394 702 427 732; x_wconf 92' lang='lat' dir='ltr'>in</span> <span class='ocrx_word' id='word_1_47' title='bbox 455 701 663 733; x_wconf 86' lang='lat' dir='ltr'>funditorum</span> <span class='ocrx_word' id='word_1_48' title='bbox 688 703 813 734; x_wconf 85' lang='lat' dir='ltr'>auxilia</span> <span class='ocrx_word' id='word_1_49' title='bbox 835 709 925 735; x_wconf 88' lang='lat' dir='ltr'>trau-</span> 
     </span>
     <span class='ocr_line' id='line_1_11' title="bbox 219 752 923 793; baseline 0 -9"><span class='ocrx_word' id='word_1_50' title='bbox 219 752 476 784; x_wconf 67' lang='lat' dir='ltr'>scriberentur!</span> <span class='ocrx_word' id='word_1_51' title='bbox 523 752 568 783; x_wconf 86' lang='lat' dir='ltr'>Et</span> <span class='ocrx_word' id='word_1_52' title='bbox 584 753 711 784; x_wconf 84' lang='lat' dir='ltr'>ibidem</span> <span class='ocrx_word' id='word_1_53' title='bbox 730 753 844 793; x_wconf 89' lang='lat' dir='ltr'>paullo</span> <span class='ocrx_word' id='word_1_54' title='bbox 868 763 923 784; x_wconf 86' lang='lat' dir='ltr'>an-</span> 
     </span>
     <span class='ocr_line' id='line_1_12' title="bbox 215 802 923 843; baseline 0 -9"><span class='ocrx_word' id='word_1_55' title='bbox 215 808 250 834; x_wconf 88' lang='lat' dir='ltr'>te</span> <span class='ocrx_word' id='word_1_56' title='bbox 279 802 321 834; x_wconf 89' lang='lat' dir='ltr'>de</span> <span class='ocrx_word' id='word_1_57' title='bbox 351 803 390 834; x_wconf 93' lang='lat' dir='ltr'>L.</span> <span class='ocrx_word' id='word_1_58' title='bbox 426 802 609 843; x_wconf 88' lang='lat' dir='ltr'>Calpurnio</span> <span class='ocrx_word' id='word_1_59' title='bbox 653 802 789 842; x_wconf 84' lang='lat' dir='ltr'>Pisone,</span> <span class='ocrx_word' id='word_1_60' title='bbox 819 804 828 820; x_wconf 94' lang='lat'>‘</span> <span class='ocrx_word' id='word_1_61' title='bbox 855 808 923 834; x_wconf 91' lang='lat' dir='ltr'>tur-</span> 
     </span>
     <span class='ocr_line' id='line_1_13' title="bbox 219 852 922 894; baseline -0.001 -10"><span class='ocrx_word' id='word_1_62' title='bbox 219 863 359 894; x_wconf 81' lang='lat' dir='ltr'>masque</span> <span class='ocrx_word' id='word_1_63' title='bbox 390 853 553 894; x_wconf 89' lang='lat' dir='ltr'>equitum,</span> <span class='ocrx_word' id='word_1_64' title='bbox 570 853 691 893; x_wconf 86' lang='lat' dir='ltr'>quibus</span> <span class='ocrx_word' id='word_1_65' title='bbox 723 852 922 894; x_wconf 69' lang='lat' dir='ltr'>praefuerat,</span> 
     </span>
     <span class='ocr_line' id='line_1_14' title="bbox 215 903 925 945; baseline 0 -9"><span class='ocrx_word' id='word_1_66' title='bbox 215 905 274 945; x_wconf 82' lang='lat' dir='ltr'>(C.</span> <span class='ocrx_word' id='word_1_67' title='bbox 291 903 415 945; x_wconf 85' lang='lat' dir='ltr'>Titius)</span> <span class='ocrx_word' id='word_1_68' title='bbox 439 903 607 944; x_wconf 84' lang='lat' dir='ltr'>ademptis</span> <span class='ocrx_word' id='word_1_69' title='bbox 633 904 730 945; x_wconf 89' lang='lat' dir='ltr'>equis</span> <span class='ocrx_word' id='word_1_70' title='bbox 756 905 789 935; x_wconf 89' lang='lat' dir='ltr'>in</span> <span class='ocrx_word' id='word_1_71' title='bbox 816 903 925 936; x_wconf 87' lang='lat' dir='ltr'>fundi-</span> 
     </span>
     <span class='ocr_line' id='line_1_15' title="bbox 222 954 924 996; baseline 0 -10"><span class='ocrx_word' id='word_1_72' title='bbox 222 960 336 986; x_wconf 81' lang='lat' dir='ltr'><strong>torum</strong></span> <span class='ocrx_word' id='word_1_73' title='bbox 352 956 421 985; x_wconf 88' lang='lat' dir='ltr'>alas</span> <span class='ocrx_word' id='word_1_74' title='bbox 438 954 677 995; x_wconf 58' lang='lat' dir='ltr'>transcripsit)</span> <span class='ocrx_word' id='word_1_75' title='bbox 724 955 804 986; x_wconf 86' lang='lat' dir='ltr'>Fuit</span> <span class='ocrx_word' id='word_1_76' title='bbox 820 955 924 996; x_wconf 85' lang='lat' dir='ltr'>igitur</span> 
     </span>
     <span class='ocr_line' id='line_1_16' title="bbox 214 1005 924 1046; baseline 0 -10"><span class='ocrx_word' id='word_1_77' title='bbox 214 1005 288 1038; x_wconf 81' lang='lat' dir='ltr'>haec</span> <span class='ocrx_word' id='word_1_78' title='bbox 304 1005 436 1036; x_wconf 84' lang='lat' dir='ltr'>militiae</span> <span class='ocrx_word' id='word_1_79' title='bbox 460 1005 605 1036; x_wconf 86' lang='lat' dir='ltr'>mutatio</span> <span class='ocrx_word' id='word_1_80' title='bbox 630 1015 693 1046; x_wconf 90' lang='lat' dir='ltr'>pro</span> <span class='ocrx_word' id='word_1_81' title='bbox 715 1015 815 1046; x_wconf 83' lang='lat' dir='ltr'>poena</span> <span class='ocrx_word' id='word_1_82' title='bbox 837 1006 924 1036; x_wconf 90' lang='lat' dir='ltr'>mili-</span> 
     </span>
     <span class='ocr_line' id='line_1_17' title="bbox 215 1056 924 1097; baseline 0.001 -10"><span class='ocrx_word' id='word_1_83' title='bbox 215 1056 308 1088; x_wconf 85' lang='lat' dir='ltr'>tari:</span> <span class='ocrx_word' id='word_1_84' title='bbox 340 1066 402 1097; x_wconf 86' lang='lat' dir='ltr'>pro</span> <span class='ocrx_word' id='word_1_85' title='bbox 426 1056 567 1097; x_wconf 86' lang='lat' dir='ltr'>proemio</span> <span class='ocrx_word' id='word_1_86' title='bbox 598 1066 681 1087; x_wconf 82' lang='lat' dir='ltr'>vcro</span> <span class='ocrx_word' id='word_1_87' title='bbox 702 1066 777 1088; x_wconf 89' lang='lat' dir='ltr'>cum</span> <span class='ocrx_word' id='word_1_88' title='bbox 805 1063 924 1089; x_wconf 83' lang='lat' dir='ltr'>contra</span> 
     </span>
     <span class='ocr_line' id='line_1_18' title="bbox 215 1106 925 1148; baseline 0 -10"><span class='ocrx_word' id='word_1_89' title='bbox 215 1106 352 1148; x_wconf 84' lang='lat' dir='ltr'>pedites</span> <span class='ocrx_word' id='word_1_90' title='bbox 366 1107 398 1137; x_wconf 92' lang='lat' dir='ltr'>in</span> <span class='ocrx_word' id='word_1_91' title='bbox 410 1106 564 1148; x_wconf 87' lang='lat' dir='ltr'>equitum</span> <span class='ocrx_word' id='word_1_92' title='bbox 577 1116 751 1138; x_wconf 89' lang='lat' dir='ltr'>numerum</span> <span class='ocrx_word' id='word_1_93' title='bbox 766 1108 925 1138; x_wconf 85' lang='lat' dir='ltr'>transcri-</span> 
     </span>
     <span class='ocr_line' id='line_1_19' title="bbox 214 1156 924 1196; baseline 0 -8"><span class='ocrx_word' id='word_1_94' title='bbox 214 1156 399 1196; x_wconf 62' lang='lat' dir='ltr'>tuebantur,</span> <span class='ocrx_word' id='word_1_95' title='bbox 415 1162 452 1188; x_wconf 93' lang='lat' dir='ltr'>ut</span> <span class='ocrx_word' id='word_1_96' title='bbox 476 1166 518 1188; x_wconf 84' lang='lat' dir='ltr'>ex</span> <span class='ocrx_word' id='word_1_97' title='bbox 533 1157 595 1188; x_wconf 81' lang='lat' dir='ltr'>hoc</span> <span class='ocrx_word' id='word_1_98' title='bbox 614 1157 750 1188; x_wconf 80' lang='lat' dir='ltr'>Caesaris</span> <span class='ocrx_word' id='word_1_99' title='bbox 767 1158 840 1188; x_wconf 88' lang='lat' dir='ltr'>loco</span> <span class='ocrx_word' id='word_1_100' title='bbox 857 1158 924 1189; x_wconf 88' lang='lat' dir='ltr'>col-</span> 
     </span>
     <span class='ocr_line' id='line_1_20' title="bbox 219 1209 923 1249; baseline -0.001 -9"><span class='ocrx_word' id='word_1_101' title='bbox 219 1209 326 1249; x_wconf 87' lang='lat' dir='ltr'>ligere</span> <span class='ocrx_word' id='word_1_102' title='bbox 354 1214 418 1240; x_wconf 87' lang='lat' dir='ltr'>est.</span> <span class='ocrx_word' id='word_1_103' title='bbox 457 1209 623 1240; x_wconf 74' lang='lat' dir='ltr'>Braneius.</span> <span class='ocrx_word' id='word_1_104' title='bbox 685 1209 786 1240; x_wconf 89' lang='lat' dir='ltr'>Hunc</span> <span class='ocrx_word' id='word_1_105' title='bbox 814 1210 923 1240; x_wconf 89' lang='lat' dir='ltr'>locum</span> 
     </span>
     <span class='ocr_line' id='line_1_21' title="bbox 217 1259 924 1301; baseline -0.001 -10"><span class='ocrx_word' id='word_1_106' title='bbox 217 1260 326 1291; x_wconf 89' lang='lat' dir='ltr'>multo</span> <span class='ocrx_word' id='word_1_107' title='bbox 357 1260 457 1291; x_wconf 86' lang='lat' dir='ltr'>aliter</span> <span class='ocrx_word' id='word_1_108' title='bbox 487 1260 640 1301; x_wconf 80' lang='lat' dir='ltr'>explicat</span> <span class='ocrx_word' id='word_1_109' title='bbox 670 1260 757 1291; x_wconf 88' lang='lat' dir='ltr'>Sam.</span> <span class='ocrx_word' id='word_1_110' title='bbox 789 1259 924 1291; x_wconf 88' lang='lat' dir='ltr'>Petitus</span> 
     </span>
     <span class='ocr_line' id='line_1_22' title="bbox 217 1309 914 1352; baseline 0 -11"><span class='ocrx_word' id='word_1_111' title='bbox 217 1310 390 1342; x_wconf 80' lang='lat' dir='ltr'>observat.</span> <span class='ocrx_word' id='word_1_112' title='bbox 406 1319 431 1342; x_wconf 90' lang='lat'>1.</span> <span class='ocrx_word' id='word_1_113' title='bbox 449 1314 480 1342; x_wconf 85' lang='grc'>6.</span> <span class='ocrx_word' id='word_1_114' title='bbox 496 1320 594 1352; x_wconf 89' lang='lat' dir='ltr'>quem</span> <span class='ocrx_word' id='word_1_115' title='bbox 619 1310 755 1342; x_wconf 77' lang='lat' dir='ltr'>videsis.</span> <span class='ocrx_word' id='word_1_116' title='bbox 801 1309 914 1341; x_wconf 76' lang='lat' dir='ltr'>Duris.</span> 
     </span>
    </p>

    <p class='ocr_par' dir='ltr' id='par_1_3' title="bbox 211 1361 927 2204">
     <span class='ocr_line' id='line_1_23' title="bbox 259 1361 924 1402; baseline 0 -10"><span class='ocrx_word' id='word_1_117' title='bbox 259 1370 363 1393; x_wconf 78' lang='lat' dir='ltr'>xun.</span> <span class='ocrx_word' id='word_1_118' title='bbox 382 1365 397 1392; x_wconf 87' lang='lat'><em>1</em></span> <span class='ocrx_word' id='word_1_119' title='bbox 427 1361 573 1402; x_wconf 73' lang='lat' dir='ltr'>Terreus]</span> <span class='ocrx_word' id='word_1_120' title='bbox 595 1362 745 1392; x_wconf 87' lang='lat' dir='ltr'>Primum</span> <span class='ocrx_word' id='word_1_121' title='bbox 770 1362 842 1392; x_wconf 77' lang='lat' dir='ltr'>haec</span> <span class='ocrx_word' id='word_1_122' title='bbox 858 1371 924 1392; x_wconf 84' lang='lat' dir='ltr'>vox</span> 
     </span>
     <span class='ocr_line' id='line_1_24' title="bbox 221 1411 926 1452; baseline -0.003 -9"><span class='ocrx_word' id='word_1_123' title='bbox 221 1417 399 1452; x_wconf 88' lang='lat' dir='ltr'>comparet</span> <span class='ocrx_word' id='word_1_124' title='bbox 436 1412 469 1442; x_wconf 92' lang='lat' dir='ltr'>in</span> <span class='ocrx_word' id='word_1_125' title='bbox 511 1411 673 1443; x_wconf 84' lang='lat' dir='ltr'>Editione</span> <span class='ocrx_word' id='word_1_126' title='bbox 708 1411 926 1451; x_wconf 75' lang='lat' dir='ltr'>Beroafflina,</span> 
     </span>
     <span class='ocr_line' id='line_1_25' title="bbox 216 1462 925 1504; baseline -0.001 -11"><span class='ocrx_word' id='word_1_127' title='bbox 216 1471 359 1504; x_wconf 82' lang='lat' dir='ltr'>eamque</span> <span class='ocrx_word' id='word_1_128' title='bbox 377 1467 427 1493; x_wconf 86' lang='lat' dir='ltr'>sat</span> <span class='ocrx_word' id='word_1_129' title='bbox 444 1462 531 1493; x_wconf 88' lang='lat' dir='ltr'>bene</span> <span class='ocrx_word' id='word_1_130' title='bbox 543 1462 699 1493; x_wconf 88' lang='lat' dir='ltr'>Latinam</span> <span class='ocrx_word' id='word_1_131' title='bbox 715 1472 799 1501; x_wconf 86' lang='lat' dir='ltr'>esse,</span> <span class='ocrx_word' id='word_1_132' title='bbox 810 1462 925 1493; x_wconf 87' lang='lat' dir='ltr'>multis</span> 
     </span>
     <span class='ocr_line' id='line_1_26' title="bbox 219 1512 924 1554; baseline -0.003 -9"><span class='ocrx_word' id='word_1_133' title='bbox 219 1513 364 1554; x_wconf 84' lang='lat' dir='ltr'>probavi</span> <span class='ocrx_word' id='word_1_134' title='bbox 391 1512 558 1552; x_wconf 81' lang='lat' dir='ltr'>exemplis</span> <span class='ocrx_word' id='word_1_135' title='bbox 579 1512 621 1542; x_wconf 90' lang='lat' dir='ltr'>ad</span> <span class='ocrx_word' id='word_1_136' title='bbox 646 1512 800 1543; x_wconf 84' lang='lat' dir='ltr'>Frontin.</span> <span class='ocrx_word' id='word_1_137' title='bbox 825 1521 875 1543; x_wconf 84' lang='grc' dir='ltr'>ιν.</span> <span class='ocrx_word' id='word_1_138' title='bbox 895 1516 924 1543; x_wconf 92' lang='grc'>1.</span> 
     </span>
     <span class='ocr_line' id='line_1_27' title="bbox 219 1561 927 1606; baseline -0.004 -11"><span class='ocrx_word' id='word_1_139' title='bbox 219 1566 237 1605; x_wconf 78' lang='lat'>§</span> <span class='ocrx_word' id='word_1_140' title='bbox 254 1567 306 1596; x_wconf 83' lang='lat'>31.</span> <span class='ocrx_word' id='word_1_141' title='bbox 321 1563 442 1606; x_wconf 89' lang='lat' dir='ltr'>quibus</span> <span class='ocrx_word' id='word_1_142' title='bbox 467 1562 555 1593; x_wconf 89' lang='lat' dir='ltr'>adde</span> <span class='ocrx_word' id='word_1_143' title='bbox 569 1561 704 1602; x_wconf 81' lang='lat' dir='ltr'>Apulei.</span> <span class='ocrx_word' id='word_1_144' title='bbox 720 1562 761 1592; x_wconf 84' lang='lat' dir='ltr'>(le</span> <span class='ocrx_word' id='word_1_145' title='bbox 780 1562 855 1592; x_wconf 87' lang='lat' dir='ltr'>Deo</span> <span class='ocrx_word' id='word_1_146' title='bbox 869 1562 927 1592; x_wconf 92' lang='lat' dir='ltr'>So-</span> 
     </span>
     <span class='ocr_line' id='line_1_28' title="bbox 218 1611 926 1654; baseline -0.006 -8"><span class='ocrx_word' id='word_1_147' title='bbox 218 1615 323 1646; x_wconf 84' lang='lat' dir='ltr'>cratis</span> <span class='ocrx_word' id='word_1_148' title='bbox 353 1624 385 1654; x_wconf 88' lang='lat' dir='ltr'>p.</span> <span class='ocrx_word' id='word_1_149' title='bbox 413 1616 485 1644; x_wconf 79' lang='grc'><strong>292.</strong></span> <span class='ocrx_word' id='word_1_150' title='bbox 525 1612 701 1644; x_wconf 87' lang='lat' dir='ltr'>Ed.Colv.</span> <span class='ocrx_word' id='word_1_151' title='bbox 730 1613 738 1629; x_wconf 88' lang='lat'>‘</span> <span class='ocrx_word' id='word_1_152' title='bbox 758 1611 926 1643; x_wconf 82' lang='lat' dir='ltr'>Animalia</span> 
     </span>
     <span class='ocr_line' id='line_1_29' title="bbox 213 1662 924 1706; baseline -0.006 -10"><span class='ocrx_word' id='word_1_153' title='bbox 213 1673 324 1706; x_wconf 88' lang='lat' dir='ltr'>neque</span> <span class='ocrx_word' id='word_1_154' title='bbox 342 1669 412 1695; x_wconf 90' lang='lat' dir='ltr'>tam</span> <span class='ocrx_word' id='word_1_155' title='bbox 427 1664 539 1702; x_wconf 88' lang='lat' dir='ltr'>bruta,</span> <span class='ocrx_word' id='word_1_156' title='bbox 554 1672 653 1703; x_wconf 86' lang='lat' dir='ltr'>quam</span> <span class='ocrx_word' id='word_1_157' title='bbox 669 1662 801 1693; x_wconf 86' lang='lat' dir='ltr'>terrea.&#39;</span> <span class='ocrx_word' id='word_1_158' title='bbox 818 1662 924 1693; x_wconf 88' lang='lat' dir='ltr'>Mart.</span> 
     </span>
     <span class='ocr_line' id='line_1_30' title="bbox 211 1713 913 1756; baseline -0.004 -9"><span class='ocrx_word' id='word_1_159' title='bbox 211 1715 343 1756; x_wconf 81' lang='lat' dir='ltr'>Capell.</span> <span class='ocrx_word' id='word_1_160' title='bbox 360 1724 400 1746; x_wconf 85' lang='lat'>11.</span> <span class='ocrx_word' id='word_1_161' title='bbox 418 1725 450 1755; x_wconf 87' lang='lat' dir='ltr'>p.</span> <span class='ocrx_word' id='word_1_162' title='bbox 471 1717 522 1745; x_wconf 82' lang='lat'>36.</span> <span class='ocrx_word' id='word_1_163' title='bbox 546 1713 609 1745; x_wconf 87' lang='lat' dir='ltr'>Ed.</span> <span class='ocrx_word' id='word_1_164' title='bbox 632 1713 733 1745; x_wconf 88' lang='lat' dir='ltr'>Grot.</span> <span class='ocrx_word' id='word_1_165' title='bbox 751 1715 760 1730; x_wconf 91' lang='lat'>‘</span> <span class='ocrx_word' id='word_1_166' title='bbox 776 1713 827 1745; x_wconf 74' lang='lat' dir='ltr'>vis</span> <span class='ocrx_word' id='word_1_167' title='bbox 848 1718 913 1744; x_wconf 89' lang='lat' dir='ltr'>ter-</span> 
     </span>
     <span class='ocr_line' id='line_1_31' title="bbox 218 1765 924 1798; baseline -0.004 0"><span class='ocrx_word' id='word_1_168' title='bbox 218 1776 280 1798; x_wconf 82' lang='lat' dir='ltr'>rea</span> <span class='ocrx_word' id='word_1_169' title='bbox 296 1765 411 1798; x_wconf 59' lang='lat' dir='ltr'>cedit]</span> <span class='ocrx_word' id='word_1_170' title='bbox 456 1765 584 1797; x_wconf 74' lang='lat' dir='ltr'>Verum</span> <span class='ocrx_word' id='word_1_171' title='bbox 603 1769 715 1795; x_wconf 88' lang='lat' dir='ltr'>tamen</span> <span class='ocrx_word' id='word_1_172' title='bbox 732 1765 765 1795; x_wconf 89' lang='lat' dir='ltr'>in</span> <span class='ocrx_word' id='word_1_173' title='bbox 782 1765 924 1796; x_wconf 86' lang='lat' dir='ltr'>aliorum</span> 
     </span>
     <span class='ocr_line' id='line_1_32' title="bbox 217 1815 924 1859; baseline -0.006 -10"><span class='ocrx_word' id='word_1_174' title='bbox 217 1817 371 1859; x_wconf 86' lang='lat' dir='ltr'>meisque</span> <span class='ocrx_word' id='word_1_175' title='bbox 386 1818 470 1849; x_wconf 85' lang='lat' dir='ltr'>Mss.</span> <span class='ocrx_word' id='word_1_176' title='bbox 484 1816 637 1848; x_wconf 90' lang='lat' dir='ltr'>omnibus</span> <span class='ocrx_word' id='word_1_177' title='bbox 650 1820 685 1847; x_wconf 88' lang='lat' dir='ltr'>et</span> <span class='ocrx_word' id='word_1_178' title='bbox 702 1815 788 1846; x_wconf 89' lang='lat' dir='ltr'>Edd.</span> <span class='ocrx_word' id='word_1_179' title='bbox 807 1815 924 1856; x_wconf 88' lang='lat' dir='ltr'>primis</span> 
     </span>
     <span class='ocr_line' id='line_1_33' title="bbox 212 1865 925 1908; baseline -0.007 -8"><span class='ocrx_word' id='word_1_180' title='bbox 212 1877 252 1900; x_wconf 78' lang='lat' dir='ltr'>ac</span> <span class='ocrx_word' id='word_1_181' title='bbox 271 1868 436 1908; x_wconf 85' lang='lat' dir='ltr'>Stephani</span> <span class='ocrx_word' id='word_1_182' title='bbox 461 1871 618 1898; x_wconf 80' lang='lat' dir='ltr'>exaratur</span> <span class='ocrx_word' id='word_1_183' title='bbox 634 1869 796 1901; x_wconf 52' lang='lat' dir='ltr'>terrenum</span> <span class='ocrx_word' id='word_1_184' title='bbox 818 1870 854 1896; x_wconf 87' lang='lat' dir='ltr'>et</span> <span class='ocrx_word' id='word_1_185' title='bbox 878 1865 925 1896; x_wconf 92' lang='lat' dir='ltr'>ita</span> 
     </span>
     <span class='ocr_line' id='line_1_34' title="bbox 217 1916 924 1957; baseline -0.007 -6"><span class='ocrx_word' id='word_1_186' title='bbox 217 1920 284 1951; x_wconf 87' lang='lat' dir='ltr'>Ms.</span> <span class='ocrx_word' id='word_1_187' title='bbox 311 1919 414 1951; x_wconf 84' lang='lat' dir='ltr'>Melae</span> <span class='ocrx_word' id='word_1_188' title='bbox 432 1929 450 1949; x_wconf 91' lang='lat' dir='ltr'>a</span> <span class='ocrx_word' id='word_1_189' title='bbox 467 1928 520 1950; x_wconf 84' lang='lat' dir='ltr'>me</span> <span class='ocrx_word' id='word_1_190' title='bbox 532 1918 623 1949; x_wconf 77' lang='lat' dir='ltr'>visus</span> <span class='ocrx_word' id='word_1_191' title='bbox 641 1926 665 1948; x_wconf 89' lang='lat'>1.</span> <span class='ocrx_word' id='word_1_192' title='bbox 683 1920 733 1948; x_wconf 83' lang='grc'>9.;</span> <span class='ocrx_word' id='word_1_193' title='bbox 753 1916 811 1947; x_wconf 88' lang='lat' dir='ltr'>ubi</span> <span class='ocrx_word' id='word_1_194' title='bbox 824 1917 924 1957; x_wconf 79' lang='lat' dir='ltr'>vulgo</span> 
     </span>
     <span class='ocr_line' id='line_1_35' title="bbox 216 1966 923 2009; baseline -0.004 -9"><span class='ocrx_word' id='word_1_195' title='bbox 216 1969 399 2000; x_wconf 88' lang='lat' dir='ltr'>‘animalia</span> <span class='ocrx_word' id='word_1_196' title='bbox 414 1978 456 2000; x_wconf 81' lang='lat' dir='ltr'>ex</span> <span class='ocrx_word' id='word_1_197' title='bbox 479 1973 578 2009; x_wconf 85' lang='lat' dir='ltr'>parte</span> <span class='ocrx_word' id='word_1_198' title='bbox 604 1971 718 1998; x_wconf 86' lang='lat' dir='ltr'>terrea</span> <span class='ocrx_word' id='word_1_199' title='bbox 741 1966 923 1998; x_wconf 77' lang='lat' dir='ltr'>visunturz’</span> 
     </span>
     <span class='ocr_line' id='line_1_36' title="bbox 218 2017 924 2051; baseline -0.006 0"><span class='ocrx_word' id='word_1_200' title='bbox 218 2019 304 2051; x_wconf 85' lang='lat' dir='ltr'>adeo</span> <span class='ocrx_word' id='word_1_201' title='bbox 327 2024 365 2051; x_wconf 90' lang='lat' dir='ltr'>ut</span> <span class='ocrx_word' id='word_1_202' title='bbox 389 2020 445 2050; x_wconf 83' lang='lat' dir='ltr'>vix</span> <span class='ocrx_word' id='word_1_203' title='bbox 462 2019 567 2050; x_wconf 88' lang='lat' dir='ltr'>ausim</span> <span class='ocrx_word' id='word_1_204' title='bbox 595 2019 738 2049; x_wconf 89' lang='lat' dir='ltr'>alteram</span> <span class='ocrx_word' id='word_1_205' title='bbox 766 2017 924 2049; x_wconf 87' lang='lat' dir='ltr'>termina-</span> 
     </span>
     <span class='ocr_line' id='line_1_37' title="bbox 220 2070 922 2104; baseline -0.004 -1"><span class='ocrx_word' id='word_1_206' title='bbox 220 2072 348 2104; x_wconf 83' lang='lat' dir='ltr'>tionem</span> <span class='ocrx_word' id='word_1_207' title='bbox 365 2071 490 2103; x_wconf 76' lang='lat' dir='ltr'>Caesari</span> <span class='ocrx_word' id='word_1_208' title='bbox 518 2070 728 2102; x_wconf 80' lang='lat' dir='ltr'>adscribere.</span> <span class='ocrx_word' id='word_1_209' title='bbox 774 2071 827 2101; x_wconf 84' lang='lat' dir='ltr'>Ex</span> <span class='ocrx_word' id='word_1_210' title='bbox 851 2070 922 2102; x_wconf 82' lang='lat' dir='ltr'>Ox-</span> 
     </span>
     <span class='ocr_line' id='line_1_38' title="bbox 217 2121 922 2153; baseline -0.003 0"><span class='ocrx_word' id='word_1_211' title='bbox 217 2122 348 2153; x_wconf 87' lang='lat' dir='ltr'>oniensi</span> <span class='ocrx_word' id='word_1_212' title='bbox 365 2126 477 2153; x_wconf 79' lang='lat' dir='ltr'>tamen</span> <span class='ocrx_word' id='word_1_213' title='bbox 490 2122 616 2153; x_wconf 87' lang='lat' dir='ltr'>nullam</span> <span class='ocrx_word' id='word_1_214' title='bbox 625 2121 827 2153; x_wconf 83' lang='lat' dir='ltr'>varietatem</span> <span class='ocrx_word' id='word_1_215' title='bbox 844 2130 922 2151; x_wconf 90' lang='lat' dir='ltr'>euo-</span> 
     </span>
     <span class='ocr_line' id='line_1_39' title="bbox 219 2172 524 2204; baseline 0 -1"><span class='ocrx_word' id='word_1_216' title='bbox 219 2172 306 2203; x_wconf 76' lang='lat' dir='ltr'>tavit</span> <span class='ocrx_word' id='word_1_217' title='bbox 323 2173 374 2204; x_wconf 91' lang='lat' dir='ltr'>Cl.</span> <span class='ocrx_word' id='word_1_218' title='bbox 393 2172 524 2203; x_wconf 90' lang='lat' dir='ltr'>Wasse.</span> 
     </span>
    </p>

    <p class='ocr_par' dir='ltr' id='par_1_4' title="bbox 210 2222 927 2819">
     <span class='ocr_line' id='line_1_40' title="bbox 257 2222 923 2263; baseline -0.002 -10"><span class='ocrx_word' id='word_1_219' title='bbox 257 2226 278 2254; x_wconf 81' lang='lat'>2</span> <span class='ocrx_word' id='word_1_220' title='bbox 301 2222 351 2254; x_wconf 84' lang='lat' dir='ltr'>Ab</span> <span class='ocrx_word' id='word_1_221' title='bbox 363 2223 474 2254; x_wconf 79' lang='lat' dir='ltr'>castris</span> <span class='ocrx_word' id='word_1_222' title='bbox 488 2222 642 2263; x_wconf 77' lang='lat' dir='ltr'>utrisque]</span> <span class='ocrx_word' id='word_1_223' title='bbox 677 2222 717 2254; x_wconf 90' lang='lat' dir='ltr'>In</span> <span class='ocrx_word' id='word_1_224' title='bbox 731 2223 797 2254; x_wconf 85' lang='lat' dir='ltr'>Ms.</span> <span class='ocrx_word' id='word_1_225' title='bbox 815 2222 923 2254; x_wconf 81' lang='lat' dir='ltr'>Norv.</span> 
     </span>
     <span class='ocr_line' id='line_1_41' title="bbox 214 2273 923 2315; baseline 0 -11"><span class='ocrx_word' id='word_1_226' title='bbox 214 2278 251 2305; x_wconf 88' lang='lat' dir='ltr'>et</span> <span class='ocrx_word' id='word_1_227' title='bbox 275 2274 445 2315; x_wconf 86' lang='lat' dir='ltr'>plerisque</span> <span class='ocrx_word' id='word_1_228' title='bbox 470 2274 572 2305; x_wconf 86' lang='lat' dir='ltr'>editis</span> <span class='ocrx_word' id='word_1_229' title='bbox 599 2274 723 2314; x_wconf 87' lang='lat' dir='ltr'>legitur</span> <span class='ocrx_word' id='word_1_230' title='bbox 747 2273 785 2304; x_wconf 80' lang='lat' dir='ltr'>ab</span> <span class='ocrx_word' id='word_1_231' title='bbox 809 2273 923 2304; x_wconf 76' lang='lat' dir='ltr'>castris</span> 
     </span>
     <span class='ocr_line' id='line_1_42' title="bbox 213 2324 925 2365; baseline -0.001 -9"><span class='ocrx_word' id='word_1_232' title='bbox 213 2324 370 2356; x_wconf 69' lang='lat' dir='ltr'>Ariovisti</span> <span class='ocrx_word' id='word_1_233' title='bbox 386 2328 416 2356; x_wconf 84' lang='lat' dir='ltr'>et</span> <span class='ocrx_word' id='word_1_234' title='bbox 434 2325 579 2356; x_wconf 63' lang='lat' dir='ltr'>Caesaris.</span> <span class='ocrx_word' id='word_1_235' title='bbox 624 2326 691 2356; x_wconf 86' lang='lat' dir='ltr'>Eos</span> <span class='ocrx_word' id='word_1_236' title='bbox 714 2334 837 2365; x_wconf 80' lang='lat' dir='ltr'>nempe</span> <span class='ocrx_word' id='word_1_237' title='bbox 862 2325 925 2355; x_wconf 86' lang='lat' dir='ltr'>Co-</span> 
     </span>
     <span class='ocr_line' id='line_1_43' title="bbox 218 2374 924 2407; baseline -0.003 -1"><span class='ocrx_word' id='word_1_238' title='bbox 218 2375 315 2406; x_wconf 81' lang='lat' dir='ltr'>dices</span> <span class='ocrx_word' id='word_1_239' title='bbox 330 2375 451 2406; x_wconf 87' lang='lat' dir='ltr'>invasit</span> <span class='ocrx_word' id='word_1_240' title='bbox 469 2375 655 2407; x_wconf 85' lang='lat' dir='ltr'>Glossema.</span> <span class='ocrx_word' id='word_1_241' title='bbox 684 2374 796 2406; x_wconf 73' lang='lat' dir='ltr'>Dawis.</span> <span class='ocrx_word' id='word_1_242' title='bbox 834 2374 924 2404; x_wconf 79' lang='lat' dir='ltr'>Vere</span> 
     </span>
     <span class='ocr_line' id='line_1_44' title="bbox 210 2424 925 2467; baseline -0.003 -10"><span class='ocrx_word' id='word_1_243' title='bbox 210 2425 351 2467; x_wconf 81' lang='lat' dir='ltr'>judicat</span> <span class='ocrx_word' id='word_1_244' title='bbox 380 2425 552 2465; x_wconf 81' lang='lat' dir='ltr'>Davisius,</span> <span class='ocrx_word' id='word_1_245' title='bbox 593 2430 629 2456; x_wconf 89' lang='lat' dir='ltr'>et</span> <span class='ocrx_word' id='word_1_246' title='bbox 655 2430 750 2456; x_wconf 89' lang='lat' dir='ltr'>recte</span> <span class='ocrx_word' id='word_1_247' title='bbox 776 2424 925 2456; x_wconf 86' lang='lat' dir='ltr'>restituit</span> 
     </span>
     <span class='ocr_line' id='line_1_45' title="bbox 221 2474 925 2516; baseline -0.006 -8"><span class='ocrx_word' id='word_1_248' title='bbox 221 2475 349 2508; x_wconf 86' lang='lat' dir='ltr'>Aldina</span> <span class='ocrx_word' id='word_1_249' title='bbox 364 2475 497 2507; x_wconf 88' lang='lat' dir='ltr'>Editio:</span> <span class='ocrx_word' id='word_1_250' title='bbox 514 2480 617 2516; x_wconf 87' lang='lat' dir='ltr'>atque</span> <span class='ocrx_word' id='word_1_251' title='bbox 630 2475 679 2505; x_wconf 78' lang='lat' dir='ltr'>ita</span> <span class='ocrx_word' id='word_1_252' title='bbox 694 2479 746 2505; x_wconf 89' lang='lat' dir='ltr'>est</span> <span class='ocrx_word' id='word_1_253' title='bbox 762 2474 796 2505; x_wconf 91' lang='lat' dir='ltr'>in</span> <span class='ocrx_word' id='word_1_254' title='bbox 812 2474 925 2513; x_wconf 83' lang='lat' dir='ltr'>Celso,</span> 
     </span>
     <span class='ocr_line' id='line_1_46' title="bbox 221 2521 926 2567; baseline -0.004 -10"><span class='ocrx_word' id='word_1_255' title='bbox 221 2530 257 2557; x_wconf 75' lang='lat' dir='ltr'>et</span> <span class='ocrx_word' id='word_1_256' title='bbox 282 2526 475 2567; x_wconf 84' lang='lat' dir='ltr'>interprete</span> <span class='ocrx_word' id='word_1_257' title='bbox 499 2525 637 2564; x_wconf 83' lang='lat' dir='ltr'>Graeco,</span> <span class='ocrx_word' id='word_1_258' title='bbox 661 2524 718 2565; x_wconf 90' lang='lat' dir='ltr'>qui</span> <span class='ocrx_word' id='word_1_259' title='bbox 749 2524 851 2555; x_wconf 83' lang='lat' dir='ltr'>habet</span> <span class='ocrx_word' id='word_1_260' title='bbox 874 2521 926 2554; x_wconf 81' lang='grc' dir='ltr'>ἀπ’</span> 
     </span>
     <span class='ocr_line' id='line_1_47' title="bbox 219 2573 926 2616; baseline -0.004 -9"><span class='ocrx_word' id='word_1_261' title='bbox 219 2574 401 2616; x_wconf 76' lang='grc' dir='ltr'>ἀμφοτέρων</span> <span class='ocrx_word' id='word_1_262' title='bbox 425 2576 487 2605; x_wconf 81' lang='grc' dir='ltr'>τῶν</span> <span class='ocrx_word' id='word_1_263' title='bbox 515 2573 743 2614; x_wconf 80' lang='grc' dir='ltr'>στρατοπέδων,</span> <span class='ocrx_word' id='word_1_264' title='bbox 772 2579 808 2604; x_wconf 84' lang='lat' dir='ltr'>ct</span> <span class='ocrx_word' id='word_1_265' title='bbox 839 2574 926 2605; x_wconf 79' lang='lat' dir='ltr'>alter</span> 
     </span>
     <span class='ocr_line' id='line_1_48' title="bbox 220 2625 927 2667; baseline -0.003 -10"><span class='ocrx_word' id='word_1_266' title='bbox 220 2636 255 2667; x_wconf 86' lang='lat' dir='ltr'>p.</span> <span class='ocrx_word' id='word_1_267' title='bbox 269 2630 322 2658; x_wconf 81' lang='lat'>27.</span> <span class='ocrx_word' id='word_1_268' title='bbox 336 2628 345 2644; x_wconf 90' lang='lat'>‘</span> <span class='ocrx_word' id='word_1_269' title='bbox 363 2627 405 2658; x_wconf 89' lang='lat' dir='ltr'>ab</span> <span class='ocrx_word' id='word_1_270' title='bbox 422 2626 575 2667; x_wconf 88' lang='lat' dir='ltr'>utrisque</span> <span class='ocrx_word' id='word_1_271' title='bbox 593 2625 711 2656; x_wconf 85' lang='lat' dir='ltr'>castris</span> <span class='ocrx_word' id='word_1_272' title='bbox 730 2634 827 2666; x_wconf 67' lang='lat' dir='ltr'>aequo</span> <span class='ocrx_word' id='word_1_273' title='bbox 854 2635 927 2665; x_wconf 84' lang='lat' dir='ltr'>spa-</span> 
     </span>
     <span class='ocr_line' id='line_1_49' title="bbox 221 2675 925 2709; baseline -0.001 -2"><span class='ocrx_word' id='word_1_274' title='bbox 221 2677 269 2707; x_wconf 86' lang='lat' dir='ltr'>tio</span> <span class='ocrx_word' id='word_1_275' title='bbox 307 2677 477 2709; x_wconf 69' lang='lat' dir='ltr'>remotus!</span> <span class='ocrx_word' id='word_1_276' title='bbox 537 2677 635 2708; x_wconf 90' lang='lat' dir='ltr'>Licet</span> <span class='ocrx_word' id='word_1_277' title='bbox 669 2677 750 2707; x_wconf 81' lang='lat' dir='ltr'>Mss.</span> <span class='ocrx_word' id='word_1_278' title='bbox 785 2675 812 2706; x_wconf 88' lang='lat' dir='ltr'>si</span> <span class='ocrx_word' id='word_1_279' title='bbox 837 2676 925 2707; x_wconf 82' lang='lat' dir='ltr'>exci-</span> 
     </span>
     <span class='ocr_line' id='line_1_50' title="bbox 219 2726 925 2768; baseline -0.003 -10"><span class='ocrx_word' id='word_1_280' title='bbox 219 2728 291 2768; x_wconf 77' lang='lat' dir='ltr'>pias</span> <span class='ocrx_word' id='word_1_281' title='bbox 309 2728 396 2758; x_wconf 87' lang='lat' dir='ltr'>Scal.</span> <span class='ocrx_word' id='word_1_282' title='bbox 422 2727 544 2759; x_wconf 82' lang='lat' dir='ltr'>Andin.</span> <span class='ocrx_word' id='word_1_283' title='bbox 565 2732 601 2758; x_wconf 89' lang='lat' dir='ltr'>et</span> <span class='ocrx_word' id='word_1_284' title='bbox 618 2726 729 2758; x_wconf 84' lang='lat' dir='ltr'>Oxon.</span> <span class='ocrx_word' id='word_1_285' title='bbox 756 2726 843 2757; x_wconf 89' lang='lat' dir='ltr'>Edd.</span> <span class='ocrx_word' id='word_1_286' title='bbox 860 2736 925 2766; x_wconf 85' lang='lat' dir='ltr'>que</span> 
     </span>
     <span class='ocr_line' id='line_1_51' title="bbox 217 2777 925 2819; baseline -0.003 -10"><span class='ocrx_word' id='word_1_287' title='bbox 217 2777 341 2810; x_wconf 73' lang='lat' dir='ltr'>Aldina</span> <span class='ocrx_word' id='word_1_288' title='bbox 370 2778 590 2819; x_wconf 75' lang='lat' dir='ltr'>antiquiores,</span> <span class='ocrx_word' id='word_1_289' title='bbox 614 2777 688 2808; x_wconf 84' lang='lat' dir='ltr'>aliae</span> <span class='ocrx_word' id='word_1_290' title='bbox 700 2786 765 2818; x_wconf 89' lang='lat' dir='ltr'>que</span> <span class='ocrx_word' id='word_1_291' title='bbox 789 2781 925 2808; x_wconf 83' lang='lat' dir='ltr'>servent</span> 
     </span>
    </p>
   </div>
   <div class='ocr_carea' id='block_1_3' title="bbox 688 205 1214 239">
    <p class='ocr_par' dir='ltr' id='par_1_5' title="bbox 688 205 1214 239">
     <span class='ocr_line' id='line_1_52' title="bbox 688 205 1214 239; baseline 0 -1"><span class='ocrx_word' id='word_1_292' title='bbox 688 207 829 239; x_wconf 81' lang='lat' dir='ltr'>No&#39;rAE</span> <span class='ocrx_word' id='word_1_293' title='bbox 864 205 1129 237; x_wconf 81' lang='lat' dir='ltr'>VARIORUM</span> <span class='ocrx_word' id='word_1_294' title='bbox 1162 206 1214 238; x_wconf 83' lang='lat' dir='ltr'>IN</span> 
     </span>
    </p>
   </div>
   <div class='ocr_carea' id='block_1_4' title="bbox 973 301 1682 2807">
    <p class='ocr_par' dir='ltr' id='par_1_6' title="bbox 974 301 1679 598">
     <span class='ocr_line' id='line_1_53' title="bbox 975 301 1678 345; baseline 0.004 -13"><span class='ocrx_word' id='word_1_295' title='bbox 975 301 1130 332; x_wconf 73' lang='lat' dir='ltr'>Ariovisti</span> <span class='ocrx_word' id='word_1_296' title='bbox 1156 305 1185 333; x_wconf 76' lang='lat' dir='ltr'>et</span> <span class='ocrx_word' id='word_1_297' title='bbox 1217 302 1373 334; x_wconf 74' lang='lat' dir='ltr'>Caesaris:</span> <span class='ocrx_word' id='word_1_298' title='bbox 1404 301 1463 334; x_wconf 77' lang='lat' dir='ltr'>sed</span> <span class='ocrx_word' id='word_1_299' title='bbox 1487 302 1628 345; x_wconf 72' lang='lat' dir='ltr'>utrisque</span> <span class='ocrx_word' id='word_1_300' title='bbox 1650 313 1678 336; x_wconf 86' lang='lat' dir='ltr'>c.</span> 
     </span>
     <span class='ocr_line' id='line_1_54' title="bbox 976 354 1679 397; baseline 0.004 -14"><span class='ocrx_word' id='word_1_301' title='bbox 976 362 1007 385; x_wconf 89' lang='lat' dir='ltr'>c.</span> <span class='ocrx_word' id='word_1_302' title='bbox 1031 356 1084 385; x_wconf 88' lang='lat'>50.</span> <span class='ocrx_word' id='word_1_303' title='bbox 1113 357 1165 384; x_wconf 87' lang='lat'>51.</span> <span class='ocrx_word' id='word_1_304' title='bbox 1211 354 1267 385; x_wconf 87' lang='lat' dir='ltr'>Sic</span> <span class='ocrx_word' id='word_1_305' title='bbox 1291 360 1326 386; x_wconf 88' lang='lat' dir='ltr'>et</span> <span class='ocrx_word' id='word_1_306' title='bbox 1350 364 1383 386; x_wconf 70' lang='lat' dir='ltr'>v.</span> <span class='ocrx_word' id='word_1_307' title='bbox 1410 358 1463 386; x_wconf 85' lang='lat'>50.</span> <span class='ocrx_word' id='word_1_308' title='bbox 1495 356 1504 372; x_wconf 79' lang='lat'><em>⁴</em></span> <span class='ocrx_word' id='word_1_309' title='bbox 1523 356 1679 397; x_wconf 88' lang='lat' dir='ltr'>Utrique&#39;</span> 
     </span>
     <span class='ocr_line' id='line_1_55' title="bbox 974 404 1679 444; baseline 0.004 -10"><span class='ocrx_word' id='word_1_310' title='bbox 974 405 1038 443; x_wconf 88' lang='lat' dir='ltr'>(sc.</span> <span class='ocrx_word' id='word_1_311' title='bbox 1064 404 1179 435; x_wconf 80' lang='lat' dir='ltr'>Caesar</span> <span class='ocrx_word' id='word_1_312' title='bbox 1205 410 1240 435; x_wconf 90' lang='lat' dir='ltr'>et</span> <span class='ocrx_word' id='word_1_313' title='bbox 1270 405 1378 444; x_wconf 87' lang='lat' dir='ltr'>Galli)</span> <span class='ocrx_word' id='word_1_314' title='bbox 1401 405 1410 422; x_wconf 91' lang='lat'>‘</span> <span class='ocrx_word' id='word_1_315' title='bbox 1425 415 1498 436; x_wconf 90' lang='lat' dir='ltr'>sese</span> <span class='ocrx_word' id='word_1_316' title='bbox 1522 415 1581 437; x_wconf 88' lang='lat' dir='ltr'>suo</span> <span class='ocrx_word' id='word_1_317' title='bbox 1604 407 1679 437; x_wconf 87' lang='lat' dir='ltr'>loco</span> 
     </span>
     <span class='ocr_line' id='line_1_56' title="bbox 976 454 1679 497; baseline 0.004 -13"><span class='ocrx_word' id='word_1_318' title='bbox 976 454 1175 486; x_wconf 87' lang='lat' dir='ltr'>continent.’</span> <span class='ocrx_word' id='word_1_319' title='bbox 1211 464 1290 486; x_wconf 71' lang='lat' dir='ltr'>vui.</span> <span class='ocrx_word' id='word_1_320' title='bbox 1316 459 1367 488; x_wconf 83' lang='lat'>13.</span> <span class='ocrx_word' id='word_1_321' title='bbox 1395 457 1404 473; x_wconf 84' lang='lat'>‘</span> <span class='ocrx_word' id='word_1_322' title='bbox 1430 456 1464 486; x_wconf 92' lang='lat' dir='ltr'>in</span> <span class='ocrx_word' id='word_1_323' title='bbox 1490 460 1679 497; x_wconf 83' lang='lat' dir='ltr'>conspectu</span> 
     </span>
     <span class='ocr_line' id='line_1_57' title="bbox 976 506 1679 546; baseline 0.003 -12"><span class='ocrx_word' id='word_1_324' title='bbox 976 509 1197 546; x_wconf 87' lang='lat' dir='ltr'>utrorumque</span> <span class='ocrx_word' id='word_1_325' title='bbox 1214 511 1401 537; x_wconf 81' lang='lat' dir='ltr'>castrorum</span> <span class='ocrx_word' id='word_1_326' title='bbox 1416 516 1435 537; x_wconf 87' lang='lat' dir='ltr'>a</span> <span class='ocrx_word' id='word_1_327' title='bbox 1450 507 1570 538; x_wconf 84' lang='lat' dir='ltr'>castris</span> <span class='ocrx_word' id='word_1_328' title='bbox 1595 506 1679 537; x_wconf 89' lang='lat' dir='ltr'>utri-</span> 
     </span>
     <span class='ocr_line' id='line_1_58' title="bbox 976 556 1664 598; baseline 0.004 -13"><span class='ocrx_word' id='word_1_329' title='bbox 976 565 1082 596; x_wconf 87' lang='lat' dir='ltr'>usque</span> <span class='ocrx_word' id='word_1_330' title='bbox 1094 558 1100 571; x_wconf 86' lang='lat'><em>&#39;</em></span> <span class='ocrx_word' id='word_1_331' title='bbox 1114 561 1166 586; x_wconf 82' lang='lat' dir='ltr'>est</span> <span class='ocrx_word' id='word_1_332' title='bbox 1183 556 1215 586; x_wconf 94' lang='lat' dir='ltr'>in</span> <span class='ocrx_word' id='word_1_333' title='bbox 1235 556 1297 587; x_wconf 88' lang='lat' dir='ltr'>Ed.</span> <span class='ocrx_word' id='word_1_334' title='bbox 1317 557 1357 587; x_wconf 88' lang='lat' dir='ltr'>R.</span> <span class='ocrx_word' id='word_1_335' title='bbox 1375 557 1494 597; x_wconf 88' lang='lat' dir='ltr'>Steph.</span> <span class='ocrx_word' id='word_1_336' title='bbox 1511 557 1664 598; x_wconf 83' lang='lat' dir='ltr'>aliisque.</span> 
     </span>
    </p>

    <p class='ocr_par' dir='ltr' id='par_1_7' title="bbox 974 605 1681 1189">
     <span class='ocr_line' id='line_1_59' title="bbox 1017 605 1680 648; baseline 0.003 -13"><span class='ocrx_word' id='word_1_337' title='bbox 1017 608 1035 635; x_wconf 78' lang='lat'>4</span> <span class='ocrx_word' id='word_1_338' title='bbox 1061 605 1254 646; x_wconf 75' lang='lat' dir='ltr'>Det-exerat]</span> <span class='ocrx_word' id='word_1_339' title='bbox 1280 607 1391 638; x_wconf 80' lang='lat' dir='ltr'>Nihilo</span> <span class='ocrx_word' id='word_1_340' title='bbox 1404 607 1501 647; x_wconf 87' lang='lat' dir='ltr'>pejus</span> <span class='ocrx_word' id='word_1_341' title='bbox 1514 616 1587 638; x_wconf 84' lang='lat' dir='ltr'>esse</span> <span class='ocrx_word' id='word_1_342' title='bbox 1605 616 1680 648; x_wconf 88' lang='lat' dir='ltr'>pro-</span> 
     </span>
     <span class='ocr_line' id='line_1_60' title="bbox 974 655 1680 697; baseline 0.004 -12"><span class='ocrx_word' id='word_1_343' title='bbox 974 655 1113 685; x_wconf 87' lang='lat' dir='ltr'>nunciat</span> <span class='ocrx_word' id='word_1_344' title='bbox 1131 655 1312 694; x_wconf 83' lang='lat' dir='ltr'>Gruterus,</span> <span class='ocrx_word' id='word_1_345' title='bbox 1337 656 1426 697; x_wconf 88' lang='lat' dir='ltr'>quod</span> <span class='ocrx_word' id='word_1_346' title='bbox 1444 657 1477 686; x_wconf 90' lang='lat' dir='ltr'>in</span> <span class='ocrx_word' id='word_1_347' title='bbox 1505 657 1626 688; x_wconf 78' lang='lat' dir='ltr'>Petav.</span> <span class='ocrx_word' id='word_1_348' title='bbox 1644 662 1680 688; x_wconf 84' lang='lat' dir='ltr'>et</span> 
     </span>
     <span class='ocr_line' id='line_1_61' title="bbox 974 706 1681 746; baseline 0.004 -10"><span class='ocrx_word' id='word_1_349' title='bbox 974 706 1137 745; x_wconf 82' lang='lat' dir='ltr'>Bongars.</span> <span class='ocrx_word' id='word_1_350' title='bbox 1156 716 1206 746; x_wconf 91' lang='lat' dir='ltr'>pr.</span> <span class='ocrx_word' id='word_1_351' title='bbox 1224 716 1262 737; x_wconf 87' lang='lat' dir='ltr'>ac</span> <span class='ocrx_word' id='word_1_352' title='bbox 1289 716 1355 736; x_wconf 75' lang='lat' dir='ltr'>sec.</span> <span class='ocrx_word' id='word_1_353' title='bbox 1382 707 1509 738; x_wconf 89' lang='lat' dir='ltr'>invenit</span> <span class='ocrx_word' id='word_1_354' title='bbox 1534 711 1681 739; x_wconf 67' lang='lat' dir='ltr'>vexerat.-</span> 
     </span>
     <span class='ocr_line' id='line_1_62' title="bbox 975 755 1678 796; baseline 0.006 -11"><span class='ocrx_word' id='word_1_355' title='bbox 975 755 1064 796; x_wconf 87' lang='lat' dir='ltr'>quod</span> <span class='ocrx_word' id='word_1_356' title='bbox 1081 755 1184 787; x_wconf 84' lang='lat' dir='ltr'>habet</span> <span class='ocrx_word' id='word_1_357' title='bbox 1213 757 1314 787; x_wconf 85' lang='lat' dir='ltr'>etiarn</span> <span class='ocrx_word' id='word_1_358' title='bbox 1342 757 1540 788; x_wconf 84' lang='lat' dir='ltr'>Lovaniens.</span> <span class='ocrx_word' id='word_1_359' title='bbox 1558 768 1634 789; x_wconf 89' lang='lat' dir='ltr'>cum</span> <span class='ocrx_word' id='word_1_360' title='bbox 1658 762 1678 790; x_wconf 80' lang='lat'><em>4</em></span> 
     </span>
     <span class='ocr_line' id='line_1_63' title="bbox 975 806 1679 847; baseline 0.004 -11"><span class='ocrx_word' id='word_1_361' title='bbox 975 806 1048 837; x_wconf 88' lang='lat' dir='ltr'>aliis</span> <span class='ocrx_word' id='word_1_362' title='bbox 1078 812 1113 837; x_wconf 88' lang='lat' dir='ltr'>et</span> <span class='ocrx_word' id='word_1_363' title='bbox 1130 807 1192 838; x_wconf 89' lang='lat' dir='ltr'>Ed.</span> <span class='ocrx_word' id='word_1_364' title='bbox 1212 807 1360 838; x_wconf 86' lang='lat' dir='ltr'>Incerta.</span> <span class='ocrx_word' id='word_1_365' title='bbox 1408 808 1607 847; x_wconf 83' lang='lat' dir='ltr'>Elegantius</span> <span class='ocrx_word' id='word_1_366' title='bbox 1631 813 1679 840; x_wconf 90' lang='lat' dir='ltr'>ta-</span> 
     </span>
     <span class='ocr_line' id='line_1_64' title="bbox 974 856 1681 899; baseline 0.006 -13"><span class='ocrx_word' id='word_1_367' title='bbox 974 865 1051 886; x_wconf 86' lang='lat' dir='ltr'>men</span> <span class='ocrx_word' id='word_1_368' title='bbox 1067 856 1147 887; x_wconf 90' lang='lat' dir='ltr'>mihi</span> <span class='ocrx_word' id='word_1_369' title='bbox 1165 857 1300 888; x_wconf 86' lang='lat' dir='ltr'>videtur</span> <span class='ocrx_word' id='word_1_370' title='bbox 1314 858 1499 898; x_wconf 79' lang='lat' dir='ltr'>vulgatum,</span> <span class='ocrx_word' id='word_1_371' title='bbox 1510 859 1597 899; x_wconf 88' lang='lat' dir='ltr'>quod</span> <span class='ocrx_word' id='word_1_372' title='bbox 1612 868 1681 890; x_wconf 83' lang='lat' dir='ltr'>ser-</span> 
     </span>
     <span class='ocr_line' id='line_1_65' title="bbox 974 907 1680 948; baseline 0.007 -12"><span class='ocrx_word' id='word_1_373' title='bbox 974 910 1057 937; x_wconf 68' lang='lat' dir='ltr'>vant</span> <span class='ocrx_word' id='word_1_374' title='bbox 1070 907 1188 946; x_wconf 83' lang='lat' dir='ltr'>optimi</span> <span class='ocrx_word' id='word_1_375' title='bbox 1202 917 1334 948; x_wconf 81' lang='lat' dir='ltr'>quoque</span> <span class='ocrx_word' id='word_1_376' title='bbox 1344 907 1453 938; x_wconf 84' lang='lat' dir='ltr'>Codd.</span> <span class='ocrx_word' id='word_1_377' title='bbox 1472 913 1509 939; x_wconf 94' lang='lat' dir='ltr'>ut</span> <span class='ocrx_word' id='word_1_378' title='bbox 1523 908 1680 941; x_wconf 75' lang='lat' dir='ltr'>Vossian.</span> 
     </span>
     <span class='ocr_line' id='line_1_66' title="bbox 975 957 1678 998; baseline 0.006 -11"><span class='ocrx_word' id='word_1_379' title='bbox 975 957 1074 996; x_wconf 85' lang='lat' dir='ltr'>prim.</span> <span class='ocrx_word' id='word_1_380' title='bbox 1092 958 1189 989; x_wconf 88' lang='lat' dir='ltr'>Leid.</span> <span class='ocrx_word' id='word_1_381' title='bbox 1208 959 1306 998; x_wconf 90' lang='lat' dir='ltr'>prim.</span> <span class='ocrx_word' id='word_1_382' title='bbox 1321 958 1444 989; x_wconf 86' lang='lat' dir='ltr'>Audin.</span> <span class='ocrx_word' id='word_1_383' title='bbox 1460 959 1571 990; x_wconf 83' lang='lat' dir='ltr'>Oxou.</span> <span class='ocrx_word' id='word_1_384' title='bbox 1587 964 1678 991; x_wconf 86' lang='lat' dir='ltr'>cete-</span> 
     </span>
     <span class='ocr_line' id='line_1_67' title="bbox 976 1007 1678 1049; baseline 0.004 -12"><span class='ocrx_word' id='word_1_385' title='bbox 976 1007 1084 1048; x_wconf 86' lang='lat' dir='ltr'>rique.</span> <span class='ocrx_word' id='word_1_386' title='bbox 1103 1007 1284 1048; x_wconf 84' lang='lat' dir='ltr'>Intelligit,</span> <span class='ocrx_word' id='word_1_387' title='bbox 1301 1007 1446 1039; x_wconf 85' lang='lat' dir='ltr'>editiora</span> <span class='ocrx_word' id='word_1_388' title='bbox 1467 1007 1571 1040; x_wconf 87' lang='lat' dir='ltr'>fuisse</span> <span class='ocrx_word' id='word_1_389' title='bbox 1585 1009 1678 1049; x_wconf 86' lang='lat' dir='ltr'>loca,</span> 
     </span>
     <span class='ocr_line' id='line_1_68' title="bbox 975 1058 1678 1099; baseline 0.003 -11"><span class='ocrx_word' id='word_1_390' title='bbox 975 1068 992 1088; x_wconf 88' lang='lat' dir='ltr'>e</span> <span class='ocrx_word' id='word_1_391' title='bbox 1017 1058 1138 1098; x_wconf 91' lang='lat' dir='ltr'>quibus</span> <span class='ocrx_word' id='word_1_392' title='bbox 1167 1058 1201 1089; x_wconf 88' lang='lat' dir='ltr'>in</span> <span class='ocrx_word' id='word_1_393' title='bbox 1229 1058 1404 1098; x_wconf 88' lang='lat' dir='ltr'>planitiem</span> <span class='ocrx_word' id='word_1_394' title='bbox 1434 1059 1577 1099; x_wconf 73' lang='lat' dir='ltr'>deduxit,</span> <span class='ocrx_word' id='word_1_395' title='bbox 1593 1059 1678 1099; x_wconf 86' lang='lat' dir='ltr'>sive,</span> 
     </span>
     <span class='ocr_line' id='line_1_69' title="bbox 975 1108 1678 1149; baseline 0.004 -11"><span class='ocrx_word' id='word_1_396' title='bbox 975 1108 1053 1148; x_wconf 91' lang='lat' dir='ltr'>quia</span> <span class='ocrx_word' id='word_1_397' title='bbox 1086 1108 1129 1139; x_wconf 89' lang='lat' dir='ltr'>de</span> <span class='ocrx_word' id='word_1_398' title='bbox 1167 1108 1262 1149; x_wconf 81' lang='lat' dir='ltr'>equis</span> <span class='ocrx_word' id='word_1_399' title='bbox 1301 1108 1427 1149; x_wconf 86' lang='lat' dir='ltr'>agitur,</span> <span class='ocrx_word' id='word_1_400' title='bbox 1458 1110 1581 1141; x_wconf 67' lang='lat' dir='ltr'>det-exit</span> <span class='ocrx_word' id='word_1_401' title='bbox 1620 1119 1678 1141; x_wconf 86' lang='lat' dir='ltr'>eos</span> 
     </span>
     <span class='ocr_line' id='line_1_70' title="bbox 975 1158 1104 1189; baseline -0.008 0"><span class='ocrx_word' id='word_1_402' title='bbox 975 1158 1104 1189; x_wconf 82' lang='lat' dir='ltr'>Caesar.</span> 
     </span>
    </p>

    <p class='ocr_par' dir='ltr' id='par_1_8' title="bbox 975 1209 1682 1704">
     <span class='ocr_line' id='line_1_71' title="bbox 1017 1209 1679 1250; baseline 0.005 -12"><span class='ocrx_word' id='word_1_403' title='bbox 1017 1211 1035 1238; x_wconf 84' lang='lat'>7</span> <span class='ocrx_word' id='word_1_404' title='bbox 1062 1209 1167 1240; x_wconf 77' lang='lat' dir='ltr'>Denos</span> <span class='ocrx_word' id='word_1_405' title='bbox 1178 1212 1211 1239; x_wconf 82' lang='lat' dir='ltr'>ut</span> <span class='ocrx_word' id='word_1_406' title='bbox 1221 1210 1260 1239; x_wconf 74' lang='lat' dir='ltr'>acl</span> <span class='ocrx_word' id='word_1_407' title='bbox 1273 1220 1299 1240; x_wconf 88' lang='lat' dir='ltr'>c.</span> <span class='ocrx_word' id='word_1_408' title='bbox 1316 1210 1517 1250; x_wconf 77' lang='lat' dir='ltr'>adducerent]</span> <span class='ocrx_word' id='word_1_409' title='bbox 1535 1211 1679 1242; x_wconf 76' lang='lat' dir='ltr'>Graecus</span> 
     </span>
     <span class='ocr_line' id='line_1_72' title="bbox 975 1259 1679 1302; baseline 0.003 -12"><span class='ocrx_word' id='word_1_410' title='bbox 975 1259 1145 1300; x_wconf 85' lang='lat' dir='ltr'>interpres</span> <span class='ocrx_word' id='word_1_411' title='bbox 1172 1259 1271 1291; x_wconf 91' lang='lat' dir='ltr'>modo</span> <span class='ocrx_word' id='word_1_412' title='bbox 1295 1259 1347 1290; x_wconf 86' lang='grc' dir='ltr'>δύο</span> <span class='ocrx_word' id='word_1_413' title='bbox 1371 1260 1488 1300; x_wconf 89' lang='lat' dir='ltr'>habet,</span> <span class='ocrx_word' id='word_1_414' title='bbox 1507 1262 1601 1302; x_wconf 76' lang='lat' dir='ltr'>quasi</span> <span class='ocrx_word' id='word_1_415' title='bbox 1624 1261 1679 1293; x_wconf 89' lang='lat' dir='ltr'>hic</span> 
     </span>
     <span class='ocr_line' id='line_1_73' title="bbox 975 1310 1681 1351; baseline 0.001 -11"><span class='ocrx_word' id='word_1_416' title='bbox 975 1310 1060 1342; x_wconf 81' lang='lat' dir='ltr'>binos</span> <span class='ocrx_word' id='word_1_417' title='bbox 1087 1311 1227 1351; x_wconf 74' lang='lat' dir='ltr'>legisset</span> <span class='ocrx_word' id='word_1_418' title='bbox 1261 1311 1294 1341; x_wconf 91' lang='lat' dir='ltr'>in</span> <span class='ocrx_word' id='word_1_419' title='bbox 1329 1320 1388 1341; x_wconf 83' lang='lat' dir='ltr'>suo</span> <span class='ocrx_word' id='word_1_420' title='bbox 1415 1311 1615 1351; x_wconf 78' lang='lat' dir='ltr'>exemplari,</span> <span class='ocrx_word' id='word_1_421' title='bbox 1644 1315 1681 1342; x_wconf 90' lang='lat' dir='ltr'>ut</span> 
     </span>
     <span class='ocr_line' id='line_1_74' title="bbox 976 1360 1682 1402; baseline 0 -11"><span class='ocrx_word' id='word_1_422' title='bbox 976 1365 1094 1391; x_wconf 89' lang='lat' dir='ltr'>monet</span> <span class='ocrx_word' id='word_1_423' title='bbox 1115 1361 1401 1401; x_wconf 76' lang='lat' dir='ltr'>JungermannuS,</span> <span class='ocrx_word' id='word_1_424' title='bbox 1419 1371 1484 1402; x_wconf 88' lang='lat' dir='ltr'>quo</span> <span class='ocrx_word' id='word_1_425' title='bbox 1508 1360 1590 1392; x_wconf 75' lang='lat' dir='ltr'>facit</span> <span class='ocrx_word' id='word_1_426' title='bbox 1618 1361 1682 1391; x_wconf 85' lang='lat' dir='ltr'>Pa-</span> 
     </span>
     <span class='ocr_line' id='line_1_75' title="bbox 981 1410 1681 1450; baseline 0.001 -9"><span class='ocrx_word' id='word_1_427' title='bbox 981 1410 1078 1443; x_wconf 82' lang='lat' dir='ltr'>latini</span> <span class='ocrx_word' id='word_1_428' title='bbox 1095 1410 1224 1441; x_wconf 85' lang='lat' dir='ltr'>codieis</span> <span class='ocrx_word' id='word_1_429' title='bbox 1240 1411 1412 1450; x_wconf 79' lang='lat' dir='ltr'>scriptura</span> <span class='ocrx_word' id='word_1_430' title='bbox 1426 1412 1549 1441; x_wconf 83' lang='lat' dir='ltr'>denuos.</span> <span class='ocrx_word' id='word_1_431' title='bbox 1588 1410 1681 1442; x_wconf 78' lang='lat' dir='ltr'>Prae-</span> 
     </span>
     <span class='ocr_line' id='line_1_76' title="bbox 976 1460 1681 1501; baseline 0.001 -11"><span class='ocrx_word' id='word_1_432' title='bbox 976 1465 1073 1491; x_wconf 83' lang='lat' dir='ltr'>terea</span> <span class='ocrx_word' id='word_1_433' title='bbox 1089 1461 1138 1491; x_wconf 92' lang='lat' dir='ltr'>ita</span> <span class='ocrx_word' id='word_1_434' title='bbox 1153 1461 1225 1492; x_wconf 80' lang='lat' dir='ltr'>haec</span> <span class='ocrx_word' id='word_1_435' title='bbox 1239 1460 1344 1491; x_wconf 87' lang='lat' dir='ltr'>vertit</span> <span class='ocrx_word' id='word_1_436' title='bbox 1360 1460 1462 1500; x_wconf 89' lang='lat' dir='ltr'>idem,</span> <span class='ocrx_word' id='word_1_437' title='bbox 1486 1461 1581 1501; x_wconf 86' lang='lat' dir='ltr'>quasi</span> <span class='ocrx_word' id='word_1_438' title='bbox 1604 1460 1681 1492; x_wconf 82' lang='lat' dir='ltr'>Ari-</span> 
     </span>
     <span class='ocr_line' id='line_1_77' title="bbox 975 1511 1681 1544; baseline 0.001 -2"><span class='ocrx_word' id='word_1_439' title='bbox 975 1511 1102 1542; x_wconf 86' lang='lat' dir='ltr'>ovistus</span> <span class='ocrx_word' id='word_1_440' title='bbox 1117 1512 1206 1542; x_wconf 86' lang='lat' dir='ltr'>solus</span> <span class='ocrx_word' id='word_1_441' title='bbox 1231 1511 1394 1542; x_wconf 86' lang='lat' dir='ltr'>voluisset</span> <span class='ocrx_word' id='word_1_442' title='bbox 1417 1521 1530 1542; x_wconf 87' lang='lat' dir='ltr'>secum</span> <span class='ocrx_word' id='word_1_443' title='bbox 1554 1511 1681 1544; x_wconf 86' lang='lat' dir='ltr'>ducere</span> 
     </span>
     <span class='ocr_line' id='line_1_78' title="bbox 975 1561 1682 1602; baseline 0.001 -10"><span class='ocrx_word' id='word_1_444' title='bbox 975 1561 1128 1602; x_wconf 85' lang='lat' dir='ltr'>equites:</span> <span class='ocrx_word' id='word_1_445' title='bbox 1155 1566 1190 1592; x_wconf 89' lang='lat' dir='ltr'>et</span> <span class='ocrx_word' id='word_1_446' title='bbox 1214 1565 1308 1592; x_wconf 86' lang='lat' dir='ltr'>certe</span> <span class='ocrx_word' id='word_1_447' title='bbox 1331 1563 1495 1593; x_wconf 77' lang='lat' dir='ltr'>adduceret</span> <span class='ocrx_word' id='word_1_448' title='bbox 1518 1562 1682 1593; x_wconf 77' lang='lat' dir='ltr'>exhibent</span> 
     </span>
     <span class='ocr_line' id='line_1_79' title="bbox 978 1611 1681 1652; baseline 0.004 -10"><span class='ocrx_word' id='word_1_449' title='bbox 978 1612 1143 1651; x_wconf 84' lang='lat' dir='ltr'>Bongars.</span> <span class='ocrx_word' id='word_1_450' title='bbox 1163 1611 1277 1651; x_wconf 90' lang='lat' dir='ltr'>prim.,</span> <span class='ocrx_word' id='word_1_451' title='bbox 1302 1612 1532 1652; x_wconf 81' lang='lat' dir='ltr'>Lovaniensis,</span> <span class='ocrx_word' id='word_1_452' title='bbox 1556 1618 1592 1644; x_wconf 91' lang='lat' dir='ltr'>et</span> <span class='ocrx_word' id='word_1_453' title='bbox 1622 1613 1681 1645; x_wconf 86' lang='lat' dir='ltr'>alii</span> 
     </span>
     <span class='ocr_line' id='line_1_80' title="bbox 975 1662 1467 1704; baseline 0.004 -12"><span class='ocrx_word' id='word_1_454' title='bbox 975 1662 1122 1704; x_wconf 82' lang='lat' dir='ltr'>quinque</span> <span class='ocrx_word' id='word_1_455' title='bbox 1138 1672 1214 1693; x_wconf 87' lang='lat' dir='ltr'>cum</span> <span class='ocrx_word' id='word_1_456' title='bbox 1233 1662 1298 1693; x_wconf 88' lang='lat' dir='ltr'>Ed.</span> <span class='ocrx_word' id='word_1_457' title='bbox 1316 1662 1467 1694; x_wconf 82' lang='lat' dir='ltr'>Incerta.</span> 
     </span>
    </p>

    <p class='ocr_par' dir='ltr' id='par_1_9' title="bbox 973 1713 1681 2807">
     <span class='ocr_line' id='line_1_81' title="bbox 1019 1713 1681 1753; baseline 0.003 -10"><span class='ocrx_word' id='word_1_458' title='bbox 1019 1716 1059 1743; x_wconf 85' lang='lat'>10</span> <span class='ocrx_word' id='word_1_459' title='bbox 1082 1713 1283 1753; x_wconf 81' lang='lat' dir='ltr'>Amplissima</span> <span class='ocrx_word' id='word_1_460' title='bbox 1308 1713 1416 1753; x_wconf 77' lang='lat' dir='ltr'>missa]</span> <span class='ocrx_word' id='word_1_461' title='bbox 1456 1713 1617 1747; x_wconf 81' lang='lat' dir='ltr'>Romanis</span> <span class='ocrx_word' id='word_1_462' title='bbox 1646 1714 1681 1745; x_wconf 92' lang='lat' dir='ltr'>in</span> 
     </span>
     <span class='ocr_line' id='line_1_82' title="bbox 974 1765 1680 1805; baseline 0.003 -10"><span class='ocrx_word' id='word_1_463' title='bbox 974 1774 1066 1795; x_wconf 89' lang='lat' dir='ltr'>more</span> <span class='ocrx_word' id='word_1_464' title='bbox 1095 1765 1243 1804; x_wconf 89' lang='lat' dir='ltr'>positum</span> <span class='ocrx_word' id='word_1_465' title='bbox 1267 1770 1353 1804; x_wconf 80' lang='lat' dir='ltr'>erat,</span> <span class='ocrx_word' id='word_1_466' title='bbox 1383 1765 1431 1795; x_wconf 83' lang='lat' dir='ltr'>ita</span> <span class='ocrx_word' id='word_1_467' title='bbox 1455 1775 1489 1796; x_wconf 91' lang='lat' dir='ltr'>se</span> <span class='ocrx_word' id='word_1_468' title='bbox 1518 1775 1597 1805; x_wconf 78' lang='lat' dir='ltr'>erga</span> <span class='ocrx_word' id='word_1_469' title='bbox 1623 1774 1680 1797; x_wconf 89' lang='lat' dir='ltr'>eos</span> 
     </span>
     <span class='ocr_line' id='line_1_83' title="bbox 974 1815 1680 1855; baseline 0.001 -10"><span class='ocrx_word' id='word_1_470' title='bbox 974 1824 1106 1855; x_wconf 80' lang='lat' dir='ltr'>gerere,</span> <span class='ocrx_word' id='word_1_471' title='bbox 1122 1824 1205 1855; x_wconf 86' lang='lat' dir='ltr'>quos</span> <span class='ocrx_word' id='word_1_472' title='bbox 1233 1815 1364 1855; x_wconf 85' lang='lat' dir='ltr'>Regum</span> <span class='ocrx_word' id='word_1_473' title='bbox 1390 1815 1491 1846; x_wconf 88' lang='lat' dir='ltr'>titulo</span> <span class='ocrx_word' id='word_1_474' title='bbox 1508 1821 1680 1846; x_wconf 89' lang='lat' dir='ltr'>ornarant.</span> 
     </span>
     <span class='ocr_line' id='line_1_84' title="bbox 974 1865 1676 1907; baseline 0.003 -12"><span class='ocrx_word' id='word_1_475' title='bbox 974 1865 1031 1896; x_wconf 87' lang='lat' dir='ltr'>Sic</span> <span class='ocrx_word' id='word_1_476' title='bbox 1060 1865 1150 1905; x_wconf 83' lang='lat' dir='ltr'>apud</span> <span class='ocrx_word' id='word_1_477' title='bbox 1179 1865 1313 1896; x_wconf 88' lang='lat' dir='ltr'>Livium</span> <span class='ocrx_word' id='word_1_478' title='bbox 1342 1874 1431 1896; x_wconf 80' lang='lat' dir='ltr'>xxx.</span> <span class='ocrx_word' id='word_1_479' title='bbox 1458 1869 1509 1897; x_wconf 89' lang='grc'>15.</span> <span class='ocrx_word' id='word_1_480' title='bbox 1534 1867 1542 1883; x_wconf 81' lang='lat'>‘</span> <span class='ocrx_word' id='word_1_481' title='bbox 1561 1866 1676 1907; x_wconf 85' lang='lat' dir='ltr'>Scipio</span> 
     </span>
     <span class='ocr_line' id='line_1_85' title="bbox 975 1915 1678 1956; baseline -0.001 -9"><span class='ocrx_word' id='word_1_482' title='bbox 975 1915 1189 1947; x_wconf 84' lang='lat' dir='ltr'>Masinissam</span> <span class='ocrx_word' id='word_1_483' title='bbox 1211 1915 1355 1956; x_wconf 87' lang='lat' dir='ltr'>primum</span> <span class='ocrx_word' id='word_1_484' title='bbox 1381 1917 1507 1956; x_wconf 83' lang='lat' dir='ltr'>Regem</span> <span class='ocrx_word' id='word_1_485' title='bbox 1530 1916 1678 1956; x_wconf 85' lang='lat' dir='ltr'>appella-</span> 
     </span>
     <span class='ocr_line' id='line_1_86' title="bbox 975 1966 1679 2007; baseline -0.003 -9"><span class='ocrx_word' id='word_1_486' title='bbox 975 1971 1046 1998; x_wconf 90' lang='lat' dir='ltr'>tum</span> <span class='ocrx_word' id='word_1_487' title='bbox 1082 1966 1280 2007; x_wconf 77' lang='lat' dir='ltr'>eximiisque</span> <span class='ocrx_word' id='word_1_488' title='bbox 1318 1971 1473 1998; x_wconf 86' lang='lat' dir='ltr'>ornatum</span> <span class='ocrx_word' id='word_1_489' title='bbox 1507 1966 1679 2005; x_wconf 86' lang='lat' dir='ltr'>laudibus,</span> 
     </span>
     <span class='ocr_line' id='line_1_87' title="bbox 974 2016 1681 2056; baseline 0 -9"><span class='ocrx_word' id='word_1_490' title='bbox 974 2026 1077 2048; x_wconf 89' lang='lat' dir='ltr'>aurea</span> <span class='ocrx_word' id='word_1_491' title='bbox 1116 2026 1253 2056; x_wconf 86' lang='lat' dir='ltr'>corona,</span> <span class='ocrx_word' id='word_1_492' title='bbox 1290 2025 1393 2047; x_wconf 87' lang='lat' dir='ltr'>aurea</span> <span class='ocrx_word' id='word_1_493' title='bbox 1435 2019 1567 2056; x_wconf 79' lang='lat' dir='ltr'>patera,</span> <span class='ocrx_word' id='word_1_494' title='bbox 1597 2016 1681 2047; x_wconf 78' lang='lat' dir='ltr'>sena</span> 
     </span>
     <span class='ocr_line' id='line_1_88' title="bbox 973 2066 1681 2108; baseline -0.003 -10"><span class='ocrx_word' id='word_1_495' title='bbox 973 2067 1083 2098; x_wconf 87' lang='lat' dir='ltr'>curuli</span> <span class='ocrx_word' id='word_1_496' title='bbox 1097 2072 1133 2098; x_wconf 91' lang='lat' dir='ltr'>et</span> <span class='ocrx_word' id='word_1_497' title='bbox 1149 2067 1300 2108; x_wconf 84' lang='lat' dir='ltr'>scipione</span> <span class='ocrx_word' id='word_1_498' title='bbox 1314 2066 1475 2106; x_wconf 88' lang='lat' dir='ltr'>eburnea,</span> <span class='ocrx_word' id='word_1_499' title='bbox 1492 2072 1572 2106; x_wconf 82' lang='lat' dir='ltr'>toga</span> <span class='ocrx_word' id='word_1_500' title='bbox 1588 2066 1681 2106; x_wconf 89' lang='lat' dir='ltr'>picta</span> 
     </span>
     <span class='ocr_line' id='line_1_89' title="bbox 975 2115 1681 2158; baseline -0.003 -9"><span class='ocrx_word' id='word_1_501' title='bbox 975 2122 1010 2149; x_wconf 89' lang='lat' dir='ltr'>et</span> <span class='ocrx_word' id='word_1_502' title='bbox 1036 2117 1186 2158; x_wconf 84' lang='lat' dir='ltr'>palmata</span> <span class='ocrx_word' id='word_1_503' title='bbox 1209 2117 1322 2148; x_wconf 83' lang='lat' dir='ltr'>tunica</span> <span class='ocrx_word' id='word_1_504' title='bbox 1348 2115 1474 2147; x_wconf 85' lang='lat' dir='ltr'>donat.&#39;</span> <span class='ocrx_word' id='word_1_505' title='bbox 1528 2116 1616 2148; x_wconf 83' lang='lat' dir='ltr'>Vide</span> <span class='ocrx_word' id='word_1_506' title='bbox 1645 2121 1681 2147; x_wconf 85' lang='lat' dir='ltr'>et</span> 
     </span>
     <span class='ocr_line' id='line_1_90' title="bbox 974 2167 1679 2206; baseline -0.003 -7"><span class='ocrx_word' id='word_1_507' title='bbox 974 2169 1078 2199; x_wconf 84' lang='lat' dir='ltr'>Barn.</span> <span class='ocrx_word' id='word_1_508' title='bbox 1110 2167 1319 2198; x_wconf 88' lang='lat' dir='ltr'>Brissonium</span> <span class='ocrx_word' id='word_1_509' title='bbox 1352 2167 1463 2197; x_wconf 82' lang='lat' dir='ltr'>Form.</span> <span class='ocrx_word' id='word_1_510' title='bbox 1488 2175 1528 2197; x_wconf 88' lang='grc' dir='ltr'>ιι.</span> <span class='ocrx_word' id='word_1_511' title='bbox 1555 2176 1587 2206; x_wconf 95' lang='lat' dir='ltr'>p.</span> <span class='ocrx_word' id='word_1_512' title='bbox 1604 2168 1679 2198; x_wconf 68' lang='lat'>23⁴.</span> 
     </span>
     <span class='ocr_line' id='line_1_91' title="bbox 974 2215 1677 2259; baseline -0.004 -10"><span class='ocrx_word' id='word_1_513' title='bbox 974 2224 1010 2250; x_wconf 84' lang='lat' dir='ltr'>ct</span> <span class='ocrx_word' id='word_1_514' title='bbox 1027 2228 1097 2259; x_wconf 90' lang='lat' dir='ltr'>seq.</span> <span class='ocrx_word' id='word_1_515' title='bbox 1114 2218 1224 2249; x_wconf 81' lang='lat' dir='ltr'>Davis.</span> <span class='ocrx_word' id='word_1_516' title='bbox 1271 2217 1312 2248; x_wconf 89' lang='lat' dir='ltr'>In</span> <span class='ocrx_word' id='word_1_517' title='bbox 1335 2217 1417 2248; x_wconf 73' lang='lat' dir='ltr'>Mss.</span> <span class='ocrx_word' id='word_1_518' title='bbox 1445 2215 1623 2247; x_wconf 87' lang='lat' dir='ltr'>duodecim</span> <span class='ocrx_word' id='word_1_519' title='bbox 1640 2221 1677 2247; x_wconf 87' lang='lat' dir='ltr'>et</span> 
     </span>
     <span class='ocr_line' id='line_1_92' title="bbox 976 2267 1680 2308; baseline -0.003 -8"><span class='ocrx_word' id='word_1_520' title='bbox 976 2269 1064 2301; x_wconf 87' lang='lat' dir='ltr'>Edd.</span> <span class='ocrx_word' id='word_1_521' title='bbox 1075 2270 1170 2300; x_wconf 85' lang='lat' dir='ltr'>Vett.</span> <span class='ocrx_word' id='word_1_522' title='bbox 1182 2268 1362 2299; x_wconf 88' lang='lat' dir='ltr'>exhibetur</span> <span class='ocrx_word' id='word_1_523' title='bbox 1372 2267 1557 2308; x_wconf 80' lang='lat' dir='ltr'>amplissime</span> <span class='ocrx_word' id='word_1_524' title='bbox 1567 2277 1578 2303; x_wconf 89' lang='lat'>,·</span> <span class='ocrx_word' id='word_1_525' title='bbox 1588 2271 1625 2298; x_wconf 94' lang='lat' dir='ltr'>ut</span> <span class='ocrx_word' id='word_1_526' title='bbox 1638 2268 1680 2298; x_wconf 91' lang='lat' dir='ltr'>B.</span> 
     </span>
     <span class='ocr_line' id='line_1_93' title="bbox 975 2317 1679 2359; baseline -0.003 -9"><span class='ocrx_word' id='word_1_527' title='bbox 975 2320 1048 2350; x_wconf 86' lang='lat' dir='ltr'>Civ.</span> <span class='ocrx_word' id='word_1_528' title='bbox 1065 2328 1120 2350; x_wconf 90' lang='grc' dir='ltr'><strong>ιιι.</strong></span> <span class='ocrx_word' id='word_1_529' title='bbox 1138 2321 1190 2350; x_wconf 83' lang='lat'>53.</span> <span class='ocrx_word' id='word_1_530' title='bbox 1206 2320 1214 2335; x_wconf 93' lang='lat'>‘</span> <span class='ocrx_word' id='word_1_531' title='bbox 1230 2318 1435 2359; x_wconf 84' lang='lat' dir='ltr'>amplissime</span> <span class='ocrx_word' id='word_1_532' title='bbox 1448 2318 1572 2349; x_wconf 85' lang='lat' dir='ltr'>donare</span> <span class='ocrx_word' id='word_1_533' title='bbox 1583 2317 1604 2348; x_wconf 70' lang='grc' dir='ltr'>ε’</span> <span class='ocrx_word' id='word_1_534' title='bbox 1620 2317 1679 2348; x_wconf 87' lang='lat' dir='ltr'>sed</span> 
     </span>
     <span class='ocr_line' id='line_1_94' title="bbox 976 2368 1681 2410; baseline -0.004 -9"><span class='ocrx_word' id='word_1_535' title='bbox 976 2370 1096 2410; x_wconf 88' lang='lat' dir='ltr'>optimi</span> <span class='ocrx_word' id='word_1_536' title='bbox 1115 2369 1250 2401; x_wconf 87' lang='lat' dir='ltr'>codices</span> <span class='ocrx_word' id='word_1_537' title='bbox 1274 2369 1392 2409; x_wconf 84' lang='lat' dir='ltr'>Cujac.</span> <span class='ocrx_word' id='word_1_538' title='bbox 1418 2368 1543 2400; x_wconf 84' lang='lat' dir='ltr'>Audin.</span> <span class='ocrx_word' id='word_1_539' title='bbox 1567 2368 1681 2400; x_wconf 82' lang='lat' dir='ltr'>Oxon.</span> 
     </span>
     <span class='ocr_line' id='line_1_95' title="bbox 975 2418 1678 2460; baseline -0.006 -9"><span class='ocrx_word' id='word_1_540' title='bbox 975 2420 1100 2460; x_wconf 83' lang='lat' dir='ltr'>Scalig.</span> <span class='ocrx_word' id='word_1_541' title='bbox 1126 2425 1162 2450; x_wconf 90' lang='lat' dir='ltr'>et</span> <span class='ocrx_word' id='word_1_542' title='bbox 1185 2419 1282 2450; x_wconf 88' lang='lat' dir='ltr'>Leid.</span> <span class='ocrx_word' id='word_1_543' title='bbox 1299 2429 1350 2460; x_wconf 84' lang='lat' dir='ltr'>pr.</span> <span class='ocrx_word' id='word_1_544' title='bbox 1367 2418 1450 2449; x_wconf 89' lang='lat' dir='ltr'>dant</span> <span class='ocrx_word' id='word_1_545' title='bbox 1469 2422 1532 2450; x_wconf 82' lang='lat' dir='ltr'>tam</span> <span class='ocrx_word' id='word_1_546' title='bbox 1552 2418 1678 2458; x_wconf 66' lang='lat' dir='ltr'>amplis-</span> 
     </span>
     <span class='ocr_line' id='line_1_96' title="bbox 975 2467 1678 2511; baseline -0.006 -10"><span class='ocrx_word' id='word_1_547' title='bbox 975 2471 1071 2506; x_wconf 75' lang='lat' dir='ltr'>sima5</span> <span class='ocrx_word' id='word_1_548' title='bbox 1096 2470 1186 2511; x_wconf 89' lang='lat' dir='ltr'>quod</span> <span class='ocrx_word' id='word_1_549' title='bbox 1203 2479 1269 2500; x_wconf 89' lang='lat' dir='ltr'>non</span> <span class='ocrx_word' id='word_1_550' title='bbox 1286 2468 1514 2509; x_wconf 87' lang='lat' dir='ltr'>spernendum</span> <span class='ocrx_word' id='word_1_551' title='bbox 1528 2467 1678 2498; x_wconf 72' lang='lat' dir='ltr'>videtur.</span> 
     </span>
     <span class='ocr_line' id='line_1_97' title="bbox 979 2518 1679 2561; baseline -0.004 -10"><span class='ocrx_word' id='word_1_552' title='bbox 979 2521 1053 2551; x_wconf 77' lang='lat' dir='ltr'>Tum</span> <span class='ocrx_word' id='word_1_553' title='bbox 1069 2521 1157 2552; x_wconf 88' lang='lat' dir='ltr'>enim</span> <span class='ocrx_word' id='word_1_554' title='bbox 1168 2520 1329 2561; x_wconf 81' lang='lat' dir='ltr'>jungitur</span> <span class='ocrx_word' id='word_1_555' title='bbox 1345 2518 1527 2559; x_wconf 87' lang='lat' dir='ltr'>aliquando</span> <span class='ocrx_word' id='word_1_556' title='bbox 1544 2518 1588 2549; x_wconf 92' lang='lat' dir='ltr'>ob</span> <span class='ocrx_word' id='word_1_557' title='bbox 1611 2527 1679 2549; x_wconf 89' lang='lat' dir='ltr'>em-</span> 
     </span>
     <span class='ocr_line' id='line_1_98' title="bbox 976 2568 1677 2611; baseline -0.004 -10"><span class='ocrx_word' id='word_1_558' title='bbox 976 2571 1095 2611; x_wconf 87' lang='lat' dir='ltr'>phasin</span> <span class='ocrx_word' id='word_1_559' title='bbox 1109 2570 1330 2611; x_wconf 83' lang='lat' dir='ltr'>superlativo.</span> <span class='ocrx_word' id='word_1_560' title='bbox 1367 2569 1442 2600; x_wconf 87' lang='lat' dir='ltr'>Ter.</span> <span class='ocrx_word' id='word_1_561' title='bbox 1458 2568 1585 2599; x_wconf 86' lang='lat' dir='ltr'>Heaut.</span> <span class='ocrx_word' id='word_1_562' title='bbox 1600 2578 1631 2599; x_wconf 88' lang='lat' dir='ltr'>v.</span> <span class='ocrx_word' id='word_1_563' title='bbox 1645 2570 1677 2598; x_wconf 80' lang='lat'>2.</span> 
     </span>
     <span class='ocr_line' id='line_1_99' title="bbox 975 2618 1679 2660; baseline -0.006 -8"><span class='ocrx_word' id='word_1_564' title='bbox 975 2623 1028 2652; x_wconf 71' lang='lat'>45.</span> <span class='ocrx_word' id='word_1_565' title='bbox 1056 2621 1131 2652; x_wconf 81' lang='lat' dir='ltr'>Tam</span> <span class='ocrx_word' id='word_1_566' title='bbox 1150 2619 1322 2658; x_wconf 80' lang='lat' dir='ltr'>facillume.</span> <span class='ocrx_word' id='word_1_567' title='bbox 1347 2618 1491 2660; x_wconf 89' lang='lat' dir='ltr'>Apulei.</span> <span class='ocrx_word' id='word_1_568' title='bbox 1507 2619 1532 2649; x_wconf 89' lang='lat'>1.</span> <span class='ocrx_word' id='word_1_569' title='bbox 1548 2627 1596 2649; x_wconf 73' lang='lat' dir='ltr'>zv.</span> <span class='ocrx_word' id='word_1_570' title='bbox 1613 2627 1679 2649; x_wconf 90' lang='lat' dir='ltr'>uon</span> 
     </span>
     <span class='ocr_line' id='line_1_100' title="bbox 977 2671 1680 2713; baseline -0.004 -10"><span class='ocrx_word' id='word_1_571' title='bbox 977 2673 1095 2713; x_wconf 85' lang='lat' dir='ltr'>procul</span> <span class='ocrx_word' id='word_1_572' title='bbox 1113 2682 1131 2703; x_wconf 87' lang='lat' dir='ltr'>a</span> <span class='ocrx_word' id='word_1_573' title='bbox 1145 2672 1225 2712; x_wconf 86' lang='lat' dir='ltr'>fine,</span> <span class='ocrx_word' id='word_1_574' title='bbox 1238 2674 1246 2688; x_wconf 84' lang='lat'><strong><em>⁴</em></strong></span> <span class='ocrx_word' id='word_1_575' title='bbox 1262 2671 1404 2702; x_wconf 88' lang='lat' dir='ltr'>hominis</span> <span class='ocrx_word' id='word_1_576' title='bbox 1421 2671 1578 2710; x_wconf 80' lang='lat' dir='ltr'>extremi,</span> <span class='ocrx_word' id='word_1_577' title='bbox 1595 2675 1680 2702; x_wconf 88' lang='lat' dir='ltr'>tam-</span> 
     </span>
     <span class='ocr_line' id='line_1_101' title="bbox 978 2721 1679 2764; baseline -0.001 -10"><span class='ocrx_word' id='word_1_578' title='bbox 978 2733 1043 2764; x_wconf 86' lang='lat' dir='ltr'>que</span> <span class='ocrx_word' id='word_1_579' title='bbox 1060 2722 1163 2754; x_wconf 87' lang='lat' dir='ltr'>infimi</span> <span class='ocrx_word' id='word_1_580' title='bbox 1178 2722 1200 2753; x_wconf 85' lang='lat'>:’</span> <span class='ocrx_word' id='word_1_581' title='bbox 1224 2721 1311 2753; x_wconf 85' lang='lat' dir='ltr'>adde</span> <span class='ocrx_word' id='word_1_582' title='bbox 1324 2721 1462 2762; x_wconf 89' lang='lat' dir='ltr'>Sciopp.</span> <span class='ocrx_word' id='word_1_583' title='bbox 1476 2722 1500 2752; x_wconf 90' lang='lat' dir='ltr'>l.</span> <span class='ocrx_word' id='word_1_584' title='bbox 1514 2730 1570 2752; x_wconf 85' lang='lat'>111.</span> <span class='ocrx_word' id='word_1_585' title='bbox 1587 2730 1679 2761; x_wconf 85' lang='lat' dir='ltr'>susp.</span> 
     </span>
     <span class='ocr_line' id='line_1_102' title="bbox 974 2772 1676 2807; baseline -0.001 -3"><span class='ocrx_word' id='word_1_586' title='bbox 974 2774 1053 2806; x_wconf 88' lang='lat' dir='ltr'>lect.</span> <span class='ocrx_word' id='word_1_587' title='bbox 1080 2784 1110 2805; x_wconf 90' lang='lat' dir='ltr'>c.</span> <span class='ocrx_word' id='word_1_588' title='bbox 1137 2775 1190 2805; x_wconf 88' lang='lat'>20.</span> <span class='ocrx_word' id='word_1_589' title='bbox 1223 2773 1266 2804; x_wconf 89' lang='lat' dir='ltr'>G.</span> <span class='ocrx_word' id='word_1_590' title='bbox 1297 2772 1331 2807; x_wconf 83' lang='lat' dir='ltr'>J.</span> <span class='ocrx_word' id='word_1_591' title='bbox 1353 2773 1450 2804; x_wconf 78' lang='lat' dir='ltr'>Voss,</span> <span class='ocrx_word' id='word_1_592' title='bbox 1474 2772 1518 2804; x_wconf 89' lang='lat' dir='ltr'>de</span> <span class='ocrx_word' id='word_1_593' title='bbox 1541 2773 1676 2806; x_wconf 84' lang='lat' dir='ltr'>constr.</span> 
     </span>
    </p>
   </div>
  </div>
 </body>
</html>
