1818 3131
218 174 338 220 1038·

217 286 237 316 l.
270 293 302 316 v.
356 285 435 316 Non
465 284 553 315 mala
583 283 686 314 etiam
719 287 770 314 est
799 281 914 322 lectio,

217 344 317 376 qnam
346 333 503 365 Beroald.
535 333 654 372 Aldus,
683 333 811 374 Gryph.
841 333 914 365 Ste-

218 386 317 426 phan.
343 385 491 415 Plautiu.
517 384 641 425 aliique
669 384 815 425 amplexi
842 383 914 415 fue-

218 440 295 465 runt
308 435 575 464 desideraverunt.-
590 437 624 464 at
639 443 679 464 ea
696 433 915 464 confirmatur

217 486 287 515 solo
305 485 370 515 Ms.
388 484 574 514 Oxoniensi
589 494 597 514 ι
616 493 691 514 cum
709 488 822 514 tamen
840 493 915 524 pro-

218 535 291 576 pria
307 535 350 565 sit
366 533 470 565 dictio
486 534 518 564 in
536 543 572 565 re
587 534 740 572 militari,
765 534 806 564 de
830 534 915 565 occi-

215 585 270 623 sis,
306 585 416 624 captis
451 584 636 625 perditisve
667 584 842 623 militibus,
879 588 916 614 nt

216 634 323 665 cuivis
349 639 465 665 notum
494 640 567 666 est:
601 639 636 665 et
666 635 843 675 aliquoties
873 634 915 663 ab

215 685 288 724 ipso
306 684 440 716 Caesare
457 684 647 716 adhibetur.
693 685 737 715 Et
753 685 800 715 ita
814 693 847 714 v.
863 686 915 714 23.

216 735 331 765 ‘nulla
360 735 453 766 navis
483 734 780 766 desiderabatur?
817 739 852 764 ut
880 738 916 764 et

216 784 257 815 B.
282 784 352 815 Civ.
380 793 418 815 11.
446 788 476 815 7.
502 794 563 815 vii.
588 788 640 814 51.
664 784 812 814 ‘milites
839 788 917 813 sunt

217 843 292 866 nec.
311 834 496 866 desiderati
513 838 532 871 3’
554 839 587 864 et
607 834 645 863 Β.
664 833 762 863 Alex.
779 836 873 864 c.-10.

261 893 361 914 nux.
379 886 396 914 3
424 885 552 914 Omnem
570 893 635 913 eam
652 881 829 921 materiam]
860 882 916 912 Sic

215 937 251 964 et
267 933 347 964 alibi
366 933 490 974 lignum
509 937 618 964 vocat.
656 933 710 963 Ita
728 933 814 963 enim
833 932 917 964 Cur-

215 985 281 1016 tius
312 992 361 1015 vi.
392 987 423 1014 ὃ.
455 986 508 1014 28.
539 984 547 1000 ‘
566 983 710 1014 Multam
739 983 917 1014 materiam

215 1033 388 1065 ceciderat
414 1033 535 1064 miles!
579 1033 667 1064 Vide
698 1038 732 1064 et
759 1033 917 1065 Quintili-

216 1094 314 1115 anum
332 1085 364 1115 in
383 1083 487 1115 Praef.
513 1084 555 1114 ad
576 1083 661 1114 Inst.
685 1084 783 1114 Orat.
809 1084 829 1114 l.
853 1092 915 1114 vu.

215 1144 248 1174 p.
259 1137 332 1165 329.
343 1135 452 1165 Dat-is.
466 1134 520 1165 Sic
533 1134 655 1174 passim
671 1143 784 1165 omnes
795 1134 916 1165 Latini.

260 1187 299 1214 10
323 1183 386 1215 Sub
397 1183 543 1225 pellibus]
571 1185 680 1215 Vetus
697 1185 838 1223 locutio,
856 1194 915 1226 pro

215 1243 256 1265 eo
273 1233 362 1275 quod
379 1239 432 1265 est
459 1233 522 1264 Sub
544 1235 700 1273 tentoriis,
725 1244 798 1275 quaae
824 1235 917 1275 pelli-

215 1283 276 1315 bus
305 1284 518 1315 constabant.
565 1285 721 1315 Valerius
747 1285 916 1315 Maximus

215 1343 254 1365 11.
278 1337 309 1365 7.
334 1339 343 1351 ⁴
360 1335 457 1366 Neve
488 1336 672 1366 tentorium
701 1346 743 1366 ex
775 1335 917 1375 pellibus

215 1383 379 1415 liaberet)
434 1386 572 1416 Tacitus
603 1386 623 1416 l.
650 1394 729 1416 xm.
763 1389 771 1402 ‘
791 1386 918 1416 Reten-

215 1439 337 1474 tusque
355 1434 461 1465 omnis
487 1435 657 1466 exercitus
673 1435 735 1465 sub
759 1435 918 1476 pellibus,

215 1484 366 1525 quamvis
383 1484 490 1516 hicme
514 1494 605 1515 saeva
619 1484 715 1524 adeo,
739 1490 776 1515 ut
792 1484 917 1516 obduc-

216 1539 252 1564 ta
275 1535 396 1573 glacie,
420 1535 482 1565 nisi
506 1533 640 1573 effossa,
665 1536 784 1566 humus
808 1540 917 1567 tento-

215 1585 273 1616 riis
303 1586 413 1616 locum
440 1595 507 1615 nou
535 1586 730 1625 praeberet.’
784 1587 917 1618 Hirtius

215 1636 258 1667 ‹le
297 1636 384 1667 Bell.
416 1635 526 1667 Afric.
569 1646 597 1668 c.
621 1639 672 1667 47.
711 1638 720 1653 ‘
745 1636 917 1679 Perquam

427 1933 548 1982 DE
623 1933 930 1983 BELLO

847 2061 944 2099 LIB.

258 2188 348 2218 CAP.
365 2196 388 2217 1.
405 2190 424 2218 2
457 2187 597 2228 Usipetes
613 2189 772 2227 Germani,
789 2193 816 2220 ct
843 2191 916 2220 item

220 2238 418 2278 Tenchthcri]
469 2239 673 2271 Plutarchus
704 2241 737 2270 in
768 2242 915 2279 Caesare,

215 2288 268 2319 δύο
284 2291 471 2328 Γερμανικῶν
486 2290 578 2320 ἐθνῶν
592 2289 750 2330 μεγάλων,
768 2290 818 2322 οὓς
828 2291 916 2322 Ἴπας

215 2341 343 2371 καλοῦσι
359 2340 431 2371 τοὺς
446 2339 577 2381 ἑτέρους,
593 2341 665 2372 τοὺς
681 2341 713 2372 δὲ
728 2341 915 2382 Τεντερίδας.

215 2391 304 2422 Sane
329 2391 451 2431 passim
475 2392 505 2421 in
535 2392 666 2422 Graecis
694 2393 917 2432 scriptoribus

216 2440 330 2471 videas
365 2441 504 2481 propria
542 2442 676 2471 nomina
705 2441 917 2472 librariorum

215 2489 350 2521 inscitia
371 2496 546 2530 corrupta,
562 2495 597 2521 et
624 2491 823 2532 plerumque
852 2492 917 2531 pri-

216 2550 328 2572 mores
354 2541 589 2572 vocabulorum
619 2546 732 2581 partes
758 2543 918 2581 avellunt,

215 2590 362 2632 indeque
387 2592 530 2632 aliquam
558 2592 758 2632 particulam
784 2594 917 2633 copula·

214 2641 330 2682 tivam,
356 2646 415 2672 aut
431 2642 612 2673 articulum
636 2641 779 2682 fingunt,
804 2647 839 2673 ut
863 2643 916 2674 hic

216 2690 266 2722 οὓς
275 2690 376 2731 Ἴπας,
396 2701 454 2732 pro
471 2691 655 2723 Οὐσίπετας.
695 2693 808 2723 Simile
826 2694 914 2733 apud

217 2740 440 2773 Ptolemaeum
457 2741 485 2772 οἱ
503 2740 696 2783 *Ρομάνδυειῃ
724 2752 784 2783 pro
810 2743 914 2784 Οὐιρο-

216 2788 354 2829 μάνδυες.
397 2792 454 2824 Sic
479 2792 570 2834 apud
595 2792 743 2826 Dionem
770 2794 915 2835 quodam

680 186 823 220 NOTAE
855 187 1119 219 VARJORUM
1155 187 1207 218 ΙΝ

968 281 1069 321 pauci
1108 281 1167 312 sub
1205 279 1348 322 pellibus
1384 277 1670 322 acquiescebant!

970 331 1082 362 Livius
1114 332 1134 363 l.
1163 340 1271 363 xxiii.
1309 331 1401 362 ‘Ubi
1432 330 1578 372 primum
1609 331 1670 362 snb

970 382 1112 422 pellibus
1140 383 1257 414 haberi
1283 382 1387 423 coepti
1430 383 1529 414 sunt!
1572 382 1672 413 Hoto-

969 442 1050 463 man.
1096 433 1182 464 Vide
1212 433 1244 465 J.
1276 433 1426 473 Lipsium
1469 433 1544 464 Mil.
1576 434 1671 465 Rom.

973 481 1063 512 Dial.
1085 491 1113 512 v.
1131 486 1160 513 5.
1196 483 1306 513 Daris,

1017 534 1053 561 13
1079 531 1227 562 Proxime
1257 533 1364 563 bellam
1386 533 1544 574 jecerant]
1589 533 1672 564 Mss.

972 581 1057 619 ch.
1076 580 1202 611 Eliens.
1221 587 1257 612 et
1273 583 1396 620 Vossii,
1412 587 1446 613 et
1462 582 1553 615 Edit.
1570 582 1670 613 Rom.

971 629 1116 660 ›mm-ime.
1159 631 1268 662 Clark.
1316 632 1429 662 Etiam
1459 642 1574 663 omues
1606 633 1671 663 mei

971 686 1006 711 ct
1032 680 1118 712 Edd.
1142 682 1240 712 Vett.
1268 683 1318 712 uti
1344 687 1379 714 et
1408 684 1489 714 Mss.
1514 684 1613 715 Bruti
1637 688 1673 715 et

971 731 1105 762 Brantii
1121 731 1246 762 liabent
1263 733 1407 763 maxime.
1446 734 1622 765 filas-imum
1639 734 1672 764 in

972 779 1066 809 Leid.
1094 780 1195 811 tertio
1213 786 1276 812 est.
1322 781 1377 812 An
1404 782 1585 822 legendum
1607 793 1674 824 quoe

972 839 1063 868 quum
1082 829 1151 860 sive
1175 840 1243 860 cum
1260 832 1393 862 maxime
1408 831 1436 861 b.
1452 832 1484 869 s.
1532 832 1674 864 Graecus

974 884 1089 910 tamen
1116 880 1253 920 vulgato
1280 881 1521 922 adstipulatur,
1548 883 1580 912 in
1605 892 1673 924 quo

973 930 1098 970 legitur
1116 931 1243 961 vewmi:
1268 932 1368 962 immo
1382 933 1524 973 proxime
1538 933 1674 964 videtur

973 981 1136 1021 scriptum
1155 992 1227 1013 esse
1255 983 1288 1013 iu
1313 983 1429 1023 Cujac.
1457 989 1559 1024 atquc
1584 984 1675 1016 Oxo-

973 1030 1102 1068 nicnsi;
1131 1032 1286 1072 qnoniam
1311 1042 1352 1063 ex
1377 1032 1440 1063 illis
1464 1033 1544 1063 nihil
1568 1034 1674 1064 varie-

974 1081 1054 1111 tatis
1082 1086 1134 1112 est
1161 1082 1368 1113 adnotatum.
1415 1083 1543 1114 Crebro
1560 1088 1673 1115 antem

972 1130 1024 1160 hae
1056 1140 1158 1162 voces
1190 1132 1222 1162 iu
1254 1133 1336 1163 Mss.
1365 1138 1610 1173 pcnnutantur,
1637 1137 1676 1164 ut

972 1188 1052 1211 vul.
1071 1183 1123 1213 34.
1168 1181 1254 1212 Vide.
1285 1183 1356 1213 Cel.
1387 1184 1502 1214 Burni.
1529 1184 1570 1214 ad
1598 1185 1676 1215 Vei-

972 1229 1029 1260 lei.
1055 1239 1095 1261 11.
1119 1233 1171 1262 36.
1219 1232 1313 1263 Cort.
1350 1233 1391 1264 ad
1420 1233 1508 1264 Plin.
1549 1234 1612 1273 Ep.
1641 1244 1674 1265 v.

972 1282 1023 1311 12.
1069 1280 1189 1311 Monni
1207 1282 1310 1313 etiam
1329 1283 1483 1324 quandam
1500 1283 1542 1314 ad
1570 1285 1674 1314 Fron-

973 1330 1095 1360 tinum.
1141 1330 1215 1362 Nec
1232 1342 1326 1363 secus
1343 1333 1494 1364 variatur
1513 1334 1546 1363 iu
1569 1332 1674 1374 Apul.

971 1379 1072 1420 Apol.
1089 1380 1160 1412 init.
1174 1382 1182 1397 ‘
1197 1382 1494 1422 reprehensionem
1509 1392 1570 1422 pro
1584 1392 1675 1414 mm(-

972 1430 1037 1462 imo
1066 1432 1208 1462 crimine
1236 1436 1461 1473 aspernatur.’
1503 1434 1559 1465 Sic
1586 1434 1675 1465 enini

972 1483 1125 1515 Elmenli.
1151 1493 1169 1515 e
1194 1484 1281 1516 Flor.
1311 1486 1394 1517 Cod.
1424 1486 1477 1517 cui
1504 1487 1675 1519 accedunt

972 1532 1068 1573 Lips.
1102 1539 1137 1564 et
1165 1534 1228 1565 Ed.
1256 1534 1354 1566 Junt.
1393 1536 1401 1552 ‘
1421 1535 1575 1577 proximo
1609 1536 1674 1567 cri-

970 1583 1083 1614 mine!
1118 1583 1158 1614 In
1177 1583 1242 1615 alio
1265 1586 1390 1618 crimen.
1437 1586 1548 1627 Vulgo
1568 1588 1674 1628 pro-ri-

972 1641 1052 1663 mam
1069 1643 1205 1665 crimme.

1005 1935 1448 1986 GALLICO.

977 2062 1044 2099 IV.

970 2191 1046 2221 loco
1072 2190 1140 2231 legi
1169 2190 1219 2221 καὶ
1246 2189 1418 2231 Σουέλλαν,
1446 2200 1509 2231 pro
1536 2194 1674 2221 Κασσου-

972 2239 1079 2280 έλλαν,
1106 2251 1182 2271 nam
1214 2241 1479 2272 Cassivellaunmn
1506 2240 1673 2281 designat.

972 2291 1083 2322 Etiam
1113 2291 1146 2321 in
1178 2292 1314 2322 Ca’sare
1344 2291 1409 2322 Ms.
1443 2291 1496 2322 ubi
1525 2290 1673 2322 seeundo

972 2342 1287 2372 commentariorum
1303 2341 1423 2382 legitur
1440 2341 1471 2371 in
1489 2341 1676 2381 Nantuates,

972 2391 1105 2421 invenio
1124 2391 1155 2421 iu
1172 2392 1348 2422 Antuates:
1365 2391 1420 2422 ubi
1439 2395 1600 2431 putarunt
1616 2400 1673 2422 ex-

972 2442 1154 2481 scriptores
1169 2452 1186 2472 u
1205 2442 1367 2479 litteram,
1385 2452 1403 2471 a
1421 2442 1533 2481 priorc
1552 2442 1674 2473 vocula

972 2492 1003 2522 in
1020 2492 1200 2522 adliae<isse
1216 2493 1260 2530 τῷ
1277 2492 1463 2522 Nantuates.
1498 2491 1629 2523 Vossius.

1014 2545 1034 2572 9
1058 2542 1204 2573 Bellandi
1220 2551 1325 2572 caussa
1341 2542 1405 2571 suis
1421 2551 1460 2572 cx
1472 2541 1592 2582 finibus
1607 2540 1672 2581 αὴ]

973 2592 1123 2623 Primum
1138 2602 1213 2623 cnm
1229 2601 1414 2632 pronomen
1427 2592 1491 2622 sais
1508 2601 1571 2621 non
1583 2600 1672 2623 com-

973 2648 1091 2683 pareat
1113 2643 1146 2672 in
1164 2643 1245 2672 Mss.
1264 2641 1412 2682 optimis,
1438 2643 1600 2682 Bongars.
1619 2651 1672 2682 pr.

972 2694 1093 2725 Petav.
1126 2694 1290 2723 Vossiano
1322 2703 1372 2733 pr.
1416 2693 1498 2724 Lov.
1534 2693 1672 2726 Carrar.

971 2745 1113 2786 aliisque
1138 2744 1265 2781 multis,
1292 2753 1402 2785 neque
1430 2744 1463 2774 in
1489 2744 1575 2775 Edd.
1603 2744 1671 2785 prl-

968 2795 1043 2837 mis‚
1067 2795 1221 2825 exsulare
1238 2793 1330 2826 istud
1354 2794 1451 2834 jussi.
1498 2794 1592 2826 Dein
1612 2794 1672 2826 bel-
