1818 3131
289 199 382 228 LlB.
413 197 520 228 vill.
551 196 658 226 CAP.
688 185 758 228 36.
792 196 854 226 DE
890 197 1043 227 BELLO
1074 197 1301 226 GALLICO.

120 300 141 329 9
165 298 202 329 In
229 298 334 338 oppidi
363 296 512 336 circuitu]
563 296 644 327 Mss.
686 295 771 334 Reg.

82 347 206 379 Eliens.
222 352 257 379 et
273 347 384 379 Voss-ii
401 347 433 377 in
450 346 622 379 circuitum.
662 345 771 375 Clark.

82 397 254 430 s'ircuitum
283 397 385 428 etiam
406 394 638 436 Bongarsiaui,
659 393 773 424 Vossi-

80 448 146 485 ani,
198 448 391 484 Lcidenses,
440 445 606 486 Egmund.
652 444 773 476 Petav.

80 497 288 529 Sca1.Gott.
314 500 377 528 διο.
406 500 441 527 et
468 494 773 526 Edd.1nc.Vasc.

81 548 119 578 R.
134 547 253 588 steph.
271 545 400 586 Gryph.
417 548 502 585 post.
536 544 655 576 Recte.
686 543 774 575 Vide

80 602 191 628 tamen
218 597 302 628 adv
307 598 384 628 .42.
423 596 431 612 ⁴
447 595 487 626 In
523 594 668 626 circuitu
706 604 775 625 mu-

79 646 241 679 nitionem
271 645 528 688 perfecerunt?
580 645 773 676 circumitum

80 696 193 729 Oxon.

122 754 251 780 xxxw.
274 749 294 777 9
317 746 437 777 Paucos
452 746 519 777 dies
540 745 664 784 morati,
686 744 774 786 exfi-

78 795 170 827 nibus
197 795 422 836 Cadurcorum]
460 795 639 833 Rescribe,
662 805 776 835 paucos

70 848 142 879 ,dies
158 848 269 879 morati
283 847 440 889 infinibus
458 847 678 884 Cadurcorum,
700 846 776 877 sub-

79 897 147 929 lato
169 903 346 936 commate,
370 896 460 938 quod
483 897 516 927 in
547 896 719 937 Lipsiana,
741 900 777 926 et

79 948 244 990 Scaligeri
262 948 411 980 editione
427 952 490 979 est.
536 947 605 978 Pro
631 956 684 978 me
709 950 778 978 stat

77 997 287 1030 Petavianus
303 998 424 1030 codex.
463 997 597 1029 Vossius.
628 996 694 1028 Sed
711 1006 778 1027 me-

79 1047 143 1079 lior
158 1052 211 1079 est
229 1049 365 1088 vulgata
382 1048 508 1079 Lectio.
553 1048 660 1078 Clark.
707 1046 778 1077 Mei

80 1097 225 1129 Codices
251 1098 331 1128 nihil
360 1098 507 1128 variant:
541 1096 719 1137 jungenda
740 1106 779 1127 ex

70 1147 192 1188 finibus
208 1147 244 1179 C.
255 1147 451 1186 frumentum
461 1149 650 1187 comparant.

124 1200 162 1230 15
187 1198 348 1238 Moratur]
371 1197 465 1229 Editi
481 1196 617 1238 quidam
640 1199 778 1227 conatur.

80 1248 217 1290 Inepte.
254 1249 362 1280 Clark.
411 1248 622 1279 Monuerunt
637 1247 699 1278 hoc
709 1247 779 1287 jam

82 1298 286 1338 Glareanus,
313 1298 425 1329 Ciacc.
458 1296 597 1327 Hotom.
622 1300 659 1327 et
684 1300 781 1335 patet

82 1347 266 1380 clarissime
292 1351 360 1378 tum
387 1356 430 1377 ex
452 1355 564 1383 sensu,
588 1349 659 1375 tum
685 1353 727 1374 ex
752 1353 780 1376 c.

84 1400 136 1428 37.
152 1400 278 1428 conatur
293 1405 364 1427 esse
380 1394 512 1426 falsum.
555 1392 781 1424 Nihilominus

84 1447 131 1479 sic
148 1446 299 1478 invenias
321 1446 354 1476 in
373 1444 497 1476 Audin.
524 1443 636 1474 Oxou.
662 1443 780 1474 l'etav.

85 1497 182 1529 Leid.
214 1506 265 1537 pr.
296 1496 409 1526 Palat.
436 1493 582 1525 Dorvill.
610 1502 629 1523 a
654 1502 698 1523 m.
731 1502 781 1532 pr.

84 1546 238 1588 aliisque,
260 1549 296 1577 et
312 1544 400 1576 Edd.
425 1544 523 1575 Rom.
540 1543 627 1573 Ven.
654 1547 689 1572 et
715 1543 783 1582 ple-

85 1598 199 1638 risque
222 1601 300 1628 ante
318 1595 443 1635 Scalig.
488 1593 543 1624 An
570 1592 635 1626 suit
657 1605 783 1626 commo-

83 1651 174 1679 ratur
203 1649 257 1679 vel
281 1650 442 1679 cunctatur
460 1645 593 1686 potius?
630 1656 691 1687 pro
719 1657 783 1687 quo

86 1698 295 1738 scripserunt
311 1697 453 1736 librarii,
475 1701 511 1728 et
527 1696 638 1728 forsan
654 1698 785 1736 melius,

87 1751 240 1780 comatur.
285 1747 432 1778 Omnino
453 1746 587 1778 adridet
603 1747 682 1777 mihi
696 1757 784 1778 cunc-

87 1801 184 1837 tatur,
207 1798 300 1839 cujus
316 1798 438 1829 Glossa
453 1807 545 1829 mera
568 1803 619 1829 est
636 1802 784 1829 moratur.

88 1848 129 1879 In
173 1848 276 1880 etiarn
317 1848 427 1889 abjeci
468 1848 659 1879 auctoribus
694 1847 784 1879 And.

87 1898 202 1930 Oxon.
239 1897 335 1930 Leid.
367 1908 418 1939 pr.
461 1898 602 1939 aliisque
636 1902 715 1929 ante
748 1898 785 1928 τὸ

89 1949 172 1979 locis.

133 2008 246 2031 xxxv.
270 2003 290 2031 2
337 2010 361 2032 x
380 2001 430 2032 M.
453 2000 611 2041 passuum]
658 2002 786 2033 Vocem

86 2059 232 2090 passuum
243 2051 330 2091 ejeci
345 2060 457 2081 rursus
471 2050 538 2081 fide
551 2052 720 2082 Mstorum
733 2061 787 2082 oc-

91 2100 241 2132 todecim
257 2104 292 2131 et
306 2100 394 2131 Edd.
411 2100 604 2140 primarum.
638 2100 726 2131 Vide
745 2101 787 2132 ad

94 2151 136 2182 B.
153 2150 197 2183 G.
213 2153 326 2182 1.15.:
352 2154 388 2180 et
414 2159 504 2190 saepe
531 2150 619 2181 alibi.
664 2152 788 2182 Statim

93 2201 102 2216 ‘
121 2209 138 2230 a
155 2199 290 2231 milibus
306 2208 372 2230 non
388 2199 531 2239 amplius
548 2200 627 2231 xu.'

137 2252 155 2280 3
180 2249 246 2290 Ipsi
260 2249 342 2279 inter
356 2258 388 2279 se
400 2249 574 2289 provincias
593 2250 790 2291 partiuntur]

95 2299 305 2331 Tantundem
322 2303 375 2330 est
393 2309 432 2330 ac
457 2299 485 2329 si
511 2309 622 2338 curas,
645 2300 698 2330 vel
721 2310 790 2331 mu-

94 2350 151 2381 nia
175 2350 277 2381 dicas.
343 2350 442 2380 More
480 2350 631 2380 Romano
661 2349 791 2381 locutus

95 2405 161 2439 est,
185 2400 275 2441 apud
291 2409 373 2440 quos
390 2400 562 2431 Praetores
578 2405 613 2430 et
629 2400 790 2431 Consules

93 2450 185 2482 soliti
217 2449 411 2491 provincias
436 2450 569 2481 sortiri:
614 2450 691 2480 hinc
721 2460 791 2491 pro-

95 2502 197 2532 vincia
238 2511 300 2542 pro
330 2501 448 2542 quovis
483 2510 633 2532 munere.
691 2500 792 2541 Apud

96 2551 277 2583 historicos
294 2556 406 2583 tamen
426 2551 453 2582 is
474 2561 542 2582 mos
559 2550 717 2592 loquendi
735 2560 792 2591 op-

97 2601 176 2641 pido
191 2611 286 2633 rarus
301 2606 364 2633 est.
414 2601 546 2632 Vossius.

141 2655 162 2683 6
184 2652 334 2692 Adducit]
360 2653 416 2684 Sic
433 2653 567 2693 quidem
588 2652 713 2682 Lovan.
730 2652 794 2683 Cu-

98 2703 169 2742 jac.
196 2707 231 2734 et
257 2703 380 2743 Scalig.
397 2703 458 2734 nisi
474 2709 641 2744 excerpta
657 2702 791 2733 fallunt.

101 2753 185 2783 Mss.
210 2756 304 2784 certe
329 2753 461 2795 reliqui,
495 2757 530 2785 et
560 2753 647 2786 Edd.
674 2753 791 2793 primae

1407 189 1521 230 1805

823 296 984 327 exhibent
1012 296 1112 328 modo
1140 297 1237 327 ducit.
1282 296 1349 327 Sed
1377 297 1431 328 adi
1462 307 1516 329 ιιι.

822 348 874 376 22.
933 347 1092 378 Ceterum
1132 347 1165 377 in
1206 346 1350 386 oppidum
1395 347 1521 379 habent

824 395 912 426 And.
931 396 1043 427 Oxou.
1060 397 1152 427 Leid.
1170 406 1221 436 pr.
1243 398 1360 429 Pctav.
1377 401 1413 428 nt
1430 398 1520 429 actio

824 444 896 484 ipsa
912 454 973 484 pro
992 447 1166 476 voluntate
1183 446 1253 485 ejus
1272 450 1426 486 ponatur,
1442 456 1520 487 quo-

823 494 923 525 modo
953 495 1073 534 passim
1102 495 1284 535 loquuntur
1322 496 1519 537 scriptores.

825 543 952 574 Verum
981 544 1119 583 vulgata
1160 549 1321 584 prxrstat:
1360 546 1453 586 prius
1480 546 1523 578 ad

825 594 988 635 oppidum
1005 603 1122 625 versus
1149 595 1221 634 egit
1242 596 1421 635 jumenta;
1446 596 1523 626 dein

825 644 857 675 in
872 644 1032 684 oppidum
1047 644 1220 685 inportare
1234 654 1295 685 per
1309 646 1366 676 illa
1379 644 1525 677 frumen-

827 699 896 725 tum
914 693 1074 725 instituit.

870 747 889 775 8
917 744 1034 783 Vigiles
1057 743 1244 784 castrorum]
1288 744 1525 776 Excubitores.

827 795 956 826 Lucan.
981 804 1057 826 vm.
1072 798 1124 826 24.
1156 796 1166 812 ⁴
1183 796 1237 827 Ne
1268 795 1413 836 rumpite
1444 805 1527 826 som-

828 855 900 885 nos,
924 847 1121 878 Castrorum
1147 846 1279 886 vigiles,
1312 846 1420 876 nullas
1444 846 1528 877 tuba

828 896 989 927 verberet
1013 895 1129 927 aures!
1187 895 1320 926 Auctor
1357 894 1400 926 de
1440 895 1528 926 Bell.

831 945 930 986 Hisp.
948 955 977 977 c.
995 948 1025 976 3.
1049 945 1058 961 ‘
1075 945 1204 984 Vigiles
1221 954 1287 976 non
1304 949 1464 985 poterant
1480 945 1527 976 di-

828 995 1001 1035 ligentiam
1028 993 1218 1036 praestarel
1261 995 1349 1026 Vide
1373 1000 1407 1026 et
1431 1005 1459 1027 e.
1475 998 1529 1027 35.

828 1044 941 1076 Daris.

876 1099 915 1126 lo
941 1095 1127 1126 Colwrtibus
1141 1095 1288 1135 armatis]
1312 1095 1529 1135 Supervacua

830 1145 940 1176 videri
958 1145 1065 1186 possit
1082 1154 1145 1175 vox
1162 1145 1311 1176 armatis.-
1335 1145 1415 1186 quia
1430 1154 1529 1176 nemo

831 1200 900 1226 tam
929 1194 1043 1226 fatuus
1069 1194 1171 1235 foret,
1195 1200 1233 1226 ut
1259 1195 1430 1236 crederet,
1453 1204 1529 1226 eum

830 1245 1016 1277 inermibus
1061 1255 1137 1276 cum
1189 1245 1386 1277 cohortibus
1437 1246 1532 1286 inpe-

832 1300 903 1327 tum
946 1295 1084 1327 fecisse.
1138 1296 1208 1327 Sed
1243 1295 1345 1336 jungi
1390 1300 1531 1336 possunt

831 1345 963 1376 armatis
973 1355 1012 1376 ex
1025 1346 1160 1376 castellis
1171 1345 1325 1385 proximis
1332 1356 1344 1382 ;
1361 1354 1442 1386 quas
1452 1345 1531 1376 inde

832 1394 967 1425 scilicet
982 1404 1096 1425 secum
1114 1398 1292 1434 sumserat,
1315 1403 1381 1434 quo
1404 1393 1534 1426 faciunt

832 1443 968 1484 optimae
1002 1443 1206 1474 membranae
1223 1442 1314 1474 And.
1332 1443 1444 1474 Oxou.
1468 1443 1533 1474 Pe-

833 1498 902 1524 tav.
934 1493 1029 1525 Leid.
1071 1503 1124 1534 pr.
1150 1503 1216 1524 non
1247 1499 1472 1534 agnoscentes
1493 1493 1532 1523 τὸ

832 1554 912 1574 cum.
958 1543 1045 1574 Vide
1069 1548 1181 1574 tamen
1198 1544 1241 1575 ad
1256 1553 1290 1575 v.
1307 1546 1360 1574 49.
1392 1543 1402 1559 ‘
1415 1543 1530 1584 Copiae

834 1597 932 1625 erant
951 1593 1115 1633 armatae,’
1139 1594 1190 1624 uti
1215 1598 1270 1624 est
1290 1593 1323 1624 in
1349 1593 1432 1624 Mss.
1449 1594 1533 1624 mul-

834 1647 888 1677 tis.
933 1645 1041 1677 Immo
1067 1656 1098 1677 c.
1120 1648 1174 1678 36.
1211 1646 1221 1663 ⁴
1237 1646 1404 1687 legionem
1427 1655 1534 1677 arma-

835 1700 902 1726 tam
919 1695 1186 1736 instructamque
1203 1695 1368 1727 adducit!

880 1749 918 1776 15
947 1745 1086 1786 Effitgit]
1124 1746 1209 1777 Mss.
1234 1747 1317 1786 Reg.
1348 1746 1473 1777 Eliens.
1499 1750 1535 1777 et

835 1796 945 1827 Vossii
960 1802 995 1827 et
1011 1796 1104 1827 Edit.
1119 1797 1216 1827 Rom.
1239 1795 1399 1835 Profugit.
1425 1797 1534 1826 Clark.

836 1847 1008 1878 Ursiniani
1037 1846 1174 1877 Codicis
1200 1846 1380 1876 lectionem
1404 1846 1537 1885 recepit

835 1896 999 1936 Scaliger,
1022 1905 1096 1936 quae
1120 1895 1338 1926 confirmatur
1361 1895 1402 1926 ab
1431 1895 1536 1935 ipsius

836 1946 976 1986 Codice,
1021 1946 1105 1977 item
1147 1945 1349 1984 Petaviano,
1383 1945 1473 1976 And.
1501 1950 1537 1975 et

837 1997 950 2028 Oxon.
968 1997 1002 2027 in
1019 1996 1144 2027 ceteris
1161 1997 1246 2028 Mss.
1268 2001 1305 2027 et
1320 1995 1409 2027 Edd.
1431 1995 1538 2036 prosu-

834 2047 898 2086 git.
943 2046 1248 2087 Beneutrumque.

881 2105 1009 2127 xxxvi.
1032 2098 1052 2126 2
1084 2104 1106 2125 x
1131 2094 1266 2126 millibus
1284 2095 1444 2135 passuum]
1476 2096 1540 2127 Su-

839 2156 901 2186 pra
929 2145 1020 2176 idem
1046 2145 1151 2176 dixit:
1191 2146 1304 2176 celare
1331 2152 1443 2176 tamen
1470 2155 1538 2177 non

840 2194 942 2226 debui
971 2195 1034 2226 hoc
1061 2195 1137 2226 loeo
1165 2195 1199 2225 in
1231 2195 1332 2226 Mstis
1356 2201 1433 2227 octo
1461 2206 1541 2228 con-

841 2250 972 2277 stanter
999 2246 1067 2286 legi
1098 2255 1163 2277 xn.
1214 2246 1348 2277 Vossius.
1394 2246 1538 2277 Millibus

840 2307 900 2327 non
921 2296 1051 2336 amplius
1074 2305 1109 2327 x.
1142 2296 1225 2326 Mss.
1243 2296 1355 2327 Ciace.
1379 2302 1414 2327 et
1431 2297 1539 2328 Norv.

843 2357 919 2378 cum
940 2347 1114 2378 veteribus
1131 2346 1230 2378 editt.
1251 2347 1378 2377 habeut
1405 2357 1424 2377 a
1449 2347 1541 2377 mini-

843 2396 898 2428 bus
919 2407 979 2428 non
999 2398 1088 2436 longe
1113 2396 1246 2436 amplius
1271 2405 1337 2427 xn.
1366 2396 1455 2437 quod
1481 2406 1541 2428 cur

843 2446 1017 2487 rejiciatur
1044 2456 1110 2477 non
1139 2447 1250 2477 video.
1302 2447 1428 2478 Saltem
1457 2445 1539 2477 scri-

843 2497 990 2528 bendum
1006 2507 1025 2527 a
1038 2497 1174 2528 millibus
1188 2497 1317 2536 amplius
1334 2505 1369 2527 x.
1392 2497 1541 2535 Vulgata

844 2547 932 2578 enim
962 2547 1064 2578 lectio
1092 2546 1151 2577 vix
1174 2552 1227 2577 est
1253 2547 1386 2577 Latina.
1431 2545 1541 2575 Daris.

845 2598 873 2629 Α
890 2598 1025 2628 millibus
1038 2607 1097 2628 non
1108 2598 1238 2637 amplius
1254 2605 1288 2627 x.
1333 2596 1483 2635 Scaliger
1504 2598 1542 2625 et

845 2647 1064 2686 recentiores,
1086 2645 1232 2677 millibus.
1275 2645 1342 2675 Sed
1368 2645 1449 2674 Mss.
1473 2652 1542 2674 om-

845 2708 903 2729 nes
917 2697 1055 2737 habent,
1076 2707 1096 2727 a
1111 2696 1257 2727 millibus.
1304 2696 1413 2726 Quam
1429 2697 1464 2723 et
1487 2702 1543 2724 ve·

845 2757 914 2780 ram
945 2757 1018 2779 esse
1046 2746 1227 2778 lectionem
1257 2743 1342 2773 vidit
1370 2741 1540 2774 Davisius.
