<?xml version="1.0" encoding="UTF-8"?>
<!DOCTYPE html PUBLIC "-//W3C//DTD XHTML 1.0 Transitional//EN"
    "http://www.w3.org/TR/xhtml1/DTD/xhtml1-transitional.dtd">
<html xmlns="http://www.w3.org/1999/xhtml" xml:lang="en" lang="en">
 <head>
  <title>
</title>
<meta http-equiv="Content-Type" content="text/html;charset=utf-8" />
  <meta name='ocr-system' content='tesseract 3.04.00' />
  <meta name='ocr-capabilities' content='ocr_page ocr_carea ocr_par ocr_line ocrx_word'/>
</head>
<body>
  <div class='ocr_page' id='page_1' title='image "./operaomniaexedit03caesuoft_0234.png"; bbox 0 0 1818 3131; ppageno 0'>
   <div class='ocr_carea' id='block_1_1' title="bbox 239 179 353 222">
    <p class='ocr_par' dir='ltr' id='par_1_1' title="bbox 239 179 353 222">
     <span class='ocr_line' id='line_1_1' title="bbox 239 179 353 222; baseline 0.009 -1"><span class='ocrx_word' id='word_1_1' title='bbox 239 179 353 222; x_wconf 74' lang='lat'>1154</span> 
     </span>
    </p>
   </div>
   <div class='ocr_carea' id='block_1_2' title="bbox 237 279 947 2799">
    <p class='ocr_par' dir='ltr' id='par_1_2' title="bbox 239 279 944 527">
     <span class='ocr_line' id='line_1_2' title="bbox 239 279 944 320; baseline -0.007 -3"><span class='ocrx_word' id='word_1_2' title='bbox 239 284 284 317; x_wconf 77' lang='lat' dir='ltr'>ed</span> <span class='ocrx_word' id='word_1_3' title='bbox 305 282 441 316; x_wconf 73' lang='lat' dir='ltr'>Pha-dr.</span> <span class='ocrx_word' id='word_1_4' title='bbox 464 281 549 314; x_wconf 79' lang='lat' dir='ltr'>Fab.</span> <span class='ocrx_word' id='word_1_5' title='bbox 574 290 623 313; x_wconf 75' lang='grc' dir='ltr'><strong>ιν.</strong></span> <span class='ocrx_word' id='word_1_6' title='bbox 640 284 692 313; x_wconf 72' lang='grc'><strong>14.</strong></span> <span class='ocrx_word' id='word_1_7' title='bbox 735 282 744 298; x_wconf 88' lang='lat'>‘</span> <span class='ocrx_word' id='word_1_8' title='bbox 762 281 863 320; x_wconf 71' lang='lat' dir='ltr'>Vulgi</span> <span class='ocrx_word' id='word_1_9' title='bbox 887 279 944 312; x_wconf 83' lang='lat' dir='ltr'>fic-</span> 
     </span>
     <span class='ocr_line' id='line_1_3' title="bbox 240 330 943 373; baseline -0.006 -8"><span class='ocrx_word' id='word_1_10' title='bbox 240 335 323 373; x_wconf 77' lang='lat' dir='ltr'>tilis,</span> <span class='ocrx_word' id='word_1_11' title='bbox 350 333 417 367; x_wconf 85' lang='lat' dir='ltr'>Qui</span> <span class='ocrx_word' id='word_1_12' title='bbox 449 332 546 363; x_wconf 70' lang='lat' dir='ltr'>simul</span> <span class='ocrx_word' id='word_1_13' title='bbox 570 330 726 363; x_wconf 78' lang='lat' dir='ltr'>obsendit</span> <span class='ocrx_word' id='word_1_14' title='bbox 759 331 799 362; x_wconf 77' lang='lat' dir='ltr'>ad</span> <span class='ocrx_word' id='word_1_15' title='bbox 827 332 943 362; x_wconf 77' lang='lat' dir='ltr'>Fortu-</span> 
     </span>
     <span class='ocr_line' id='line_1_4' title="bbox 240 383 943 424; baseline 0 -9"><span class='ocrx_word' id='word_1_16' title='bbox 240 396 316 418; x_wconf 75' lang='lat' dir='ltr'>nam</span> <span class='ocrx_word' id='word_1_17' title='bbox 341 383 529 418; x_wconf 51' lang='lat' dir='ltr'>frangitur!</span> <span class='ocrx_word' id='word_1_18' title='bbox 574 383 709 424; x_wconf 79' lang='lat' dir='ltr'>Apulei.</span> <span class='ocrx_word' id='word_1_19' title='bbox 739 384 822 415; x_wconf 82' lang='lat' dir='ltr'>Met.</span> <span class='ocrx_word' id='word_1_20' title='bbox 852 384 873 414; x_wconf 92' lang='lat' dir='ltr'>l.</span> <span class='ocrx_word' id='word_1_21' title='bbox 902 392 943 415; x_wconf 87' lang='grc'><strong>11.</strong></span> 
     </span>
     <span class='ocr_line' id='line_1_5' title="bbox 240 433 942 478; baseline -0.006 -10"><span class='ocrx_word' id='word_1_22' title='bbox 240 447 273 478; x_wconf 86' lang='lat' dir='ltr'>p.</span> <span class='ocrx_word' id='word_1_23' title='bbox 288 439 340 467; x_wconf 81' lang='grc'><strong>28.</strong></span> <span class='ocrx_word' id='word_1_24' title='bbox 365 438 374 453; x_wconf 91' lang='lat'>‘</span> <span class='ocrx_word' id='word_1_25' title='bbox 389 435 494 466; x_wconf 68' lang='lat' dir='ltr'>edicit</span> <span class='ocrx_word' id='word_1_26' title='bbox 517 435 549 465; x_wconf 91' lang='lat' dir='ltr'>iu</span> <span class='ocrx_word' id='word_1_27' title='bbox 572 435 707 475; x_wconf 81' lang='lat' dir='ltr'>vulgum</span> <span class='ocrx_word' id='word_1_28' title='bbox 722 433 742 464; x_wconf 89' lang='lat'>:’</span> <span class='ocrx_word' id='word_1_29' title='bbox 767 433 823 466; x_wconf 87' lang='lat' dir='ltr'>ubi</span> <span class='ocrx_word' id='word_1_30' title='bbox 839 434 942 465; x_wconf 83' lang='lat' dir='ltr'>etiam</span> 
     </span>
     <span class='ocr_line' id='line_1_6' title="bbox 240 486 707 527; baseline -0.004 -9"><span class='ocrx_word' id='word_1_31' title='bbox 240 487 326 518; x_wconf 82' lang='lat' dir='ltr'>Mss.</span> <span class='ocrx_word' id='word_1_32' title='bbox 340 487 469 527; x_wconf 76' lang='lat' dir='ltr'><strong>aliquot</strong></span> <span class='ocrx_word' id='word_1_33' title='bbox 485 486 571 517; x_wconf 88' lang='lat' dir='ltr'>male</span> <span class='ocrx_word' id='word_1_34' title='bbox 586 486 707 525; x_wconf 74' lang='lat' dir='ltr'>vulgus.</span> 
     </span>
    </p>

    <p class='ocr_par' dir='ltr' id='par_1_3' title="bbox 283 535 945 575">
     <span class='ocr_line' id='line_1_7' title="bbox 283 535 945 575; baseline -0.006 -6"><span class='ocrx_word' id='word_1_35' title='bbox 283 541 323 569; x_wconf 79' lang='lat'>15</span> <span class='ocrx_word' id='word_1_36' title='bbox 350 539 420 569; x_wconf 83' lang='lat' dir='ltr'>Non</span> <span class='ocrx_word' id='word_1_37' title='bbox 444 538 575 569; x_wconf 79' lang='lat' dir='ltr'>interire</span> <span class='ocrx_word' id='word_1_38' title='bbox 593 538 724 575; x_wconf 75' lang='lat' dir='ltr'>animas,</span> <span class='ocrx_word' id='word_1_39' title='bbox 740 537 792 568; x_wconf 77' lang='lat' dir='ltr'>sed</span> <span class='ocrx_word' id='word_1_40' title='bbox 813 535 851 566; x_wconf 83' lang='lat' dir='ltr'>ab</span> <span class='ocrx_word' id='word_1_41' title='bbox 874 536 945 566; x_wconf 74' lang='lat' dir='ltr'>aliis</span> 
     </span>
    </p>

    <p class='ocr_par' dir='ltr' id='par_1_4' title="bbox 237 586 947 2697">
     <span class='ocr_line' id='line_1_8' title="bbox 237 586 943 628; baseline -0.003 -10"><span class='ocrx_word' id='word_1_42' title='bbox 237 590 305 628; x_wconf 73' lang='lat' dir='ltr'>post</span> <span class='ocrx_word' id='word_1_43' title='bbox 334 591 462 619; x_wconf 80' lang='lat' dir='ltr'>mortem</span> <span class='ocrx_word' id='word_1_44' title='bbox 489 588 624 618; x_wconf 75' lang='lat' dir='ltr'>transire</span> <span class='ocrx_word' id='word_1_45' title='bbox 651 588 691 618; x_wconf 80' lang='lat' dir='ltr'>ad</span> <span class='ocrx_word' id='word_1_46' title='bbox 720 586 811 626; x_wconf 77' lang='lat' dir='ltr'>auos]</span> <span class='ocrx_word' id='word_1_47' title='bbox 861 586 943 617; x_wconf 62' lang='lat' dir='ltr'>Haec</span> 
     </span>
     <span class='ocr_line' id='line_1_9' title="bbox 241 636 943 678; baseline -0.004 -10"><span class='ocrx_word' id='word_1_48' title='bbox 241 637 449 678; x_wconf 66' lang='lat' dir='ltr'>Pythagora&gt;</span> <span class='ocrx_word' id='word_1_49' title='bbox 463 637 525 668; x_wconf 82' lang='lat' dir='ltr'>fuit</span> <span class='ocrx_word' id='word_1_50' title='bbox 544 637 725 668; x_wconf 78' lang='lat' dir='ltr'>sententia.</span> <span class='ocrx_word' id='word_1_51' title='bbox 772 636 943 668; x_wconf 83' lang='lat' dir='ltr'>Diodorus</span> 
     </span>
     <span class='ocr_line' id='line_1_10' title="bbox 239 685 944 728; baseline -0.006 -9"><span class='ocrx_word' id='word_1_52' title='bbox 239 688 371 719; x_wconf 74' lang='lat' dir='ltr'>Siculu—</span> <span class='ocrx_word' id='word_1_53' title='bbox 396 689 486 720; x_wconf 78' lang='lat' dir='ltr'>Bim.</span> <span class='ocrx_word' id='word_1_54' title='bbox 515 689 536 720; x_wconf 92' lang='grc' dir='ltr'>Ι.</span> <span class='ocrx_word' id='word_1_55' title='bbox 560 698 591 719; x_wconf 84' lang='lat' dir='ltr'>v.</span> <span class='ocrx_word' id='word_1_56' title='bbox 621 699 652 728; x_wconf 85' lang='lat' dir='ltr'>p.</span> <span class='ocrx_word' id='word_1_57' title='bbox 671 690 745 719; x_wconf 79' lang='grc'><strong>306.</strong></span> <span class='ocrx_word' id='word_1_58' title='bbox 790 685 944 723; x_wconf 80' lang='grc' dir='ltr'>Ἐνισχύει</span> 
     </span>
     <span class='ocr_line' id='line_1_11' title="bbox 241 735 946 779; baseline -0.007 -9"><span class='ocrx_word' id='word_1_59' title='bbox 241 738 304 779; x_wconf 71' lang='grc' dir='ltr'>’γὰρ</span> <span class='ocrx_word' id='word_1_60' title='bbox 318 743 388 778; x_wconf 79' lang='grc' dir='ltr'>παρ’</span> <span class='ocrx_word' id='word_1_61' title='bbox 404 738 507 769; x_wconf 78' lang='grc' dir='ltr'>αὐτοῖς</span> <span class='ocrx_word' id='word_1_62' title='bbox 524 736 711 772; x_wconf 76' lang='grc' dir='ltr'>(Γαλάταις)</span> <span class='ocrx_word' id='word_1_63' title='bbox 733 738 749 766; x_wconf 81' lang='grc' dir='ltr'><strong>ὁ</strong></span> <span class='ocrx_word' id='word_1_64' title='bbox 765 735 946 775; x_wconf 77' lang='grc' dir='ltr'><strong><em>Πυθαγόρου</em></strong></span> 
     </span>
     <span class='ocr_line' id='line_1_12' title="bbox 239 786 946 828; baseline -0.006 -9"><span class='ocrx_word' id='word_1_65' title='bbox 239 788 346 828; x_wconf 75' lang='grc' dir='ltr'>λόγος,</span> <span class='ocrx_word' id='word_1_66' title='bbox 362 789 408 819; x_wconf 86' lang='grc' dir='ltr'>ὅτι</span> <span class='ocrx_word' id='word_1_67' title='bbox 425 789 480 820; x_wconf 80' lang='grc' dir='ltr'>τὰς</span> <span class='ocrx_word' id='word_1_68' title='bbox 495 788 596 827; x_wconf 81' lang='grc' dir='ltr'><strong><em>ψυχὰς</em></strong></span> <span class='ocrx_word' id='word_1_69' title='bbox 617 789 678 817; x_wconf 78' lang='grc' dir='ltr'>τῶν</span> <span class='ocrx_word' id='word_1_70' title='bbox 698 786 860 825; x_wconf 80' lang='grc' dir='ltr'>ἀνθρώπων</span> <span class='ocrx_word' id='word_1_71' title='bbox 874 786 946 816; x_wconf 79' lang='grc' dir='ltr'><strong><em>ἀθα-</em></strong></span> 
     </span>
     <span class='ocr_line' id='line_1_13' title="bbox 240 836 945 877; baseline -0.006 -7"><span class='ocrx_word' id='word_1_72' title='bbox 240 838 350 870; x_wconf 77' lang='grc' dir='ltr'>νάτους</span> <span class='ocrx_word' id='word_1_73' title='bbox 365 838 438 870; x_wconf 81' lang='grc' dir='ltr'>εἶναι</span> <span class='ocrx_word' id='word_1_74' title='bbox 448 838 638 877; x_wconf 81' lang='grc' dir='ltr'><strong><em>συμβέβηκε,</em></strong></span> <span class='ocrx_word' id='word_1_75' title='bbox 651 837 701 868; x_wconf 73' lang='grc' dir='ltr'>καὶ</span> <span class='ocrx_word' id='word_1_76' title='bbox 717 836 753 867; x_wconf 84' lang='grc' dir='ltr'>δι’</span> <span class='ocrx_word' id='word_1_77' title='bbox 769 837 845 866; x_wconf 83' lang='grc' dir='ltr'>ἐτῶν</span> <span class='ocrx_word' id='word_1_78' title='bbox 859 837 945 877; x_wconf 70' lang='grc' dir='ltr'>ὡρισ·</span> 
     </span>
     <span class='ocr_line' id='line_1_14' title="bbox 238 886 945 928; baseline -0.003 -9"><span class='ocrx_word' id='word_1_79' title='bbox 238 888 336 927; x_wconf 83' lang='grc' dir='ltr'><strong><em>μένων</em></strong></span> <span class='ocrx_word' id='word_1_80' title='bbox 358 888 452 918; x_wconf 78' lang='grc' dir='ltr'>πάλιν</span> <span class='ocrx_word' id='word_1_81' title='bbox 473 889 572 928; x_wconf 80' lang='grc' dir='ltr'>βιοῦν,</span> <span class='ocrx_word' id='word_1_82' title='bbox 595 887 636 918; x_wconf 81' lang='grc' dir='ltr'>εἷς</span> <span class='ocrx_word' id='word_1_83' title='bbox 660 886 764 928; x_wconf 79' lang='grc' dir='ltr'>ἕτερον</span> <span class='ocrx_word' id='word_1_84' title='bbox 784 889 872 925; x_wconf 86' lang='grc' dir='ltr'><strong>σῶμα.</strong></span> <span class='ocrx_word' id='word_1_85' title='bbox 888 889 945 924; x_wconf 81' lang='grc' dir='ltr'>τῆς</span> 
     </span>
     <span class='ocr_line' id='line_1_15' title="bbox 239 937 944 979; baseline -0.003 -9"><span class='ocrx_word' id='word_1_86' title='bbox 239 941 340 979; x_wconf 76' lang='grc' dir='ltr'><strong><em>ψυχῆς</em></strong></span> <span class='ocrx_word' id='word_1_87' title='bbox 362 937 564 977; x_wconf 78' lang='grc' dir='ltr'>εἰσδυομένης.</span> <span class='ocrx_word' id='word_1_88' title='bbox 610 938 677 969; x_wconf 88' lang='lat' dir='ltr'>Sed</span> <span class='ocrx_word' id='word_1_89' title='bbox 703 948 744 968; x_wconf 84' lang='lat' dir='ltr'>an</span> <span class='ocrx_word' id='word_1_90' title='bbox 773 948 792 968; x_wconf 89' lang='lat' dir='ltr'>a</span> <span class='ocrx_word' id='word_1_91' title='bbox 819 938 944 978; x_wconf 79' lang='lat' dir='ltr'>Pytha-</span> 
     </span>
     <span class='ocr_line' id='line_1_16' title="bbox 239 988 944 1031; baseline -0.004 -10"><span class='ocrx_word' id='word_1_92' title='bbox 239 999 321 1031; x_wconf 84' lang='lat' dir='ltr'>gora</span> <span class='ocrx_word' id='word_1_93' title='bbox 345 989 492 1021; x_wconf 83' lang='lat' dir='ltr'>Druides</span> <span class='ocrx_word' id='word_1_94' title='bbox 516 988 701 1027; x_wconf 77' lang='lat' dir='ltr'>hauserint,</span> <span class='ocrx_word' id='word_1_95' title='bbox 718 998 764 1019; x_wconf 77' lang='lat' dir='ltr'>an</span> <span class='ocrx_word' id='word_1_96' title='bbox 790 989 863 1029; x_wconf 81' lang='lat' dir='ltr'>ipse</span> <span class='ocrx_word' id='word_1_97' title='bbox 885 998 944 1029; x_wconf 87' lang='lat' dir='ltr'>po-</span> 
     </span>
     <span class='ocr_line' id='line_1_17' title="bbox 240 1038 944 1075; baseline -0.003 -3"><span class='ocrx_word' id='word_1_98' title='bbox 240 1042 305 1072; x_wconf 83' lang='lat' dir='ltr'>tins</span> <span class='ocrx_word' id='word_1_99' title='bbox 336 1041 379 1072; x_wconf 87' lang='lat' dir='ltr'>ab</span> <span class='ocrx_word' id='word_1_100' title='bbox 410 1041 489 1075; x_wconf 83' lang='lat' dir='ltr'>illis,</span> <span class='ocrx_word' id='word_1_101' title='bbox 526 1039 664 1070; x_wconf 86' lang='lat' dir='ltr'>dubium</span> <span class='ocrx_word' id='word_1_102' title='bbox 693 1038 826 1069; x_wconf 77' lang='lat' dir='ltr'>videtur</span> <span class='ocrx_word' id='word_1_103' title='bbox 856 1039 944 1070; x_wconf 83' lang='lat' dir='ltr'>Just.</span> 
     </span>
     <span class='ocr_line' id='line_1_18' title="bbox 238 1091 943 1134; baseline -0.003 -10"><span class='ocrx_word' id='word_1_104' title='bbox 238 1093 354 1134; x_wconf 87' lang='lat' dir='ltr'>Lipsio</span> <span class='ocrx_word' id='word_1_105' title='bbox 372 1093 523 1133; x_wconf 71' lang='lat' dir='ltr'>Pliysiol.</span> <span class='ocrx_word' id='word_1_106' title='bbox 539 1092 644 1123; x_wconf 86' lang='lat' dir='ltr'>Stoic.</span> <span class='ocrx_word' id='word_1_107' title='bbox 661 1092 682 1122; x_wconf 95' lang='lat' dir='ltr'>l.</span> <span class='ocrx_word' id='word_1_108' title='bbox 700 1100 758 1122; x_wconf 90' lang='lat'>111.</span> <span class='ocrx_word' id='word_1_109' title='bbox 779 1091 872 1122; x_wconf 77' lang='lat' dir='ltr'>Diss.</span> <span class='ocrx_word' id='word_1_110' title='bbox 892 1094 943 1122; x_wconf 82' lang='lat'>12.</span> 
     </span>
     <span class='ocr_line' id='line_1_19' title="bbox 239 1142 945 1183; baseline -0.003 -9"><span class='ocrx_word' id='word_1_111' title='bbox 239 1142 436 1174; x_wconf 77' lang='lat' dir='ltr'><strong>Alexander</strong></span> <span class='ocrx_word' id='word_1_112' title='bbox 474 1152 554 1173; x_wconf 77' lang='lat' dir='ltr'>saue</span> <span class='ocrx_word' id='word_1_113' title='bbox 600 1142 692 1183; x_wconf 84' lang='lat' dir='ltr'>apud</span> <span class='ocrx_word' id='word_1_114' title='bbox 732 1142 945 1173; x_wconf 80' lang='lat' dir='ltr'>Clementem</span> 
     </span>
     <span class='ocr_line' id='line_1_20' title="bbox 239 1193 943 1233; baseline -0.001 -8"><span class='ocrx_word' id='word_1_115' title='bbox 239 1193 505 1225; x_wconf 80' lang='lat' dir='ltr'>Alexandrinum</span> <span class='ocrx_word' id='word_1_116' title='bbox 538 1195 662 1224; x_wconf 81' lang='lat' dir='ltr'>Strom.</span> <span class='ocrx_word' id='word_1_117' title='bbox 692 1194 713 1224; x_wconf 96' lang='lat' dir='ltr'>l.</span> <span class='ocrx_word' id='word_1_118' title='bbox 747 1202 770 1224; x_wconf 87' lang='lat'>1.</span> <span class='ocrx_word' id='word_1_119' title='bbox 804 1203 835 1233; x_wconf 84' lang='lat' dir='ltr'>p.</span> <span class='ocrx_word' id='word_1_120' title='bbox 866 1196 943 1224; x_wconf 75' lang='lat'><strong>223.</strong></span> 
     </span>
     <span class='ocr_line' id='line_1_21' title="bbox 239 1242 945 1283; baseline -0.001 -8"><span class='ocrx_word' id='word_1_121' title='bbox 239 1244 303 1276; x_wconf 87' lang='lat' dir='ltr'>Ed.</span> <span class='ocrx_word' id='word_1_122' title='bbox 329 1244 434 1281; x_wconf 63' lang='lat' dir='ltr'>Lnga.</span> <span class='ocrx_word' id='word_1_123' title='bbox 452 1244 554 1274; x_wconf 77' lang='lat' dir='ltr'>tradit</span> <span class='ocrx_word' id='word_1_124' title='bbox 573 1243 801 1283; x_wconf 80' lang='lat' dir='ltr'><strong>Pythagoram</strong></span> <span class='ocrx_word' id='word_1_125' title='bbox 819 1242 945 1280; x_wconf 82' lang='grc' dir='ltr'>ἀκηκοέ-</span> 
     </span>
     <span class='ocr_line' id='line_1_22' title="bbox 238 1293 945 1333; baseline 0 -9"><span class='ocrx_word' id='word_1_126' title='bbox 238 1304 287 1324; x_wconf 73' lang='grc' dir='ltr'>ναι</span> <span class='ocrx_word' id='word_1_127' title='bbox 315 1295 472 1323; x_wconf 82' lang='grc' dir='ltr'>Γαλατῶν.</span> <span class='ocrx_word' id='word_1_128' title='bbox 519 1293 585 1324; x_wconf 85' lang='lat' dir='ltr'>Sed</span> <span class='ocrx_word' id='word_1_129' title='bbox 614 1294 722 1333; x_wconf 79' lang='lat' dir='ltr'>magis</span> <span class='ocrx_word' id='word_1_130' title='bbox 745 1294 945 1325; x_wconf 80' lang='lat' dir='ltr'>accederem</span> 
     </span>
     <span class='ocr_line' id='line_1_23' title="bbox 237 1343 944 1383; baseline -0.003 -8"><span class='ocrx_word' id='word_1_131' title='bbox 237 1343 348 1375; x_wconf 84' lang='lat' dir='ltr'>Amm.</span> <span class='ocrx_word' id='word_1_132' title='bbox 368 1344 582 1381; x_wconf 75' lang='lat' dir='ltr'>Marcellino,</span> <span class='ocrx_word' id='word_1_133' title='bbox 605 1344 662 1383; x_wconf 88' lang='lat' dir='ltr'>qui</span> <span class='ocrx_word' id='word_1_134' title='bbox 687 1344 748 1373; x_wconf 85' lang='lat' dir='ltr'>liae</span> <span class='ocrx_word' id='word_1_135' title='bbox 773 1343 815 1374; x_wconf 87' lang='lat' dir='ltr'>de</span> <span class='ocrx_word' id='word_1_136' title='bbox 839 1353 874 1373; x_wconf 89' lang='lat' dir='ltr'>re</span> <span class='ocrx_word' id='word_1_137' title='bbox 896 1344 944 1374; x_wconf 91' lang='lat' dir='ltr'>sic</span> 
     </span>
     <span class='ocr_line' id='line_1_24' title="bbox 237 1393 946 1435; baseline -0.003 -10"><span class='ocrx_word' id='word_1_138' title='bbox 237 1393 387 1435; x_wconf 84' lang='lat' dir='ltr'>loquitur</span> <span class='ocrx_word' id='word_1_139' title='bbox 418 1402 477 1424; x_wconf 79' lang='lat' dir='ltr'>xv.</span> <span class='ocrx_word' id='word_1_140' title='bbox 508 1396 539 1424; x_wconf 85' lang='grc'><strong>9.</strong></span> <span class='ocrx_word' id='word_1_141' title='bbox 592 1393 601 1409; x_wconf 79' lang='lat'><strong><em>⁴</em></strong></span> <span class='ocrx_word' id='word_1_142' title='bbox 628 1393 771 1424; x_wconf 71' lang='lat' dir='ltr'>Druidae</span> <span class='ocrx_word' id='word_1_143' title='bbox 802 1393 946 1433; x_wconf 87' lang='lat' dir='ltr'>ingeniis</span> 
     </span>
     <span class='ocr_line' id='line_1_25' title="bbox 238 1444 944 1485; baseline -0.003 -9"><span class='ocrx_word' id='word_1_144' title='bbox 238 1445 410 1484; x_wconf 76' lang='lat' dir='ltr'>celsiores,</span> <span class='ocrx_word' id='word_1_145' title='bbox 447 1449 484 1475; x_wconf 90' lang='lat' dir='ltr'>ut</span> <span class='ocrx_word' id='word_1_146' title='bbox 522 1444 708 1475; x_wconf 76' lang='lat' dir='ltr'>auctoritas</span> <span class='ocrx_word' id='word_1_147' title='bbox 739 1444 944 1485; x_wconf 81' lang='lat' dir='ltr'>Pythagorae</span> 
     </span>
     <span class='ocr_line' id='line_1_26' title="bbox 238 1494 947 1534; baseline -0.003 -7"><span class='ocrx_word' id='word_1_148' title='bbox 238 1495 405 1534; x_wconf 83' lang='lat' dir='ltr'>decrevit,</span> <span class='ocrx_word' id='word_1_149' title='bbox 432 1494 602 1525; x_wconf 79' lang='lat' dir='ltr'>sodaliciis</span> <span class='ocrx_word' id='word_1_150' title='bbox 627 1494 783 1526; x_wconf 84' lang='lat' dir='ltr'>adstricti</span> <span class='ocrx_word' id='word_1_151' title='bbox 811 1504 947 1526; x_wconf 85' lang='lat' dir='ltr'>consor-</span> 
     </span>
     <span class='ocr_line' id='line_1_27' title="bbox 238 1546 946 1587; baseline -0.001 -10"><span class='ocrx_word' id='word_1_152' title='bbox 238 1546 307 1585; x_wconf 81' lang='lat' dir='ltr'>tiis,</span> <span class='ocrx_word' id='word_1_153' title='bbox 329 1546 573 1587; x_wconf 73' lang='lat' dir='ltr'>quaestionibus</span> <span class='ocrx_word' id='word_1_154' title='bbox 601 1546 946 1586; x_wconf 21' lang='lat' dir='ltr'>occultarumrrerum</span> 
     </span>
     <span class='ocr_line' id='line_1_28' title="bbox 240 1595 946 1636; baseline -0.001 -9"><span class='ocrx_word' id='word_1_155' title='bbox 240 1597 454 1636; x_wconf 76' lang='lat' dir='ltr'>altarumque</span> <span class='ocrx_word' id='word_1_156' title='bbox 482 1596 590 1627; x_wconf 87' lang='lat' dir='ltr'>erecti</span> <span class='ocrx_word' id='word_1_157' title='bbox 612 1600 713 1633; x_wconf 78' lang='lat' dir='ltr'>sunt3</span> <span class='ocrx_word' id='word_1_158' title='bbox 740 1600 788 1634; x_wconf 83' lang='lat' dir='ltr'>ut,</span> <span class='ocrx_word' id='word_1_159' title='bbox 805 1595 946 1636; x_wconf 83' lang='lat' dir='ltr'>despec-</span> 
     </span>
     <span class='ocr_line' id='line_1_29' title="bbox 238 1646 945 1687; baseline -0.004 -8"><span class='ocrx_word' id='word_1_160' title='bbox 238 1652 354 1679; x_wconf 86' lang='lat' dir='ltr'>tantes</span> <span class='ocrx_word' id='word_1_161' title='bbox 371 1647 527 1683; x_wconf 82' lang='lat' dir='ltr'>humana,</span> <span class='ocrx_word' id='word_1_162' title='bbox 543 1646 803 1687; x_wconf 81' lang='lat' dir='ltr'>pronunciariut</span> <span class='ocrx_word' id='word_1_163' title='bbox 819 1646 945 1676; x_wconf 86' lang='lat' dir='ltr'>animas</span> 
     </span>
     <span class='ocr_line' id='line_1_30' title="bbox 238 1696 946 1730; baseline -0.004 -1"><span class='ocrx_word' id='word_1_164' title='bbox 238 1698 468 1730; x_wconf 78' lang='lat' dir='ltr'>immortales.’</span> <span class='ocrx_word' id='word_1_165' title='bbox 502 1698 606 1729; x_wconf 84' lang='lat' dir='ltr'>Certe</span> <span class='ocrx_word' id='word_1_166' title='bbox 623 1707 697 1728; x_wconf 88' lang='lat' dir='ltr'>cum</span> <span class='ocrx_word' id='word_1_167' title='bbox 714 1697 805 1728; x_wconf 87' lang='lat' dir='ltr'>Galli</span> <span class='ocrx_word' id='word_1_168' title='bbox 821 1696 946 1727; x_wconf 82' lang='lat' dir='ltr'>litteris</span> 
     </span>
     <span class='ocr_line' id='line_1_31' title="bbox 237 1747 947 1789; baseline -0.001 -10"><span class='ocrx_word' id='word_1_169' title='bbox 237 1748 402 1780; x_wconf 68' lang='lat' dir='ltr'>Massiliae</span> <span class='ocrx_word' id='word_1_170' title='bbox 427 1758 566 1789; x_wconf 84' lang='lat' dir='ltr'>operam</span> <span class='ocrx_word' id='word_1_171' title='bbox 591 1747 761 1785; x_wconf 81' lang='lat' dir='ltr'>dederint,</span> <span class='ocrx_word' id='word_1_172' title='bbox 783 1753 821 1778; x_wconf 92' lang='lat' dir='ltr'>ut</span> <span class='ocrx_word' id='word_1_173' title='bbox 845 1758 947 1788; x_wconf 91' lang='lat' dir='ltr'>appa-</span> 
     </span>
     <span class='ocr_line' id='line_1_32' title="bbox 239 1799 947 1839; baseline -0.003 -8"><span class='ocrx_word' id='word_1_174' title='bbox 239 1804 293 1831; x_wconf 90' lang='lat' dir='ltr'>ret</span> <span class='ocrx_word' id='word_1_175' title='bbox 320 1809 362 1830; x_wconf 88' lang='lat' dir='ltr'>ex</span> <span class='ocrx_word' id='word_1_176' title='bbox 384 1799 562 1831; x_wconf 86' lang='lat' dir='ltr'>Strabonis</span> <span class='ocrx_word' id='word_1_177' title='bbox 589 1800 609 1829; x_wconf 89' lang='lat' dir='ltr'>l.</span> <span class='ocrx_word' id='word_1_178' title='bbox 640 1808 688 1830; x_wconf 82' lang='lat' dir='ltr'>iv.</span> <span class='ocrx_word' id='word_1_179' title='bbox 713 1809 746 1839; x_wconf 88' lang='lat' dir='ltr'>p.</span> <span class='ocrx_word' id='word_1_180' title='bbox 772 1802 845 1830; x_wconf 85' lang='lat'>181.</span> <span class='ocrx_word' id='word_1_181' title='bbox 881 1808 947 1829; x_wconf 89' lang='lat' dir='ltr'>non</span> 
     </span>
     <span class='ocr_line' id='line_1_33' title="bbox 237 1849 946 1889; baseline -0.003 -9"><span class='ocrx_word' id='word_1_182' title='bbox 237 1850 371 1889; x_wconf 87' lang='lat' dir='ltr'>mirum,</span> <span class='ocrx_word' id='word_1_183' title='bbox 387 1859 445 1880; x_wconf 86' lang='lat' dir='ltr'>eos</span> <span class='ocrx_word' id='word_1_184' title='bbox 468 1849 708 1888; x_wconf 76' lang='lat' dir='ltr'>Pythagoricis</span> <span class='ocrx_word' id='word_1_185' title='bbox 731 1849 946 1888; x_wconf 80' lang='lat' dir='ltr'>dogmatibus</span> 
     </span>
     <span class='ocr_line' id='line_1_34' title="bbox 238 1899 946 1932; baseline -0.003 -1"><span class='ocrx_word' id='word_1_186' title='bbox 238 1900 343 1932; x_wconf 82' lang='lat' dir='ltr'>fuisse</span> <span class='ocrx_word' id='word_1_187' title='bbox 373 1901 528 1930; x_wconf 85' lang='lat' dir='ltr'>imbutos.</span> <span class='ocrx_word' id='word_1_188' title='bbox 561 1900 675 1930; x_wconf 77' lang='lat' dir='ltr'>Duris.</span> <span class='ocrx_word' id='word_1_189' title='bbox 702 1899 740 1930; x_wconf 89' lang='lat' dir='ltr'>In</span> <span class='ocrx_word' id='word_1_190' title='bbox 765 1900 827 1930; x_wconf 87' lang='lat' dir='ltr'>hac</span> <span class='ocrx_word' id='word_1_191' title='bbox 851 1904 946 1930; x_wconf 88' lang='lat' dir='ltr'>certe</span> 
     </span>
     <span class='ocr_line' id='line_1_35' title="bbox 239 1949 946 1981; baseline -0.003 0"><span class='ocrx_word' id='word_1_192' title='bbox 239 1950 411 1981; x_wconf 82' lang='lat' dir='ltr'>sententia</span> <span class='ocrx_word' id='word_1_193' title='bbox 438 1949 539 1980; x_wconf 80' lang='lat' dir='ltr'>fuisse</span> <span class='ocrx_word' id='word_1_194' title='bbox 570 1949 706 1980; x_wconf 83' lang='lat' dir='ltr'>videtur</span> <span class='ocrx_word' id='word_1_195' title='bbox 737 1949 946 1981; x_wconf 79' lang='lat' dir='ltr'>Jambliclius</span> 
     </span>
     <span class='ocr_line' id='line_1_36' title="bbox 239 2000 946 2041; baseline -0.003 -9"><span class='ocrx_word' id='word_1_196' title='bbox 239 2000 300 2031; x_wconf 79' lang='lat' dir='ltr'>vit.</span> <span class='ocrx_word' id='word_1_197' title='bbox 315 2001 461 2041; x_wconf 80' lang='lat' dir='ltr'>Pytliag.</span> <span class='ocrx_word' id='word_1_198' title='bbox 476 2010 507 2030; x_wconf 93' lang='lat' dir='ltr'>n.</span> <span class='ocrx_word' id='word_1_199' title='bbox 527 2002 598 2030; x_wconf 77' lang='lat'><strong>173.</strong></span> <span class='ocrx_word' id='word_1_200' title='bbox 623 2000 762 2031; x_wconf 85' lang='lat' dir='ltr'>Diserte</span> <span class='ocrx_word' id='word_1_201' title='bbox 776 2010 856 2030; x_wconf 88' lang='lat' dir='ltr'>vero</span> <span class='ocrx_word' id='word_1_202' title='bbox 871 2000 946 2030; x_wconf 87' lang='lat' dir='ltr'>Ori-</span> 
     </span>
     <span class='ocr_line' id='line_1_37' title="bbox 241 2051 947 2091; baseline -0.003 -9"><span class='ocrx_word' id='word_1_203' title='bbox 241 2060 343 2091; x_wconf 78' lang='lat' dir='ltr'>genes</span> <span class='ocrx_word' id='word_1_204' title='bbox 380 2051 507 2081; x_wconf 75' lang='lat' dir='ltr'>Philus.</span> <span class='ocrx_word' id='word_1_205' title='bbox 552 2060 582 2081; x_wconf 89' lang='lat' dir='ltr'>c.</span> <span class='ocrx_word' id='word_1_206' title='bbox 614 2054 645 2081; x_wconf 74' lang='lat'>⁴2.</span> <span class='ocrx_word' id='word_1_207' title='bbox 677 2060 709 2090; x_wconf 81' lang='lat' dir='ltr'>p.</span> <span class='ocrx_word' id='word_1_208' title='bbox 732 2053 784 2081; x_wconf 81' lang='grc'><strong>-16,</strong></span> <span class='ocrx_word' id='word_1_209' title='bbox 828 2051 865 2081; x_wconf 88' lang='lat' dir='ltr'>‘O</span> <span class='ocrx_word' id='word_1_210' title='bbox 890 2051 947 2081; x_wconf 75' lang='grc' dir='ltr'>τοῦ</span> 
     </span>
     <span class='ocr_line' id='line_1_38' title="bbox 238 2099 946 2142; baseline 0 -10"><span class='ocrx_word' id='word_1_211' title='bbox 238 2100 419 2142; x_wconf 71' lang='grc' dir='ltr'><strong><em>Πυθαγόρου</em></strong></span> <span class='ocrx_word' id='word_1_212' title='bbox 449 2100 569 2138; x_wconf 78' lang='grc' dir='ltr'>οἰκέτης</span> <span class='ocrx_word' id='word_1_213' title='bbox 594 2099 743 2140; x_wconf 80' lang='grc' dir='ltr'>Ζάμολξις</span> <span class='ocrx_word' id='word_1_214' title='bbox 767 2100 839 2132; x_wconf 79' lang='grc' dir='ltr'>τοὺς</span> <span class='ocrx_word' id='word_1_215' title='bbox 863 2101 946 2142; x_wconf 82' lang='grc' dir='ltr'><strong><em>παρὰ</em></strong></span> 
     </span>
     <span class='ocr_line' id='line_1_39' title="bbox 238 2149 945 2191; baseline -0.001 -9"><span class='ocrx_word' id='word_1_216' title='bbox 238 2153 370 2182; x_wconf 79' lang='grc' dir='ltr'>Κελτοῖς</span> <span class='ocrx_word' id='word_1_217' title='bbox 394 2151 522 2191; x_wconf 64' lang='grc' dir='ltr'><strong><em>Δρυΐδας</em></strong></span> <span class='ocrx_word' id='word_1_218' title='bbox 545 2150 674 2190; x_wconf 78' lang='grc' dir='ltr'>λέγεται</span> <span class='ocrx_word' id='word_1_219' title='bbox 690 2149 803 2190; x_wconf 81' lang='grc' dir='ltr'><strong><em>διδάξαι</em></strong></span> <span class='ocrx_word' id='word_1_220' title='bbox 818 2157 945 2190; x_wconf 83' lang='grc' dir='ltr'>φιλοσο-</span> 
     </span>
     <span class='ocr_line' id='line_1_40' title="bbox 238 2201 944 2242; baseline 0.001 -10"><span class='ocrx_word' id='word_1_221' title='bbox 238 2203 308 2241; x_wconf 79' lang='grc' dir='ltr'>φεῖν</span> <span class='ocrx_word' id='word_1_222' title='bbox 318 2202 374 2238; x_wconf 81' lang='grc' dir='ltr'>τὴν</span> <span class='ocrx_word' id='word_1_223' title='bbox 385 2201 591 2242; x_wconf 76' lang='grc' dir='ltr'>Πυθαγόρειον</span> <span class='ocrx_word' id='word_1_224' title='bbox 603 2201 800 2242; x_wconf 79' lang='grc' dir='ltr'>φιλοσοφίαν.</span> <span class='ocrx_word' id='word_1_225' title='bbox 818 2203 944 2233; x_wconf 83' lang='lat' dir='ltr'>Eadem</span> 
     </span>
     <span class='ocr_line' id='line_1_41' title="bbox 238 2252 943 2294; baseline 0 -10"><span class='ocrx_word' id='word_1_226' title='bbox 238 2252 310 2284; x_wconf 81' lang='lat' dir='ltr'>sere</span> <span class='ocrx_word' id='word_1_227' title='bbox 329 2253 457 2294; x_wconf 81' lang='lat' dir='ltr'>repetit</span> <span class='ocrx_word' id='word_1_228' title='bbox 473 2263 502 2284; x_wconf 90' lang='lat' dir='ltr'>c.</span> <span class='ocrx_word' id='word_1_229' title='bbox 521 2256 574 2284; x_wconf 78' lang='lat'>25.</span> <span class='ocrx_word' id='word_1_230' title='bbox 591 2264 623 2293; x_wconf 85' lang='lat' dir='ltr'>p.</span> <span class='ocrx_word' id='word_1_231' title='bbox 638 2256 712 2284; x_wconf 86' lang='grc'><strong>168.</strong></span> <span class='ocrx_word' id='word_1_232' title='bbox 727 2262 820 2294; x_wconf 87' lang='lat' dir='ltr'>seqq.</span> <span class='ocrx_word' id='word_1_233' title='bbox 845 2254 943 2284; x_wconf 81' lang='lat' dir='ltr'>Idem.</span> 
     </span>
     <span class='ocr_line' id='line_1_42' title="bbox 241 2312 400 2335; baseline 0 0"><span class='ocrx_word' id='word_1_234' title='bbox 241 2312 313 2335; x_wconf 87' lang='lat' dir='ltr'>cur.</span> <span class='ocrx_word' id='word_1_235' title='bbox 333 2313 400 2335; x_wconf 78' lang='lat' dir='ltr'>sec.</span> 
     </span>
     <span class='ocr_line' id='line_1_43' title="bbox 245 2354 947 2395; baseline 0.001 -10"><span class='ocrx_word' id='word_1_236' title='bbox 245 2369 251 2377; x_wconf 62' lang='grc' dir='ltr'>ι</span> <span class='ocrx_word' id='word_1_237' title='bbox 282 2357 322 2385; x_wconf 84' lang='grc'>16</span> <span class='ocrx_word' id='word_1_238' title='bbox 347 2354 417 2385; x_wconf 86' lang='lat' dir='ltr'>Hoc</span> <span class='ocrx_word' id='word_1_239' title='bbox 433 2355 568 2386; x_wconf 76' lang='lat' dir='ltr'>maxime</span> <span class='ocrx_word' id='word_1_240' title='bbox 583 2356 622 2385; x_wconf 82' lang='lat' dir='ltr'>ad</span> <span class='ocrx_word' id='word_1_241' title='bbox 638 2354 803 2395; x_wconf 72' lang='lat' dir='ltr'>virtutem]</span> <span class='ocrx_word' id='word_1_242' title='bbox 834 2354 947 2386; x_wconf 79' lang='lat' dir='ltr'>Forti-</span> 
     </span>
     <span class='ocr_line' id='line_1_44' title="bbox 238 2404 946 2445; baseline 0.001 -10"><span class='ocrx_word' id='word_1_243' title='bbox 238 2405 390 2436; x_wconf 85' lang='lat' dir='ltr'>tudinem</span> <span class='ocrx_word' id='word_1_244' title='bbox 411 2406 580 2445; x_wconf 88' lang='lat' dir='ltr'>bellicam,</span> <span class='ocrx_word' id='word_1_245' title='bbox 596 2415 686 2445; x_wconf 88' lang='lat' dir='ltr'>nam,</span> <span class='ocrx_word' id='word_1_246' title='bbox 705 2410 739 2436; x_wconf 90' lang='lat' dir='ltr'>ut</span> <span class='ocrx_word' id='word_1_247' title='bbox 757 2405 848 2435; x_wconf 86' lang='lat' dir='ltr'>Galli</span> <span class='ocrx_word' id='word_1_248' title='bbox 870 2406 878 2423; x_wconf 90' lang='lat'>‘</span> <span class='ocrx_word' id='word_1_249' title='bbox 898 2404 946 2436; x_wconf 81' lang='lat' dir='ltr'>fo-</span> 
     </span>
     <span class='ocr_line' id='line_1_45' title="bbox 239 2455 945 2494; baseline 0 -7"><span class='ocrx_word' id='word_1_250' title='bbox 239 2460 316 2487; x_wconf 85' lang='lat' dir='ltr'>rent</span> <span class='ocrx_word' id='word_1_251' title='bbox 341 2455 380 2486; x_wconf 86' lang='lat' dir='ltr'>ad</span> <span class='ocrx_word' id='word_1_252' title='bbox 403 2456 490 2486; x_wconf 82' lang='lat' dir='ltr'>bella</span> <span class='ocrx_word' id='word_1_253' title='bbox 515 2457 685 2494; x_wconf 77' lang='lat' dir='ltr'>meliores,</span> <span class='ocrx_word' id='word_1_254' title='bbox 702 2461 847 2487; x_wconf 72' lang='lat' dir='ltr'>aeternas</span> <span class='ocrx_word' id='word_1_255' title='bbox 871 2466 945 2487; x_wconf 83' lang='lat' dir='ltr'>esse</span> 
     </span>
     <span class='ocr_line' id='line_1_46' title="bbox 240 2505 945 2546; baseline 0.001 -10"><span class='ocrx_word' id='word_1_256' title='bbox 240 2505 368 2537; x_wconf 80' lang='lat' dir='ltr'>animas</span> <span class='ocrx_word' id='word_1_257' title='bbox 394 2507 568 2546; x_wconf 77' lang='lat' dir='ltr'>vitamque</span> <span class='ocrx_word' id='word_1_258' title='bbox 596 2506 735 2536; x_wconf 74' lang='lat' dir='ltr'>alteram</span> <span class='ocrx_word' id='word_1_259' title='bbox 761 2506 802 2536; x_wconf 86' lang='lat' dir='ltr'>ad</span> <span class='ocrx_word' id='word_1_260' title='bbox 830 2515 945 2537; x_wconf 85' lang='lat' dir='ltr'>manes</span> 
     </span>
     <span class='ocr_line' id='line_1_47' title="bbox 239 2555 945 2596; baseline 0 -9"><span class='ocrx_word' id='word_1_261' title='bbox 239 2555 374 2587; x_wconf 68' lang='lat' dir='ltr'>Druidae</span> <span class='ocrx_word' id='word_1_262' title='bbox 403 2556 592 2595; x_wconf 72' lang='lat' dir='ltr'>docuerunt,¹</span> <span class='ocrx_word' id='word_1_263' title='bbox 623 2556 649 2586; x_wconf 89' lang='lat' dir='ltr'>si</span> <span class='ocrx_word' id='word_1_264' title='bbox 690 2556 811 2596; x_wconf 83' lang='lat' dir='ltr'>Pomp.</span> <span class='ocrx_word' id='word_1_265' title='bbox 842 2557 945 2587; x_wconf 79' lang='lat' dir='ltr'>Meiae</span> 
     </span>
     <span class='ocr_line' id='line_1_48' title="bbox 241 2605 945 2638; baseline 0.003 -2"><span class='ocrx_word' id='word_1_266' title='bbox 241 2605 328 2637; x_wconf 87' lang='lat' dir='ltr'>fides</span> <span class='ocrx_word' id='word_1_267' title='bbox 360 2615 418 2636; x_wconf 90' lang='grc' dir='ltr'><strong>ιιι.</strong></span> <span class='ocrx_word' id='word_1_268' title='bbox 449 2609 479 2636; x_wconf 83' lang='grc'><strong>2.</strong></span> <span class='ocrx_word' id='word_1_269' title='bbox 537 2606 624 2636; x_wconf 70' lang='lat' dir='ltr'>vide</span> <span class='ocrx_word' id='word_1_270' title='bbox 657 2611 691 2637; x_wconf 85' lang='lat' dir='ltr'>et</span> <span class='ocrx_word' id='word_1_271' title='bbox 715 2607 886 2637; x_wconf 84' lang='lat' dir='ltr'>Lucanum</span> <span class='ocrx_word' id='word_1_272' title='bbox 920 2616 945 2638; x_wconf 88' lang='lat'>1.</span> 
     </span>
     <span class='ocr_line' id='line_1_49' title="bbox 241 2656 550 2697; baseline 0 -9"><span class='ocrx_word' id='word_1_273' title='bbox 241 2659 319 2688; x_wconf 69' lang='lat'><strong><em>454.</em></strong></span> <span class='ocrx_word' id='word_1_274' title='bbox 336 2665 408 2697; x_wconf 84' lang='lat' dir='ltr'>seq.</span> <span class='ocrx_word' id='word_1_275' title='bbox 454 2656 550 2688; x_wconf 82' lang='lat' dir='ltr'>Idem.</span> 
     </span>
    </p>

    <p class='ocr_par' dir='ltr' id='par_1_5' title="bbox 240 2706 945 2799">
     <span class='ocr_line' id='line_1_50' title="bbox 286 2706 945 2748; baseline 0.006 -12"><span class='ocrx_word' id='word_1_276' title='bbox 286 2714 343 2736; x_wconf 82' lang='lat' dir='ltr'>xv.</span> <span class='ocrx_word' id='word_1_277' title='bbox 361 2709 380 2736; x_wconf 92' lang='grc'><strong>5</strong></span> <span class='ocrx_word' id='word_1_278' title='bbox 403 2706 636 2748; x_wconf 71' lang='lat' dir='ltr'>Amplissimus]</span> <span class='ocrx_word' id='word_1_279' title='bbox 659 2707 726 2738; x_wconf 85' lang='lat' dir='ltr'>Ms.</span> <span class='ocrx_word' id='word_1_280' title='bbox 742 2707 828 2746; x_wconf 66' lang='lat' dir='ltr'>Reg.</span> <span class='ocrx_word' id='word_1_281' title='bbox 846 2708 945 2748; x_wconf 64' lang='lat' dir='ltr'>Angl.</span> 
     </span>
     <span class='ocr_line' id='line_1_51' title="bbox 240 2755 945 2799; baseline 0.007 -13"><span class='ocrx_word' id='word_1_282' title='bbox 240 2755 447 2797; x_wconf 61' lang='lat' dir='ltr'>,amplissimis</span> <span class='ocrx_word' id='word_1_283' title='bbox 472 2757 567 2789; x_wconf 79' lang='lat' dir='ltr'>Leid.</span> <span class='ocrx_word' id='word_1_284' title='bbox 594 2767 645 2799; x_wconf 87' lang='lat' dir='ltr'>pr.</span> <span class='ocrx_word' id='word_1_285' title='bbox 671 2758 877 2799; x_wconf 64' lang='lat' dir='ltr'>amplissimus</span> <span class='ocrx_word' id='word_1_286' title='bbox 897 2771 945 2791; x_wconf 74' lang='lat' dir='ltr'>cv-</span> 
     </span>
    </p>
   </div>
   <div class='ocr_carea' id='block_1_3' title="bbox 698 185 1223 218">
    <p class='ocr_par' dir='ltr' id='par_1_6' title="bbox 698 185 1223 218">
     <span class='ocr_line' id='line_1_52' title="bbox 698 185 1223 218; baseline -0.004 0"><span class='ocrx_word' id='word_1_287' title='bbox 698 187 729 218; x_wconf 73' lang='lat' dir='ltr'>vN</span> <span class='ocrx_word' id='word_1_288' title='bbox 738 185 844 217; x_wconf 74' lang='lat' dir='ltr'>OTAE</span> <span class='ocrx_word' id='word_1_289' title='bbox 874 185 1140 218; x_wconf 76' lang='lat' dir='ltr'>VAmoRUM</span> <span class='ocrx_word' id='word_1_290' title='bbox 1172 185 1223 216; x_wconf 82' lang='lat' dir='ltr'>IN</span> 
     </span>
    </p>
   </div>
   <div class='ocr_carea' id='block_1_4' title="bbox 989 277 1696 473">
    <p class='ocr_par' dir='ltr' id='par_1_7' title="bbox 989 277 1696 473">
     <span class='ocr_line' id='line_1_53' title="bbox 989 277 1694 321; baseline 0.001 -10"><span class='ocrx_word' id='word_1_291' title='bbox 989 280 1052 321; x_wconf 77' lang='lat' dir='ltr'>piis</span> <span class='ocrx_word' id='word_1_292' title='bbox 1065 279 1276 321; x_wconf 74' lang='lat' dir='ltr'>amplissimis,</span> <span class='ocrx_word' id='word_1_293' title='bbox 1291 287 1310 310; x_wconf 89' lang='lat' dir='ltr'>e</span> <span class='ocrx_word' id='word_1_294' title='bbox 1326 277 1422 311; x_wconf 84' lang='lat' dir='ltr'>varia</span> <span class='ocrx_word' id='word_1_295' title='bbox 1435 278 1596 310; x_wconf 72' lang='lat' dir='ltr'>lectione.</span> <span class='ocrx_word' id='word_1_296' title='bbox 1630 279 1694 312; x_wconf 77' lang='lat' dir='ltr'>ee-</span> 
     </span>
     <span class='ocr_line' id='line_1_54' title="bbox 992 330 1695 372; baseline -0.003 -8"><span class='ocrx_word' id='word_1_297' title='bbox 992 338 1101 364; x_wconf 87' lang='lat' dir='ltr'>ternm</span> <span class='ocrx_word' id='word_1_298' title='bbox 1116 332 1244 372; x_wconf 85' lang='lat' dir='ltr'>optime</span> <span class='ocrx_word' id='word_1_299' title='bbox 1260 331 1349 362; x_wconf 84' lang='lat' dir='ltr'>idem</span> <span class='ocrx_word' id='word_1_300' title='bbox 1365 330 1490 361; x_wconf 77' lang='lat' dir='ltr'>hubent.</span> <span class='ocrx_word' id='word_1_301' title='bbox 1514 330 1695 362; x_wconf 79' lang='lat' dir='ltr'>Construc-</span> 
     </span>
     <span class='ocr_line' id='line_1_55' title="bbox 992 379 1696 421; baseline -0.003 -7"><span class='ocrx_word' id='word_1_302' title='bbox 992 383 1040 414; x_wconf 72' lang='grc' dir='ltr'>1ἰο</span> <span class='ocrx_word' id='word_1_303' title='bbox 1055 383 1144 414; x_wconf 84' lang='lat' dir='ltr'>enim</span> <span class='ocrx_word' id='word_1_304' title='bbox 1162 390 1211 413; x_wconf 60' lang='lat' dir='ltr'>est</span> <span class='ocrx_word' id='word_1_305' title='bbox 1225 386 1396 417; x_wconf 68' lang='lat' dir='ltr'>versamur,</span> <span class='ocrx_word' id='word_1_306' title='bbox 1408 384 1499 421; x_wconf 73' lang='lat' dir='ltr'>atque</span> <span class='ocrx_word' id='word_1_307' title='bbox 1511 381 1558 411; x_wconf 77' lang='lat' dir='ltr'>ita</span> <span class='ocrx_word' id='word_1_308' title='bbox 1571 379 1696 421; x_wconf 70' lang='lat' dir='ltr'>habent,</span> 
     </span>
     <span class='ocr_line' id='line_1_56' title="bbox 991 431 1696 473; baseline -0.001 -10"><span class='ocrx_word' id='word_1_309' title='bbox 991 436 1025 463; x_wconf 81' lang='lat' dir='ltr'>ut</span> <span class='ocrx_word' id='word_1_310' title='bbox 1048 433 1171 473; x_wconf 76' lang='lat' dir='ltr'>quisque</span> <span class='ocrx_word' id='word_1_311' title='bbox 1194 443 1308 467; x_wconf 80' lang='lat' dir='ltr'>eorum.</span> <span class='ocrx_word' id='word_1_312' title='bbox 1331 431 1498 472; x_wconf 84' lang='lat' dir='ltr'>quomodo</span> <span class='ocrx_word' id='word_1_313' title='bbox 1524 431 1598 462; x_wconf 83' lang='lat' dir='ltr'>haec</span> <span class='ocrx_word' id='word_1_314' title='bbox 1629 431 1696 463; x_wconf 73' lang='lat' dir='ltr'>tria</span> 
     </span>
    </p>
   </div>
   <div class='ocr_carea' id='block_1_5' title="bbox 994 481 1749 521">
    <p class='ocr_par' dir='ltr' id='par_1_8' title="bbox 994 481 1749 521">
     <span class='ocr_line' id='line_1_57' title="bbox 994 481 1749 521; baseline -0.001 -7"><span class='ocrx_word' id='word_1_315' title='bbox 994 483 1097 514; x_wconf 80' lang='lat' dir='ltr'>verba</span> <span class='ocrx_word' id='word_1_316' title='bbox 1128 483 1278 521; x_wconf 68' lang='lat' dir='ltr'>disponit</span> <span class='ocrx_word' id='word_1_317' title='bbox 1310 482 1428 513; x_wconf 81' lang='lat' dir='ltr'>Petav.</span> <span class='ocrx_word' id='word_1_318' title='bbox 1469 481 1578 521; x_wconf 88' lang='lat' dir='ltr'>Vulgo</span> <span class='ocrx_word' id='word_1_319' title='bbox 1607 481 1695 513; x_wconf 76' lang='lat' dir='ltr'>male</span> <span class='ocrx_word' id='word_1_320' title='bbox 1746 485 1749 488; x_wconf 84' lang='lat'><em>&#39;</em></span> 
     </span>
    </p>
   </div>
   <div class='ocr_carea' id='block_1_6' title="bbox 992 532 1739 2341">
    <p class='ocr_par' dir='ltr' id='par_1_9' title="bbox 992 532 1698 666">
     <span class='ocr_line' id='line_1_58' title="bbox 993 532 1698 576; baseline 0 -12"><span class='ocrx_word' id='word_1_321' title='bbox 993 541 1071 576; x_wconf 84' lang='lat' dir='ltr'>post</span> <span class='ocrx_word' id='word_1_322' title='bbox 1086 545 1190 564; x_wconf 76' lang='lat' dir='ltr'>eorum</span> <span class='ocrx_word' id='word_1_323' title='bbox 1206 533 1469 572; x_wconf 81' lang='lat' dir='ltr'>distinguebant.</span> <span class='ocrx_word' id='word_1_324' title='bbox 1501 532 1567 563; x_wconf 85' lang='lat' dir='ltr'>Sed</span> <span class='ocrx_word' id='word_1_325' title='bbox 1583 536 1621 563; x_wconf 83' lang='lat' dir='ltr'>et</span> <span class='ocrx_word' id='word_1_326' title='bbox 1637 540 1698 572; x_wconf 79' lang='lat' dir='ltr'>per</span> 
     </span>
     <span class='ocr_line' id='line_1_59' title="bbox 992 582 1698 624; baseline -0.004 -9"><span class='ocrx_word' id='word_1_327' title='bbox 992 595 1028 616; x_wconf 88' lang='lat' dir='ltr'>se</span> <span class='ocrx_word' id='word_1_328' title='bbox 1056 585 1183 624; x_wconf 83' lang='lat' dir='ltr'>quisque</span> <span class='ocrx_word' id='word_1_329' title='bbox 1209 583 1309 623; x_wconf 83' lang='lat' dir='ltr'>jungi</span> <span class='ocrx_word' id='word_1_330' title='bbox 1339 587 1455 623; x_wconf 86' lang='lat' dir='ltr'>posset</span> <span class='ocrx_word' id='word_1_331' title='bbox 1486 582 1609 622; x_wconf 80' lang='lat' dir='ltr'>plurali</span> <span class='ocrx_word' id='word_1_332' title='bbox 1639 591 1698 613; x_wconf 64' lang='lat' dir='ltr'>nne</span> 
     </span>
     <span class='ocr_line' id='line_1_60' title="bbox 993 633 1524 666; baseline -0.004 0"><span class='ocrx_word' id='word_1_333' title='bbox 993 644 1086 666; x_wconf 87' lang='lat' dir='ltr'>mero</span> <span class='ocrx_word' id='word_1_334' title='bbox 1101 634 1222 665; x_wconf 76' lang='lat' dir='ltr'>habent.</span> <span class='ocrx_word' id='word_1_335' title='bbox 1265 634 1353 665; x_wconf 86' lang='lat' dir='ltr'>Vide</span> <span class='ocrx_word' id='word_1_336' title='bbox 1370 633 1412 664; x_wconf 85' lang='lat' dir='ltr'>ad</span> <span class='ocrx_word' id='word_1_337' title='bbox 1433 642 1457 665; x_wconf 84' lang='grc' dir='ltr'><strong>ι.</strong></span> <span class='ocrx_word' id='word_1_338' title='bbox 1474 636 1524 665; x_wconf 80' lang='grc'><strong>39.</strong></span> 
     </span>
    </p>

    <p class='ocr_par' dir='ltr' id='par_1_10' title="bbox 993 682 1739 2341">
     <span class='ocr_line' id='line_1_61' title="bbox 1035 682 1698 722; baseline 0 -7"><span class='ocrx_word' id='word_1_339' title='bbox 1035 688 1057 715; x_wconf 86' lang='grc'><strong>6</strong></span> <span class='ocrx_word' id='word_1_340' title='bbox 1080 685 1236 715; x_wconf 83' lang='lat' dir='ltr'>Plurimos</span> <span class='ocrx_word' id='word_1_341' title='bbox 1250 683 1364 714; x_wconf 81' lang='lat' dir='ltr'>circum</span> <span class='ocrx_word' id='word_1_342' title='bbox 1377 692 1410 713; x_wconf 84' lang='lat' dir='ltr'>se</span> <span class='ocrx_word' id='word_1_343' title='bbox 1423 682 1592 722; x_wconf 77' lang='lat' dir='ltr'>ambactos]</span> <span class='ocrx_word' id='word_1_344' title='bbox 1623 682 1698 715; x_wconf 85' lang='lat' dir='ltr'>Me-</span> 
     </span>
     <span class='ocr_line' id='line_1_62' title="bbox 994 733 1697 776; baseline -0.004 -10"><span class='ocrx_word' id='word_1_345' title='bbox 994 737 1060 767; x_wconf 89' lang='lat' dir='ltr'>rito</span> <span class='ocrx_word' id='word_1_346' title='bbox 1074 735 1209 766; x_wconf 88' lang='lat' dir='ltr'>dubitet</span> <span class='ocrx_word' id='word_1_347' title='bbox 1222 734 1296 776; x_wconf 90' lang='lat' dir='ltr'>quis</span> <span class='ocrx_word' id='word_1_348' title='bbox 1312 733 1471 765; x_wconf 83' lang='lat' dir='ltr'>Latinum</span> <span class='ocrx_word' id='word_1_349' title='bbox 1483 733 1697 773; x_wconf 81' lang='lat' dir='ltr'>vocabulum,</span> 
     </span>
     <span class='ocr_line' id='line_1_63' title="bbox 995 783 1698 818; baseline -0.004 0"><span class='ocrx_word' id='word_1_350' title='bbox 995 798 1035 818; x_wconf 86' lang='lat' dir='ltr'>an</span> <span class='ocrx_word' id='word_1_351' title='bbox 1049 787 1216 818; x_wconf 85' lang='lat' dir='ltr'>Gallicum</span> <span class='ocrx_word' id='word_1_352' title='bbox 1233 786 1287 817; x_wconf 89' lang='lat' dir='ltr'>sit.</span> <span class='ocrx_word' id='word_1_353' title='bbox 1330 784 1418 816; x_wconf 90' lang='lat' dir='ltr'>Illud</span> <span class='ocrx_word' id='word_1_354' title='bbox 1436 788 1566 814; x_wconf 82' lang='lat' dir='ltr'>certum</span> <span class='ocrx_word' id='word_1_355' title='bbox 1582 783 1698 815; x_wconf 77' lang='lat' dir='ltr'>hodie·</span> 
     </span>
     <span class='ocr_line' id='line_1_64' title="bbox 995 833 1698 878; baseline -0.006 -10"><span class='ocrx_word' id='word_1_356' title='bbox 995 847 1060 878; x_wconf 86' lang='lat' dir='ltr'>que</span> <span class='ocrx_word' id='word_1_357' title='bbox 1097 837 1192 867; x_wconf 85' lang='lat' dir='ltr'>nobis</span> <span class='ocrx_word' id='word_1_358' title='bbox 1230 835 1394 876; x_wconf 85' lang='lat' dir='ltr'>usurpari.</span> <span class='ocrx_word' id='word_1_359' title='bbox 1441 834 1510 867; x_wconf 87' lang='lat' dir='ltr'>Qui</span> <span class='ocrx_word' id='word_1_360' title='bbox 1540 833 1698 865; x_wconf 87' lang='lat' dir='ltr'>Latinum</span> 
     </span>
     <span class='ocr_line' id='line_1_65' title="bbox 994 884 1698 924; baseline -0.004 -5"><span class='ocrx_word' id='word_1_361' title='bbox 994 897 1068 919; x_wconf 83' lang='lat' dir='ltr'>esse</span> <span class='ocrx_word' id='word_1_362' title='bbox 1086 887 1310 924; x_wconf 85' lang='lat' dir='ltr'>contendunt,</span> <span class='ocrx_word' id='word_1_363' title='bbox 1325 886 1433 917; x_wconf 86' lang='lat' dir='ltr'>citant</span> <span class='ocrx_word' id='word_1_364' title='bbox 1456 884 1595 916; x_wconf 79' lang='lat' dir='ltr'>Glossas</span> <span class='ocrx_word' id='word_1_365' title='bbox 1611 887 1698 916; x_wconf 85' lang='lat' dir='ltr'>vett.</span> 
     </span>
     <span class='ocr_line' id='line_1_66' title="bbox 994 933 1700 978; baseline -0.006 -9"><span class='ocrx_word' id='word_1_366' title='bbox 994 938 1050 969; x_wconf 84' lang='lat' dir='ltr'>ubi</span> <span class='ocrx_word' id='word_1_367' title='bbox 1063 938 1187 978; x_wconf 84' lang='lat' dir='ltr'>legitur</span> <span class='ocrx_word' id='word_1_368' title='bbox 1200 949 1208 969; x_wconf 73' lang='grc' dir='ltr'><strong><em>ε</em></strong></span> <span class='ocrx_word' id='word_1_369' title='bbox 1225 938 1408 975; x_wconf 60' lang='lat' dir='ltr'>Ambae-tut,</span> <span class='ocrx_word' id='word_1_370' title='bbox 1419 936 1527 967; x_wconf 81' lang='grc' dir='ltr'>δοῦλος</span> <span class='ocrx_word' id='word_1_371' title='bbox 1538 933 1700 976; x_wconf 69' lang='grc' dir='ltr'>μισθωτὸς,</span> 
     </span>
     <span class='ocr_line' id='line_1_67' title="bbox 995 988 1699 1029; baseline -0.001 -9"><span class='ocrx_word' id='word_1_372' title='bbox 995 990 1033 1020; x_wconf 83' lang='grc' dir='ltr'>ὡς</span> <span class='ocrx_word' id='word_1_373' title='bbox 1049 990 1176 1020; x_wconf 78' lang='grc' dir='ltr'>Ἔννιος.</span> <span class='ocrx_word' id='word_1_374' title='bbox 1221 989 1375 1029; x_wconf 81' lang='lat' dir='ltr'>Scaliger</span> <span class='ocrx_word' id='word_1_375' title='bbox 1398 988 1441 1019; x_wconf 87' lang='lat' dir='ltr'>ad</span> <span class='ocrx_word' id='word_1_376' title='bbox 1477 988 1614 1019; x_wconf 87' lang='lat' dir='ltr'>Festum</span> <span class='ocrx_word' id='word_1_377' title='bbox 1642 996 1699 1019; x_wconf 85' lang='lat' dir='ltr'>vo·</span> 
     </span>
     <span class='ocr_line' id='line_1_68' title="bbox 996 1037 1701 1081; baseline -0.007 -9"><span class='ocrx_word' id='word_1_378' title='bbox 996 1050 1069 1071; x_wconf 89' lang='lat' dir='ltr'>cem</span> <span class='ocrx_word' id='word_1_379' title='bbox 1090 1040 1258 1077; x_wconf 80' lang='lat' dir='ltr'>mnbcrctus,</span> <span class='ocrx_word' id='word_1_380' title='bbox 1274 1050 1348 1081; x_wconf 81' lang='lat' dir='ltr'>quae</span> <span class='ocrx_word' id='word_1_381' title='bbox 1372 1038 1462 1079; x_wconf 86' lang='lat' dir='ltr'>apud</span> <span class='ocrx_word' id='word_1_382' title='bbox 1486 1037 1631 1069; x_wconf 83' lang='lat' dir='ltr'>Ennium</span> <span class='ocrx_word' id='word_1_383' title='bbox 1648 1045 1701 1068; x_wconf 86' lang='lat' dir='ltr'>re·</span> 
     </span>
     <span class='ocr_line' id='line_1_69' title="bbox 996 1086 1698 1131; baseline -0.006 -9"><span class='ocrx_word' id='word_1_384' title='bbox 996 1092 1140 1131; x_wconf 84' lang='lat' dir='ltr'>peritur,</span> <span class='ocrx_word' id='word_1_385' title='bbox 1169 1091 1218 1122; x_wconf 86' lang='lat' dir='ltr'>ait</span> <span class='ocrx_word' id='word_1_386' title='bbox 1250 1090 1404 1121; x_wconf 78' lang='lat' dir='ltr'>Latinam</span> <span class='ocrx_word' id='word_1_387' title='bbox 1445 1097 1543 1119; x_wconf 85' lang='lat' dir='ltr'>esse:</span> <span class='ocrx_word' id='word_1_388' title='bbox 1579 1091 1615 1119; x_wconf 76' lang='lat' dir='ltr'>at</span> <span class='ocrx_word' id='word_1_389' title='bbox 1643 1086 1698 1118; x_wconf 89' lang='lat' dir='ltr'>hie</span> 
     </span>
     <span class='ocr_line' id='line_1_70' title="bbox 995 1139 1698 1181; baseline -0.003 -10"><span class='ocrx_word' id='word_1_390' title='bbox 995 1141 1085 1181; x_wconf 83' lang='lat' dir='ltr'>apud</span> <span class='ocrx_word' id='word_1_391' title='bbox 1110 1142 1281 1172; x_wconf 79' lang='lat' dir='ltr'>Caesarem</span> <span class='ocrx_word' id='word_1_392' title='bbox 1309 1139 1488 1171; x_wconf 84' lang='lat' dir='ltr'>Gallicam.</span> <span class='ocrx_word' id='word_1_393' title='bbox 1535 1139 1608 1178; x_wconf 79' lang='lat' dir='ltr'>Ego</span> <span class='ocrx_word' id='word_1_394' title='bbox 1631 1146 1698 1169; x_wconf 88' lang='lat' dir='ltr'>nou</span> 
     </span>
     <span class='ocr_line' id='line_1_71' title="bbox 995 1189 1700 1231; baseline -0.003 -10"><span class='ocrx_word' id='word_1_395' title='bbox 995 1191 1121 1223; x_wconf 85' lang='lat' dir='ltr'>frustra</span> <span class='ocrx_word' id='word_1_396' title='bbox 1135 1192 1170 1223; x_wconf 90' lang='lat' dir='ltr'>id</span> <span class='ocrx_word' id='word_1_397' title='bbox 1187 1190 1418 1231; x_wconf 86' lang='lat' dir='ltr'>recipiendum</span> <span class='ocrx_word' id='word_1_398' title='bbox 1435 1189 1598 1229; x_wconf 85' lang='lat' dir='ltr'>arbitror,</span> <span class='ocrx_word' id='word_1_399' title='bbox 1615 1198 1700 1229; x_wconf 84' lang='lat' dir='ltr'>prae-</span> 
     </span>
     <span class='ocr_line' id='line_1_72' title="bbox 997 1239 1701 1273; baseline -0.004 0"><span class='ocrx_word' id='word_1_400' title='bbox 997 1243 1112 1273; x_wconf 84' lang='lat' dir='ltr'>sertim</span> <span class='ocrx_word' id='word_1_401' title='bbox 1130 1252 1205 1273; x_wconf 89' lang='lat' dir='ltr'>cum</span> <span class='ocrx_word' id='word_1_402' title='bbox 1228 1242 1331 1273; x_wconf 86' lang='lat' dir='ltr'>sciam</span> <span class='ocrx_word' id='word_1_403' title='bbox 1357 1246 1393 1272; x_wconf 84' lang='lat' dir='ltr'>et</span> <span class='ocrx_word' id='word_1_404' title='bbox 1410 1240 1554 1272; x_wconf 87' lang='lat' dir='ltr'>Ennium</span> <span class='ocrx_word' id='word_1_405' title='bbox 1571 1239 1701 1270; x_wconf 86' lang='lat' dir='ltr'>annali·</span> 
     </span>
     <span class='ocr_line' id='line_1_73' title="bbox 997 1289 1700 1323; baseline -0.003 -1"><span class='ocrx_word' id='word_1_406' title='bbox 997 1292 1058 1323; x_wconf 90' lang='lat' dir='ltr'>bus</span> <span class='ocrx_word' id='word_1_407' title='bbox 1092 1292 1160 1322; x_wconf 86' lang='lat' dir='ltr'>suis</span> <span class='ocrx_word' id='word_1_408' title='bbox 1190 1301 1289 1323; x_wconf 88' lang='lat' dir='ltr'>voces</span> <span class='ocrx_word' id='word_1_409' title='bbox 1316 1291 1468 1322; x_wconf 81' lang='lat' dir='ltr'>exoticas</span> <span class='ocrx_word' id='word_1_410' title='bbox 1494 1289 1700 1321; x_wconf 82' lang='lat' dir='ltr'>inseruisse:</span> 
     </span>
     <span class='ocr_line' id='line_1_74' title="bbox 997 1340 1701 1383; baseline -0.004 -11"><span class='ocrx_word' id='word_1_411' title='bbox 997 1342 1106 1383; x_wconf 87' lang='lat' dir='ltr'>qualis</span> <span class='ocrx_word' id='word_1_412' title='bbox 1147 1341 1230 1379; x_wconf 78' lang='lat' dir='ltr'>boia,</span> <span class='ocrx_word' id='word_1_413' title='bbox 1267 1341 1424 1381; x_wconf 78' lang='lat' dir='ltr'>aliaeque.</span> <span class='ocrx_word' id='word_1_414' title='bbox 1470 1340 1586 1372; x_wconf 73' lang='lat' dir='ltr'>Caesar</span> <span class='ocrx_word' id='word_1_415' title='bbox 1621 1347 1701 1370; x_wconf 76' lang='lat' dir='ltr'>sane</span> 
     </span>
     <span class='ocr_line' id='line_1_75' title="bbox 997 1390 1703 1432; baseline -0.003 -10"><span class='ocrx_word' id='word_1_416' title='bbox 997 1391 1150 1432; x_wconf 84' lang='lat' dir='ltr'>pluribus</span> <span class='ocrx_word' id='word_1_417' title='bbox 1166 1391 1249 1422; x_wconf 90' lang='lat' dir='ltr'>locis</span> <span class='ocrx_word' id='word_1_418' title='bbox 1274 1390 1463 1431; x_wconf 79' lang='lat' dir='ltr'>peregrinis</span> <span class='ocrx_word' id='word_1_419' title='bbox 1487 1398 1622 1431; x_wconf 85' lang='lat' dir='ltr'>quoque</span> <span class='ocrx_word' id='word_1_420' title='bbox 1646 1399 1703 1420; x_wconf 90' lang='lat' dir='ltr'>vo-</span> 
     </span>
     <span class='ocr_line' id='line_1_76' title="bbox 997 1439 1703 1481; baseline -0.003 -9"><span class='ocrx_word' id='word_1_421' title='bbox 997 1442 1093 1472; x_wconf 86' lang='lat' dir='ltr'>cibus</span> <span class='ocrx_word' id='word_1_422' title='bbox 1118 1441 1236 1472; x_wconf 90' lang='lat' dir='ltr'>utitur.</span> <span class='ocrx_word' id='word_1_423' title='bbox 1283 1439 1484 1481; x_wconf 79' lang='lat' dir='ltr'>eujusmodi</span> <span class='ocrx_word' id='word_1_424' title='bbox 1512 1443 1602 1479; x_wconf 89' lang='lat' dir='ltr'>suut,</span> <span class='ocrx_word' id='word_1_425' title='bbox 1633 1439 1703 1471; x_wconf 82' lang='lat' dir='ltr'>Ver-</span> 
     </span>
     <span class='ocr_line' id='line_1_77' title="bbox 993 1489 1703 1531; baseline -0.003 -8"><span class='ocrx_word' id='word_1_426' title='bbox 993 1493 1152 1531; x_wconf 78' lang='lat' dir='ltr'>gobretus,</span> <span class='ocrx_word' id='word_1_427' title='bbox 1168 1500 1242 1522; x_wconf 81' lang='lat' dir='ltr'>urus</span> <span class='ocrx_word' id='word_1_428' title='bbox 1263 1490 1380 1531; x_wconf 86' lang='lat' dir='ltr'>(quam</span> <span class='ocrx_word' id='word_1_429' title='bbox 1397 1499 1517 1522; x_wconf 77' lang='lat' dir='ltr'>vocem</span> <span class='ocrx_word' id='word_1_430' title='bbox 1533 1489 1703 1522; x_wconf 78' lang='lat' dir='ltr'>Gallicam</span> 
     </span>
     <span class='ocr_line' id='line_1_78' title="bbox 997 1540 1702 1578; baseline -0.004 -4"><span class='ocrx_word' id='word_1_431' title='bbox 997 1551 1070 1574; x_wconf 78' lang='lat' dir='ltr'>esse</span> <span class='ocrx_word' id='word_1_432' title='bbox 1101 1542 1205 1574; x_wconf 83' lang='lat' dir='ltr'>etiam</span> <span class='ocrx_word' id='word_1_433' title='bbox 1234 1541 1432 1573; x_wconf 82' lang='lat' dir='ltr'>Macrobius</span> <span class='ocrx_word' id='word_1_434' title='bbox 1463 1541 1521 1578; x_wconf 82' lang='lat' dir='ltr'>ait,</span> <span class='ocrx_word' id='word_1_435' title='bbox 1552 1544 1589 1572; x_wconf 80' lang='lat' dir='ltr'>et</span> <span class='ocrx_word' id='word_1_436' title='bbox 1616 1540 1702 1572; x_wconf 90' lang='lat' dir='ltr'>Ger-</span> 
     </span>
     <span class='ocr_line' id='line_1_79' title="bbox 997 1590 1739 1633; baseline -0.004 -9"><span class='ocrx_word' id='word_1_437' title='bbox 997 1593 1086 1624; x_wconf 88' lang='lat' dir='ltr'>mani</span> <span class='ocrx_word' id='word_1_438' title='bbox 1124 1592 1290 1633; x_wconf 86' lang='lat' dir='ltr'>hodieque</span> <span class='ocrx_word' id='word_1_439' title='bbox 1324 1591 1470 1622; x_wconf 78' lang='lat' dir='ltr'>uhrochsz</span> <span class='ocrx_word' id='word_1_440' title='bbox 1499 1590 1704 1632; x_wconf 74' lang='lat' dir='ltr'>appellant),</span> <span class='ocrx_word' id='word_1_441' title='bbox 1736 1606 1739 1607; x_wconf 39' lang='lat'><em>⁷</em></span> 
     </span>
     <span class='ocr_line' id='line_1_80' title="bbox 997 1641 1702 1689; baseline -0.009 -11"><span class='ocrx_word' id='word_1_442' title='bbox 997 1647 1081 1678; x_wconf 86' lang='lat' dir='ltr'>item</span> <span class='ocrx_word' id='word_1_443' title='bbox 1108 1646 1198 1689; x_wconf 80' lang='lat' dir='ltr'>alces,</span> <span class='ocrx_word' id='word_1_444' title='bbox 1226 1646 1289 1675; x_wconf 70' lang='grc' dir='ltr'><strong>διο.</strong></span> <span class='ocrx_word' id='word_1_445' title='bbox 1333 1643 1422 1674; x_wconf 80' lang='lat' dir='ltr'>Sane</span> <span class='ocrx_word' id='word_1_446' title='bbox 1451 1651 1514 1683; x_wconf 79' lang='lat' dir='ltr'>ego</span> <span class='ocrx_word' id='word_1_447' title='bbox 1545 1641 1702 1681; x_wconf 83' lang='lat' dir='ltr'>arbitrer,</span> 
     </span>
     <span class='ocr_line' id='line_1_81' title="bbox 997 1693 1704 1735; baseline -0.008 -6"><span class='ocrx_word' id='word_1_448' title='bbox 997 1707 1115 1729; x_wconf 87' lang='lat' dir='ltr'>vocem</span> <span class='ocrx_word' id='word_1_449' title='bbox 1133 1707 1208 1728; x_wconf 82' lang='lat' dir='ltr'>esse</span> <span class='ocrx_word' id='word_1_450' title='bbox 1224 1696 1404 1735; x_wconf 85' lang='lat' dir='ltr'>Gallicam,</span> <span class='ocrx_word' id='word_1_451' title='bbox 1419 1704 1460 1727; x_wconf 89' lang='lat' dir='ltr'>eo</span> <span class='ocrx_word' id='word_1_452' title='bbox 1476 1694 1595 1734; x_wconf 81' lang='lat' dir='ltr'>magis,</span> <span class='ocrx_word' id='word_1_453' title='bbox 1613 1693 1704 1734; x_wconf 83' lang='lat' dir='ltr'>quod</span> 
     </span>
     <span class='ocr_line' id='line_1_82' title="bbox 997 1745 1702 1789; baseline -0.006 -10"><span class='ocrx_word' id='word_1_454' title='bbox 997 1749 1149 1789; x_wconf 85' lang='lat' dir='ltr'>explicat</span> <span class='ocrx_word' id='word_1_455' title='bbox 1165 1757 1238 1778; x_wconf 87' lang='lat' dir='ltr'>eam</span> <span class='ocrx_word' id='word_1_456' title='bbox 1256 1748 1370 1779; x_wconf 79' lang='lat' dir='ltr'>Caesar</span> <span class='ocrx_word' id='word_1_457' title='bbox 1391 1750 1428 1777; x_wconf 87' lang='lat' dir='ltr'>et</span> <span class='ocrx_word' id='word_1_458' title='bbox 1451 1745 1548 1777; x_wconf 81' lang='lat' dir='ltr'>addit</span> <span class='ocrx_word' id='word_1_459' title='bbox 1564 1745 1702 1776; x_wconf 73' lang='lat' dir='ltr'>clientes.</span> 
     </span>
     <span class='ocr_line' id='line_1_83' title="bbox 999 1796 1703 1829; baseline -0.003 -1"><span class='ocrx_word' id='word_1_460' title='bbox 999 1798 1046 1829; x_wconf 92' lang='lat' dir='ltr'>At</span> <span class='ocrx_word' id='word_1_461' title='bbox 1062 1799 1089 1828; x_wconf 87' lang='lat' dir='ltr'>si</span> <span class='ocrx_word' id='word_1_462' title='bbox 1105 1798 1237 1829; x_wconf 77' lang='lat' dir='ltr'>ambacti</span> <span class='ocrx_word' id='word_1_463' title='bbox 1251 1797 1452 1828; x_wconf 85' lang='lat' dir='ltr'>vocabulum</span> <span class='ocrx_word' id='word_1_464' title='bbox 1468 1796 1522 1827; x_wconf 86' lang='lat' dir='ltr'>liic</span> <span class='ocrx_word' id='word_1_465' title='bbox 1545 1796 1703 1828; x_wconf 82' lang='lat' dir='ltr'>Latinum</span> 
     </span>
     <span class='ocr_line' id='line_1_84' title="bbox 997 1844 1704 1884; baseline -0.007 -4"><span class='ocrx_word' id='word_1_466' title='bbox 997 1858 1070 1880; x_wconf 86' lang='lat' dir='ltr'>esse</span> <span class='ocrx_word' id='word_1_467' title='bbox 1083 1849 1235 1879; x_wconf 86' lang='lat' dir='ltr'>dicamus</span> <span class='ocrx_word' id='word_1_468' title='bbox 1254 1852 1290 1878; x_wconf 89' lang='lat' dir='ltr'>et</span> <span class='ocrx_word' id='word_1_469' title='bbox 1313 1850 1432 1877; x_wconf 84' lang='lat' dir='ltr'>notare</span> <span class='ocrx_word' id='word_1_470' title='bbox 1455 1844 1621 1884; x_wconf 82' lang='grc' dir='ltr'>μισθωτὸν,</span> <span class='ocrx_word' id='word_1_471' title='bbox 1646 1854 1704 1876; x_wconf 86' lang='lat' dir='ltr'>ne-</span> 
     </span>
     <span class='ocr_line' id='line_1_85' title="bbox 996 1896 1703 1936; baseline -0.006 -6"><span class='ocrx_word' id='word_1_472' title='bbox 996 1898 1146 1930; x_wconf 82' lang='lat' dir='ltr'>cessario</span> <span class='ocrx_word' id='word_1_473' title='bbox 1163 1898 1356 1936; x_wconf 85' lang='lat' dir='ltr'>dicendum,</span> <span class='ocrx_word' id='word_1_474' title='bbox 1372 1907 1448 1928; x_wconf 87' lang='lat' dir='ltr'>eum</span> <span class='ocrx_word' id='word_1_475' title='bbox 1473 1905 1538 1927; x_wconf 89' lang='lat' dir='ltr'>non</span> <span class='ocrx_word' id='word_1_476' title='bbox 1555 1904 1632 1927; x_wconf 78' lang='lat' dir='ltr'>esse</span> <span class='ocrx_word' id='word_1_477' title='bbox 1646 1896 1703 1926; x_wconf 88' lang='lat' dir='ltr'>cli-</span> 
     </span>
     <span class='ocr_line' id='line_1_86' title="bbox 997 1946 1704 1979; baseline -0.003 0"><span class='ocrx_word' id='word_1_478' title='bbox 997 1953 1124 1979; x_wconf 82' lang='lat' dir='ltr'>entem.</span> <span class='ocrx_word' id='word_1_479' title='bbox 1161 1948 1339 1979; x_wconf 79' lang='lat' dir='ltr'>Praeterea</span> <span class='ocrx_word' id='word_1_480' title='bbox 1354 1947 1437 1978; x_wconf 85' lang='lat' dir='ltr'>nihil</span> <span class='ocrx_word' id='word_1_481' title='bbox 1455 1947 1570 1978; x_wconf 82' lang='lat' dir='ltr'>Caesar</span> <span class='ocrx_word' id='word_1_482' title='bbox 1583 1946 1638 1977; x_wconf 89' lang='lat' dir='ltr'>hic</span> <span class='ocrx_word' id='word_1_483' title='bbox 1655 1946 1704 1977; x_wconf 80' lang='lat' dir='ltr'>ait</span> 
     </span>
     <span class='ocr_line' id='line_1_87' title="bbox 997 1995 1705 2037; baseline -0.003 -9"><span class='ocrx_word' id='word_1_484' title='bbox 997 1999 1039 2030; x_wconf 87' lang='lat' dir='ltr'>de</span> <span class='ocrx_word' id='word_1_485' title='bbox 1056 1998 1285 2037; x_wconf 75' lang='lat' dir='ltr'>mercenariis,</span> <span class='ocrx_word' id='word_1_486' title='bbox 1308 1998 1367 2028; x_wconf 89' lang='lat' dir='ltr'>sed</span> <span class='ocrx_word' id='word_1_487' title='bbox 1392 2006 1493 2037; x_wconf 85' lang='lat' dir='ltr'>supra</span> <span class='ocrx_word' id='word_1_488' title='bbox 1515 1996 1617 2034; x_wconf 86' lang='lat' dir='ltr'>dixit,</span> <span class='ocrx_word' id='word_1_489' title='bbox 1634 1995 1705 2036; x_wconf 86' lang='lat' dir='ltr'>ple·</span> 
     </span>
     <span class='ocr_line' id='line_1_88' title="bbox 997 2046 1704 2089; baseline -0.003 -10"><span class='ocrx_word' id='word_1_490' title='bbox 997 2049 1072 2079; x_wconf 85' lang='lat' dir='ltr'>bem</span> <span class='ocrx_word' id='word_1_491' title='bbox 1089 2058 1230 2089; x_wconf 83' lang='lat' dir='ltr'>egenam</span> <span class='ocrx_word' id='word_1_492' title='bbox 1252 2057 1287 2079; x_wconf 78' lang='lat' dir='ltr'>se</span> <span class='ocrx_word' id='word_1_493' title='bbox 1310 2047 1478 2079; x_wconf 85' lang='lat' dir='ltr'>nobilibus</span> <span class='ocrx_word' id='word_1_494' title='bbox 1503 2046 1538 2077; x_wconf 91' lang='lat' dir='ltr'>in</span> <span class='ocrx_word' id='word_1_495' title='bbox 1561 2046 1704 2077; x_wconf 81' lang='lat' dir='ltr'>servitu-</span> 
     </span>
     <span class='ocr_line' id='line_1_89' title="bbox 997 2097 1702 2138; baseline -0.001 -9"><span class='ocrx_word' id='word_1_496' title='bbox 997 2104 1064 2129; x_wconf 85' lang='lat' dir='ltr'>tem</span> <span class='ocrx_word' id='word_1_497' title='bbox 1088 2099 1217 2138; x_wconf 86' lang='lat' dir='ltr'>dicare,</span> <span class='ocrx_word' id='word_1_498' title='bbox 1239 2102 1275 2129; x_wconf 88' lang='lat' dir='ltr'>et</span> <span class='ocrx_word' id='word_1_499' title='bbox 1298 2097 1417 2129; x_wconf 86' lang='lat' dir='ltr'>eadem</span> <span class='ocrx_word' id='word_1_500' title='bbox 1440 2097 1506 2128; x_wconf 84' lang='lat' dir='ltr'>illis</span> <span class='ocrx_word' id='word_1_501' title='bbox 1525 2097 1605 2138; x_wconf 84' lang='lat' dir='ltr'>jura</span> <span class='ocrx_word' id='word_1_502' title='bbox 1628 2106 1702 2128; x_wconf 81' lang='lat' dir='ltr'>esse</span> 
     </span>
     <span class='ocr_line' id='line_1_90' title="bbox 998 2146 1705 2189; baseline -0.003 -9"><span class='ocrx_word' id='word_1_503' title='bbox 998 2151 1032 2180; x_wconf 90' lang='lat' dir='ltr'>in</span> <span class='ocrx_word' id='word_1_504' title='bbox 1047 2149 1118 2189; x_wconf 84' lang='lat' dir='ltr'>hos,</span> <span class='ocrx_word' id='word_1_505' title='bbox 1135 2159 1208 2189; x_wconf 83' lang='lat' dir='ltr'>quae</span> <span class='ocrx_word' id='word_1_506' title='bbox 1227 2147 1369 2179; x_wconf 88' lang='lat' dir='ltr'>dominis</span> <span class='ocrx_word' id='word_1_507' title='bbox 1384 2148 1418 2178; x_wconf 90' lang='lat' dir='ltr'>in</span> <span class='ocrx_word' id='word_1_508' title='bbox 1435 2156 1560 2180; x_wconf 84' lang='lat' dir='ltr'>servos.</span> <span class='ocrx_word' id='word_1_509' title='bbox 1606 2146 1655 2179; x_wconf 84' lang='lat' dir='ltr'>At</span> <span class='ocrx_word' id='word_1_510' title='bbox 1670 2147 1705 2178; x_wconf 84' lang='lat' dir='ltr'>iu</span> 
     </span>
     <span class='ocr_line' id='line_1_91' title="bbox 996 2199 1704 2240; baseline -0.003 -8"><span class='ocrx_word' id='word_1_511' title='bbox 996 2200 1224 2232; x_wconf 85' lang='lat' dir='ltr'>mercenarios</span> <span class='ocrx_word' id='word_1_512' title='bbox 1240 2209 1306 2231; x_wconf 89' lang='lat' dir='ltr'>non</span> <span class='ocrx_word' id='word_1_513' title='bbox 1330 2199 1363 2230; x_wconf 92' lang='lat' dir='ltr'>id</span> <span class='ocrx_word' id='word_1_514' title='bbox 1374 2199 1461 2240; x_wconf 88' lang='lat' dir='ltr'>juris</span> <span class='ocrx_word' id='word_1_515' title='bbox 1477 2204 1540 2231; x_wconf 83' lang='lat' dir='ltr'>est.</span> <span class='ocrx_word' id='word_1_516' title='bbox 1568 2199 1704 2231; x_wconf 70' lang='lat' dir='ltr'>Vossius.</span> 
     </span>
     <span class='ocr_line' id='line_1_92' title="bbox 999 2249 1703 2282; baseline -0.003 0"><span class='ocrx_word' id='word_1_517' title='bbox 999 2251 1076 2282; x_wconf 88' lang='lat' dir='ltr'>Hac</span> <span class='ocrx_word' id='word_1_518' title='bbox 1101 2260 1186 2281; x_wconf 82' lang='lat' dir='ltr'>voce</span> <span class='ocrx_word' id='word_1_519' title='bbox 1212 2261 1289 2281; x_wconf 87' lang='lat' dir='ltr'>usus</span> <span class='ocrx_word' id='word_1_520' title='bbox 1317 2255 1370 2281; x_wconf 90' lang='lat' dir='ltr'>est</span> <span class='ocrx_word' id='word_1_521' title='bbox 1399 2250 1522 2281; x_wconf 75' lang='lat' dir='ltr'>Ennius</span> <span class='ocrx_word' id='word_1_522' title='bbox 1537 2260 1547 2280; x_wconf 79' lang='lat'>.-</span> <span class='ocrx_word' id='word_1_523' title='bbox 1571 2249 1703 2281; x_wconf 78' lang='lat' dir='ltr'>Glossae</span> 
     </span>
     <span class='ocr_line' id='line_1_93' title="bbox 997 2299 1702 2341; baseline -0.003 -9"><span class='ocrx_word' id='word_1_524' title='bbox 997 2307 1081 2333; x_wconf 86' lang='lat' dir='ltr'>vett.</span> <span class='ocrx_word' id='word_1_525' title='bbox 1119 2301 1300 2341; x_wconf 67' lang='lat' dir='ltr'>Anthedus,</span> <span class='ocrx_word' id='word_1_526' title='bbox 1331 2302 1440 2332; x_wconf 84' lang='grc' dir='ltr'>δοῦλος</span> <span class='ocrx_word' id='word_1_527' title='bbox 1472 2299 1633 2340; x_wconf 74' lang='grc' dir='ltr'>μισθωτὸς,</span> <span class='ocrx_word' id='word_1_528' title='bbox 1662 2299 1702 2330; x_wconf 72' lang='grc' dir='ltr'>ὡς</span> 
     </span>
    </p>
   </div>
   <div class='ocr_carea' id='block_1_7' title="bbox 990 2351 1703 2392">
    <p class='ocr_par' dir='ltr' id='par_1_11' title="bbox 990 2351 1703 2392">
     <span class='ocr_line' id='line_1_94' title="bbox 990 2351 1703 2392; baseline -0.006 -9"><span class='ocrx_word' id='word_1_529' title='bbox 990 2352 1119 2384; x_wconf 73' lang='grc' dir='ltr'>Ἐννιος.</span> <span class='ocrx_word' id='word_1_530' title='bbox 1146 2353 1219 2385; x_wconf 77' lang='lat' dir='ltr'>J05.</span> <span class='ocrx_word' id='word_1_531' title='bbox 1232 2353 1387 2392; x_wconf 80' lang='lat' dir='ltr'>Scaliger</span> <span class='ocrx_word' id='word_1_532' title='bbox 1403 2351 1444 2382; x_wconf 87' lang='lat' dir='ltr'>ad</span> <span class='ocrx_word' id='word_1_533' title='bbox 1461 2352 1612 2390; x_wconf 83' lang='lat' dir='ltr'>Festum,</span> <span class='ocrx_word' id='word_1_534' title='bbox 1629 2358 1703 2380; x_wconf 89' lang='lat' dir='ltr'>ver·</span> 
     </span>
    </p>
   </div>
   <div class='ocr_carea' id='block_1_8' title="bbox 997 2398 1704 2797">
    <p class='ocr_par' dir='ltr' id='par_1_12' title="bbox 997 2398 1704 2797">
     <span class='ocr_line' id='line_1_95' title="bbox 997 2398 1701 2434; baseline -0.006 -1"><span class='ocrx_word' id='word_1_535' title='bbox 997 2403 1077 2434; x_wconf 91' lang='lat' dir='ltr'>bum</span> <span class='ocrx_word' id='word_1_536' title='bbox 1110 2402 1324 2433; x_wconf 67' lang='lat' dir='ltr'>Caesarianum</span> <span class='ocrx_word' id='word_1_537' title='bbox 1355 2401 1497 2433; x_wconf 84' lang='lat' dir='ltr'>Gallicis</span> <span class='ocrx_word' id='word_1_538' title='bbox 1526 2398 1701 2431; x_wconf 84' lang='lat' dir='ltr'>vocabulis</span> 
     </span>
     <span class='ocr_line' id='line_1_96' title="bbox 998 2450 1702 2494; baseline -0.007 -10"><span class='ocrx_word' id='word_1_539' title='bbox 998 2453 1194 2494; x_wconf 83' lang='lat' dir='ltr'>adscripsit,</span> <span class='ocrx_word' id='word_1_540' title='bbox 1216 2453 1390 2483; x_wconf 79' lang='lat' dir='ltr'>Ennianum</span> <span class='ocrx_word' id='word_1_541' title='bbox 1413 2455 1524 2482; x_wconf 88' lang='lat' dir='ltr'>autem</span> <span class='ocrx_word' id='word_1_542' title='bbox 1548 2450 1702 2481; x_wconf 80' lang='lat' dir='ltr'>Romana</span> 
     </span>
     <span class='ocr_line' id='line_1_97' title="bbox 997 2498 1704 2537; baseline -0.007 -3"><span class='ocrx_word' id='word_1_543' title='bbox 997 2504 1137 2535; x_wconf 85' lang='lat' dir='ltr'>civitate</span> <span class='ocrx_word' id='word_1_544' title='bbox 1154 2503 1310 2534; x_wconf 85' lang='lat' dir='ltr'>donavit:</span> <span class='ocrx_word' id='word_1_545' title='bbox 1336 2511 1398 2532; x_wconf 86' lang='lat' dir='ltr'>nec</span> <span class='ocrx_word' id='word_1_546' title='bbox 1420 2499 1535 2531; x_wconf 86' lang='lat' dir='ltr'>forsan</span> <span class='ocrx_word' id='word_1_547' title='bbox 1557 2498 1617 2530; x_wconf 75' lang='lat' dir='ltr'>abs</span> <span class='ocrx_word' id='word_1_548' title='bbox 1640 2507 1704 2537; x_wconf 84' lang='lat' dir='ltr'>re;</span> 
     </span>
     <span class='ocr_line' id='line_1_98' title="bbox 998 2551 1703 2596; baseline -0.009 -8"><span class='ocrx_word' id='word_1_549' title='bbox 998 2567 1073 2588; x_wconf 88' lang='lat' dir='ltr'>cum</span> <span class='ocrx_word' id='word_1_550' title='bbox 1100 2557 1149 2587; x_wconf 88' lang='lat' dir='ltr'>ita</span> <span class='ocrx_word' id='word_1_551' title='bbox 1175 2556 1240 2587; x_wconf 88' lang='lat' dir='ltr'>dici</span> <span class='ocrx_word' id='word_1_552' title='bbox 1268 2555 1399 2596; x_wconf 88' lang='lat' dir='ltr'>possint</span> <span class='ocrx_word' id='word_1_553' title='bbox 1427 2553 1515 2584; x_wconf 76' lang='lat' dir='ltr'>servi</span> <span class='ocrx_word' id='word_1_554' title='bbox 1543 2551 1703 2583; x_wconf 85' lang='lat' dir='ltr'>mercede</span> 
     </span>
     <span class='ocr_line' id='line_1_99' title="bbox 999 2605 1702 2647; baseline -0.007 -9"><span class='ocrx_word' id='word_1_555' title='bbox 999 2607 1170 2643; x_wconf 88' lang='lat' dir='ltr'>conducti,</span> <span class='ocrx_word' id='word_1_556' title='bbox 1212 2606 1302 2647; x_wconf 90' lang='lat' dir='ltr'>quod</span> <span class='ocrx_word' id='word_1_557' title='bbox 1341 2605 1602 2644; x_wconf 78' lang='lat' dir='ltr'>circumaguntur,</span> <span class='ocrx_word' id='word_1_558' title='bbox 1633 2612 1702 2645; x_wconf 84' lang='lat' dir='ltr'>quo</span> 
     </span>
     <span class='ocr_line' id='line_1_100' title="bbox 998 2653 1701 2693; baseline -0.004 -5"><span class='ocrx_word' id='word_1_559' title='bbox 998 2657 1093 2688; x_wconf 84' lang='lat' dir='ltr'>lubet</span> <span class='ocrx_word' id='word_1_560' title='bbox 1108 2655 1388 2693; x_wconf 86' lang='lat' dir='ltr'>conducentibus,</span> <span class='ocrx_word' id='word_1_561' title='bbox 1405 2659 1443 2685; x_wconf 85' lang='lat' dir='ltr'>ut</span> <span class='ocrx_word' id='word_1_562' title='bbox 1459 2653 1701 2686; x_wconf 84' lang='lat' dir='ltr'>animadvertit</span> 
     </span>
     <span class='ocr_line' id='line_1_101' title="bbox 998 2703 1703 2746; baseline -0.004 -8"><span class='ocrx_word' id='word_1_563' title='bbox 998 2707 1088 2739; x_wconf 84' lang='lat' dir='ltr'><strong>G.J.</strong></span> <span class='ocrx_word' id='word_1_564' title='bbox 1105 2706 1241 2736; x_wconf 80' lang='lat' dir='ltr'>Vossius</span> <span class='ocrx_word' id='word_1_565' title='bbox 1264 2705 1300 2736; x_wconf 90' lang='lat' dir='ltr'>in</span> <span class='ocrx_word' id='word_1_566' title='bbox 1326 2705 1473 2746; x_wconf 90' lang='lat' dir='ltr'>Etymol.</span> <span class='ocrx_word' id='word_1_567' title='bbox 1502 2703 1560 2746; x_wconf 84' lang='lat' dir='ltr'>qui</span> <span class='ocrx_word' id='word_1_568' title='bbox 1591 2708 1703 2735; x_wconf 80' lang='lat' dir='ltr'>tamen</span> 
     </span>
     <span class='ocr_line' id='line_1_102' title="bbox 997 2752 1701 2797; baseline -0.006 -9"><span class='ocrx_word' id='word_1_569' title='bbox 997 2757 1080 2789; x_wconf 86' lang='lat' dir='ltr'>mire</span> <span class='ocrx_word' id='word_1_570' title='bbox 1108 2756 1220 2797; x_wconf 77' lang='lat' dir='ltr'>lapsus</span> <span class='ocrx_word' id='word_1_571' title='bbox 1247 2759 1300 2787; x_wconf 83' lang='lat' dir='ltr'>est</span> <span class='ocrx_word' id='word_1_572' title='bbox 1322 2755 1356 2786; x_wconf 90' lang='lat' dir='ltr'>in</span> <span class='ocrx_word' id='word_1_573' title='bbox 1379 2766 1434 2796; x_wconf 83' lang='lat' dir='ltr'>co,</span> <span class='ocrx_word' id='word_1_574' title='bbox 1458 2754 1546 2797; x_wconf 85' lang='lat' dir='ltr'>quod</span> <span class='ocrx_word' id='word_1_575' title='bbox 1576 2752 1701 2785; x_wconf 78' lang='lat' dir='ltr'>dixerit</span> 
     </span>
    </p>
   </div>
  </div>
 </body>
</html>
