1818 3131
305 206 396 236 nin
430 195 842 237 vni.CAr.9.nn
876 207 1031 237 nunno
1063 206 1290 238 GALLuxL

118 296 281 337 samem]
297 298 444 329 noemin
458 298 541 329 Mss.
554 299 637 334 Rea.
650 297 774 329 Eliens.

77 352 114 378 ct
128 347 252 387 Vossii,
267 353 302 379 et
323 348 432 380 Editt.
459 349 553 380 Vett.
598 349 639 378 Et
658 348 775 379 deesse

76 403 204 438 potest,
221 400 353 439 integra
367 400 544 430 sententia.
590 399 658 430 Pro
674 400 775 430 Colla-

71 447 158 478 lione
175 450 254 480 Mss.
276 451 307 480 in
322 450 492 481 collatione.
529 450 636 480 Clark.
697 451 774 481 Pte-

76 497 172 538 rique
189 499 273 529 Mss.
302 504 336 530 et
352 499 438 530 Edd.
465 505 544 531 ante
569 501 773 532 Beroaldum

71 555 140 577 non
155 554 344 587 agnoscunt
358 549 481 587 functa.
519 551 585 582 Sed
604 561 667 582 uon
684 552 772 593 loqui

73 599 144 626 tam
159 598 292 629 concise
309 598 396 630 solet
412 599 546 631 Hirtius
560 613 568 632 ι
592 610 694 641 quare
711 601 773 632 hoc

72 645 289 686 participium
306 649 429 680 retinui
442 651 646 682 auctoritate
656 650 773 690 Cujac.

70 695 195 737 Scalig.
222 697 318 730 Leid.
347 708 397 738 pr.
415 699 505 730 And.
534 705 568 731 et
596 701 709 731 Oxou.
734 710 773 732 ac

72 745 194 777 Petav.
223 758 241 777 a
267 758 310 778 m.
327 758 395 780 sec.
439 750 569 781 Seneca
588 751 694 791 Epist.
718 753 770 781 93.

72 796 82 812 ‘
99 793 252 827 functum
270 798 421 829 omuibus
439 800 516 830 ritae
540 800 692 831 humanae
718 801 774 832 sti-

67 846 230 884 petttliis.'
278 848 383 878 Iidem
401 850 555 889 Codices,
573 857 608 881 et
625 852 682 882 alti
707 862 772 883 non

70 895 195 926 habent
211 898 256 936 in,
280 899 368 939 quod
394 905 551 940 tanquam
569 902 601 932 in
616 902 771 932 omuibus

71 945 156 978 Mss.
181 953 344 985 exstaret,
373 950 502 990 profert
525 951 690 990 Clarffius,
713 951 772 982 sed

67 994 160 1027 Edd.
178 998 293 1037 prima¹
309 999 547 1032 exhibuerunt.
595 1002 772 1034 Quomodo

69 1044 202 1077 Auctor
217 1048 258 1078 B.
279 1049 418 1088 Hiqmn.
436 1061 465 1081 c.
483 1054 536 1082 31.
561 1054 569 1069 ‘
590 1052 628 1082 In
645 1053 771 1083 collatu

68 1096 144 1137 pari
169 1104 246 1128 sunt
273 1099 490 1131 conditione!
547 1101 771 1132 Nihilominus

71 1148 244 1189 vulgarem
260 1150 440 1182 lectionem
459 1151 616 1192 praefero.

111 1202 133 1231 9
171 1201 306 1232 Consilio
335 1202 495 1243 ‹ulmi-ato]
541 1202 771 1234 Procnldubio

69 1251 250 1291 legendum
266 1252 403 1292 concilio,
426 1263 501 1284 cum
518 1263 632 1284 omnes
647 1254 770 1284 milites

70 1301 115 1332 ad
137 1301 224 1333 hunc
248 1308 371 1334 coetum
395 1309 613 1343 cogerentur.
659 1304 770 1334 Duris.

71 1353 214 1384 Concilio
239 1359 291 1384 est
328 1355 362 1384 in
402 1355 488 1385 Edd.
526 1356 664 1385 Vascos.
701 1356 769 1385 Str.

71 1403 188 1442 soeph.
207 1403 351 1444 Grypliii
368 1410 526 1445 utraque,
551 1410 584 1435 et
600 1403 713 1435 forsan
737 1406 771 1435 in

70 1462 138 1483 uno
162 1453 337 1494 alteroque
360 1455 443 1485 Mss.
497 1454 545 1485 At
569 1461 681 1485 tamen
706 1465 772 1486 non

71 1506 200 1534 temere
222 1503 276 1534 hie
302 1509 440 1535 mutem.
487 1505 655 1535 Consilium
680 1511 772 1544 post-

69 1561 172 1593 quam
196 1553 383 1592 dimiserat,
397 1553 537 1585 Tribuni
563 1555 720 1593 militum,
737 1560 772 1586 et

71 1603 171 1643 primi
195 1603 323 1634 ordinis
339 1604 562 1635 Centuriones
586 1610 772 1644 potueruut

71 1664 113 1686 ea
129 1656 387 1694 communicare,
400 1661 438 1686 ut
454 1656 577 1696 saepins
592 1662 683 1695 ante,
697 1668 770 1688 eum

70 1705 244 1736 militibus.
292 1706 441 1736 Omnibus
456 1707 605 1746 pertinet
629 1708 669 1737 ad
694 1718 772 1739 con-

69 1754 134 1786 silii
151 1755 348 1795 participes,
370 1765 435 1786 non
461 1754 502 1787 ad
526 1756 771 1795 multitudinem,

69 1813 90 1836 a
119 1814 187 1846 qua
213 1811 445 1836 secernuntur.
502 1806 640 1836 Concilio
664 1806 773 1837 edidit

70 1864 201 1897 quoque
215 1854 385 1893 Clarkius‚
398 1855 455 1895 qui
470 1855 541 1885 sine
553 1855 573 1885 d
581 1855 658 1886 ubio
670 1855 771 1886 etiam

70 1906 113 1937 de
139 1906 280 1937 concione
304 1905 486 1937 intellexit.
533 1906 659 1937 Contra
682 1906 770 1937 idem

69 1965 146 1988 cum
157 1955 351 1996 vulgaribus
364 1955 473 1986 edidit
489 1956 521 1986 in
535 1956 661 1986 consilio
673 1956 714 1986 B.
730 1957 768 1988 C.

71 2015 97 2038 ι.
115 2008 165 2038 19.
180 2016 188 2037 t
224 2006 282 2036 ubi
298 2005 427 2037 eaedem
444 2005 531 2037 Edd.
549 2011 583 2037 et
597 2006 681 2037 Mss.
699 2008 770 2046 ple-

71 2056 167 2097 rique
182 2056 310 2087 concilio
333 2056 473 2095 liabent,
495 2056 552 2087 ubi
576 2057 675 2087 vide:
708 2057 771 2087 ibi-

71 2105 150 2137 dem
187 2107 196 2123 ‘
214 2105 358 2137 coucilia
385 2111 640 2147 conventusque
670 2106 772 2137 homi-

71 2166 151 2188 num
167 2155 323 2195 fugeret)

117 2208 157 2237 14
181 2206 285 2246 Irene]
308 2205 363 2236 Ita
378 2215 421 2236 ex
440 2206 505 2236 ΜΕ.
524 2206 610 2246 Reg.
626 2207 773 2238 restitui.

75 2254 176 2289 Quod
201 2255 327 2286 liabent
355 2254 458 2294 Editi,
482 2256 555 2295 iret,
579 2257 686 2287 minus
710 2257 774 2288 ele-

73 2310 195 2347 ganter
211 2305 338 2336 dietum
355 2310 419 2336 est.
458 2306 564 2336 Clark.
618 2306 673 2337 Ita
687 2307 772 2338 bene

73 2355 243 2393 Clarkius‚
275 2359 309 2385 ct
330 2355 402 2396 jam
427 2361 505 2398 ante
533 2366 607 2387 euni
631 2357 772 2388 Vascos.

70 2404 208 2443 Sti-ada,
222 2405 384 2444 Stephan.
402 2405 534 2446 Gry-pli.
552 2413 639 2447 post.
653 2407 772 2439 confir-

71 2459 251 2496 maturque
278 2456 359 2486 mss.
384 2455 510 2496 Scalig.
537 2458 648 2489 Oxou.
677 2459 772 2490 Leid.

74 2514 126 2545 pr.
142 2506 316 2538 Vossianis
332 2506 462 2538 duobus
478 2514 513 2539 et
529 2509 601 2539 aliis
617 2518 691 2540 cum
708 2509 773 2541 Ed.

73 2554 260 2591 Inc.1473.

69 2639 73 2642 ,
119 2608 161 2637 18
183 2606 222 2641 In
237 2612 425 2647 corispectum
438 2609 584 2649 hostium]
607 2610 672 2640 Ms.
687 2610 774 2640 Nor-

77 2654 144 2686 vic.
160 2665 200 2686 ac.
215 2657 312 2688 editt.
329 2659 427 2690 Rom.
440 2659 526 2689 Ven.
547 2658 702 2691 Beroald.
719 2659 774 2690 lia-

76 2704 160 2737 bent
183 2706 218 2739 in
240 2711 401 2748 conspectu
426 2709 570 2749 hostium,
599 2709 774 2740 nec-hanc

73 2754 256 2790 lectionem
283 2758 349 2789 alia
371 2758 414 2790 de
445 2758 576 2803 ratione
599 2763 775 2794 mutarunt

1407 198 1518 242 1279

826 300 974 332 editores
991 302 1120 342 nuperi,
1135 310 1232 342 qnam
1249 301 1338 343 quod
1360 312 1379 333 a
1403 303 1524 335 Gram—

826 351 956 380 maticis
985 352 1135 392 decepti,
1166 353 1396 384 accusativum
1422 355 1523 395 plane

826 401 1049 430 necessarium
1083 411 1154 432 esse
1183 412 1362 443 perperam
1386 414 1524 436 censue-

826 453 916 480 runt.
964 451 1127 481 Phaedrus
1145 452 1226 482 Fan.
1244 462 1275 483 v.
1294 457 1321 484 Ι.
1338 458 1346 471 ‘
1361 455 1523 487 Quisnam

825 499 974 529 ciuaedus
1001 500 1057 530 ille
1084 501 1119 531 in
1145 507 1302 542 conspectu
1334 515 1397 535 meo
1420 506 1523 537 audet

825 549 939 579 venire
952 549 972 579 ?'
993 548 1162 589 Sulpicius
1176 553 1317 583 Severus
1331 555 1417 585 Hist.
1429 556 1524 588 Sacr.

824 606 850 628 1.
866 600 897 629 8.
920 601 928 614 ‘
947 599 1022 631 Qua
1039 601 1238 632 necessitate
1256 603 1350 633 Isaac
1367 605 1398 634 in
1424 605 1524 637 Gera-

824 649 871 679 ris
887 649 929 679 ad
946 650 1072 690 Regem
1092 650 1267 683 Abimelec
1297 655 1395 685 cessit
1411 654 1430 690 ;‘
1465 655 1524 686 ubi

824 699 926 730 etiam
959 700 1036 732 Car.
1066 701 1224 740 Sigonius
1263 703 1388 744 absque
1425 714 1525 736 causa

825 750 955 781 sontica
972 751 1123 791 reposuit
1137 752 1170 781 in
1190 753 1324 783 Gerar«.
1382 754 1476 785 Idem
1493 765 1524 786 c.

824 802 876 830 29.
914 800 1093 839 ‘t‘rgente
1123 806 1235 841 nocte,
1266 804 1455 843 compulsus
1492 805 1524 834 in

823 850 953 889 oppido?
997 850 1073 881 Alia
1100 851 1185 882 lianc
1213 853 1247 882 in
1273 863 1342 883 rem
1369 854 1524 894 exempla

824 900 939 930 videre
966 906 1017 932 est
1042 902 1130 941 apud
1163 902 1206 932 G.
1234 903 1267 935 J.
1298 904 1452 934 Vossium
1481 904 1523 935 de

825 950 958 980 Constr.
990 961 1019 981 c.
1043 954 1096 982 05.
1131 952 1243 982 Daris.
1301 954 1337 984 In
1366 958 1524 994 conspectu

823 1003 958 1033 adducit.
986 1003 1072 1033 Vide
1090 1014 1190 1043 supra
1207 1005 1248 1035 ad
1271 1015 1320 1036 iv.
1338 1009 1388 1036 12.
1416 1008 1522 1038 Clark.

824 1052 879 1082 Ita
894 1053 964 1092 agit
982 1053 1150 1091 Clarkius‚
1174 1064 1212 1084 ac
1235 1056 1259 1085 si
1286 1056 1366 1086 Mss.
1383 1061 1417 1086 et
1435 1057 1521 1087 Edd.

823 1112 937 1133 omnes
955 1103 1075 1133 darent
1092 1108 1264 1143 conspectu,
1278 1106 1323 1135 uti
1337 1106 1438 1136 etiam
1454 1114 1521 1136 ΠΙ.

821 1154 874 1184 48.
899 1161 980 1183 vni.
997 1156 1049 1183 23.
1067 1156 1117 1184 27.
1135 1157 1185 1184 29.
1222 1155 1348 1185 Verum
1364 1160 1522 1195 conspectu

822 1211 888 1232 non
904 1208 1090 1242 comparet,
1109 1203 1170 1233 nisi
1195 1204 1228 1233 in
1255 1205 1351 1234 Voss.
1378 1215 1430 1245 pr.
1460 1207 1523 1236 Lo-

822 1262 898 1282 van.
918 1253 1085 1293 Egmuud.
1102 1254 1198 1284 Voss.
1218 1263 1286 1284 sec.
1314 1259 1348 1285 et
1366 1255 1468 1287 tertio
1484 1265 1522 1286 ac

823 1303 938 1342 primis
966 1303 1053 1334 Edd.
1079 1304 1218 1334 solemni
1244 1304 1454 1345 confusione,
1485 1310 1523 1337 ut

823 1362 911 1391 saepe
929 1353 1057 1383 dictum
1074 1359 1148 1390 est3
1174 1364 1234 1384 uec
1252 1355 1378 1394 ubique
1394 1361 1522 1386 temere

822 1403 1063 1441 recipiendum.
1112 1404 1187 1434 Hoc
1202 1405 1289 1434 enini
1309 1411 1408 1444 pacto
1425 1405 1521 1437 facile

823 1452 930 1482 altera
962 1453 1087 1484 locutio
1124 1454 1155 1484 in
1189 1459 1377 1495 conspectum
1409 1461 1522 1495 posset

823 1503 999 1542 proscribi,
1025 1509 1060 1534 et
1085 1505 1194 1535 nullus
1211 1505 1401 1536 invenietur
1418 1507 1522 1545 loeus,

822 1553 855 1583 in
882 1564 947 1594 quo
975 1564 1039 1584 nou
1067 1555 1148 1585 Mss.
1174 1555 1319 1596 quidam,
1342 1555 1461 1587 omis's‘a
1486 1556 1523 1586 li-

822 1604 931 1642 neola,
950 1604 1144 1635 Ablativum
1164 1611 1350 1636 ostentent.
1398 1606 1523 1637 Delen-

822 1653 898 1684 dam
916 1660 1028 1685 autem
1045 1661 1158 1686 notam
1177 1666 1270 1686 suam
1299 1657 1332 1686 iu
1360 1656 1448 1687 curis
1472 1665 1521 1687 se—

823 1704 939 1734 cundis
955 1705 1081 1736 monuit
1096 1706 1264 1737 Davisius.

865 1763 914 1785 tx.
932 1758 951 1785 9
976 1756 1164 1796 Coronisque
1187 1767 1244 1796 pro
1265 1758 1385 1788 ratione
1397 1758 1463 1796 ejus
1477 1759 1521 1789 al-

822 1805 981 1844 titudinis]
1003 1806 1177 1836 Lm-iculonz
1189 1817 1246 1846 pro
1260 1808 1317 1837 huc
1332 1811 1392 1839 rut.
1413 1808 1521 1848 Bong.

822 1858 901 1885 tert.
919 1855 993 1886 Pet.
1010 1856 1082 1887 Pal.
1098 1861 1132 1887 et
1148 1857 1304 1887 similiter
1319 1856 1392 1887 fere
1406 1867 1521 1889 onmes

821 1903 943 1944 reliqui
967 1904 1064 1936 codd.
1116 1905 1183 1936 Sed
1208 1916 1270 1936 nec
1296 1906 1379 1937 illud
1405 1909 1523 1938 coronis

820 1953 917 1994 rejici
932 1955 1031 1985 velim
1046 1966 1052 1985 :
1072 1965 1147 1986 nam
1160 1966 1278 1987 corouoe
1289 1963 1367 1987 sunt
1383 1956 1522 1998 fastigia

821 2011 856 2036 ct
886 2006 1099 2037 summitates
1134 2008 1287 2038 turrium.
1348 2007 1523 2047 Στεφάνυυς

822 2055 1015 2094 Euripides,
1043 2057 1269 2095 στεφανώματα
1304 2057 1429 2098 πύργων
1463 2060 1522 2090 So-

821 2105 959 2145 phocles
988 2112 1172 2146 nuncupat.
1219 2107 1396 2147 Originem
1422 2118 1521 2140 voca—

823 2155 900 2186 bulo
926 2156 1033 2196 dedit,
1056 2158 1144 2197 quod
1172 2164 1208 2188 ut
1234 2168 1359 2189 corona
1381 2158 1521 2192 dentata

821 2206 1017 2246 plerumque
1043 2212 1106 2245 est,
1134 2207 1181 2238 ita
1206 2217 1297 2248 saepe
1315 2213 1350 2239 et
1366 2213 1520 2240 veterum

820 2256 956 2295 moenia,
971 2257 1149 2288 intervalla
1173 2257 1308 2297 exigua,
1334 2263 1392 2289 aut
1420 2259 1520 2290 rimas

821 2306 854 2336 in
875 2315 1001 2337 summo
1024 2307 1209 2346 habebant,
1235 2318 1309 2349 qua¹
1341 2318 1400 2348 pro
1426 2307 1520 2339 fene.

820 2356 926 2387 stellis
948 2362 1047 2388 erant
1073 2359 1376 2398 propugnantibus-
1429 2358 1520 2391 Quin

821 2409 1057 2449 deprehendas
1082 2410 1248 2450 hodieque
1272 2410 1304 2440 iu
1332 2410 1522 2441 vetustiori.

823 2458 883 2490 bus
899 2460 1002 2490 muris
1024 2460 1163 2497 indicia,
1179 2467 1236 2491 aut
1263 2461 1375 2500 potius
1397 2461 1521 2500 ipsissi-

822 2519 911 2541 mam
926 2509 1078 2542 formam.
1118 2511 1251 2542 Vossius.
1299 2512 1351 2542 De
1365 2512 1428 2541 hoc
1445 2511 1520 2541 loco

822 2560 930 2590 multo
943 2559 1031 2591 Just.
1049 2560 1183 2600 Lipsius
1203 2561 1346 2591 Poliorc.
1368 2570 1406 2592 11.
1429 2560 1521 2592 Dial.

822 2611 855 2640 2.
899 2609 1012 2640 Dacis.
1067 2610 1150 2641 Mss.
1183 2610 1316 2650 plurum
1347 2609 1522 2640 Loriculam

820 2668 877 2698 pro
888 2659 944 2690 hac
960 2659 1089 2690 ratione.
1115 2660 1222 2690 Clark.
1269 2659 1452 2698 Coronisqnae
1468 2663 1522 2689 est

822 2709 856 2740 iu
881 2711 952 2742 solo
979 2710 1099 2741 Faerni
1125 2710 1223 2740 libro.
1268 2710 1307 2740 In
1334 2708 1469 2740 Andino
1490 2712 1521 2740 et

820 2759 952 2804 toronus.
997 2759 1163 2802 1quon-
1181 2764 1218 2791 et
1232 2759 1347 2791 Ursin.
1394 2759 1523 2792 coronis
