1818 3131
318 224 405 253 tiu.
435 225 503 253 ιιι.
536 211 730 252 otium.
767 223 827 251 nn
864 223 1016 252 iti-:nm
1049 223 1279 253 nimivm.

85 321 198 349 nit-nte
222 316 292 348 ictu
321 325 486 347 remorum
512 316 684 347 concitata
705 315 786 346 clas-

85 366 152 399 sis!
197 366 310 398 Aliter
330 367 451 408 passim
474 366 628 406 impellere
655 365 783 396 dieunt.

85 417 173 448 Vide
190 418 264 448 VV.
289 417 370 448 Dl).
395 415 437 446 ad
463 415 563 446 ovid.
595 416 679 447 Met.
706 425 784 447 vui.

87 469 159 498 103.
186 468 195 483 ‘
212 465 353 507 inpulsae
372 465 476 496 tonsis
493 465 635 497 carina!
661 466 784 496 Lucan.

85 526 146 550 tu.
171 521 245 550 527.
276 517 308 547 id
326 521 389 554 est,
415 516 555 546 incitata·
572 522 686 546 nostro
709 527 784 546 aut·—

85 569 163 599 tori.
218 567 308 598 Dein
336 568 500 605 proestaree
530 566 708 606 rescripsi3
748 571 785 596 ut

86 623 137 648 est
162 616 193 647 in
212 616 295 646 Mss.
323 614 407 645 meis
432 615 600 656 omnibus,
628 616 785 646 petavia-

85 677 162 697 num
178 666 204 697 si
228 665 392 705 excipias,
420 670 456 695 et
482 665 694 696 Editionibus
717 666 784 706 pri-

81 717 156 756 mis,
173 716 312 756 aliisque
334 725 431 756 qnam
459 715 623 755 plurimis.
671 716 786 746 Perti-

82 771 139 796 net
156 765 243 796 enim
266 764 308 794 ad
334 765 489 802 classem,
512 764 702 805 oppositam
716 765 785 795 ταῖς

82 815 218 846 veteribus.
267 815 374 846 Minis
392 814 547 854 ambigue
568 815 622 845 hic
650 815 783 845 locutus

81 872 173 897 esset
187 866 311 902 (ja-sar,
334 865 360 895 si
379 865 499 904 plurali
514 863 634 895 fuisset
653 874 741 896 usus.

125 918 163 946 18
188 915 295 954 Neque
311 914 391 945 euim
413 914 462 944 his
477 918 589 945 noserae
604 918 703 945 rostro
731 925 784 945 no-

78 975 144 996 cere
158 966 316 1005 poterunt]
341 965 393 995 Sic
426 965 549 995 iterum
567 970 682 996 noster
696 964 784 996 iufra

80 1025 110 1045 c.
128 1017 197 1045 l-l.:
227 1015 274 1045 sie
292 1020 326 1045 et
342 1014 466 1045 Strabo
482 1015 611 1055 Geogr.
641 1016 661 1046 l.
679 1024 731 1047 tv.
749 1025 782 1056 p.

82 1068 153 1095 159.
189 1064 236 1096 At
253 1065 369 1095 Florus
386 1074 442 1095 111.
472 1067 522 1095 10.
540 1065 589 1095 ita
606 1065 725 1096 scribit
741 1065 782 1096 de

80 1114 219 1145 navibus
246 1115 467 1145 Venetorum.
502 1115 510 1131 ‘
528 1114 602 1145 111ae
631 1113 731 1145 rudes
747 1119 784 1145 et

80 1163 252 1203 informes,
279 1170 314 1195 et
338 1165 453 1195 statim
481 1163 665 1204 naufragae,
683 1174 784 1205 quum

79 1219 179 1245 rostra
194 1215 399 1246 sensissent!
448 1215 550 1245 Hunc
578 1224 656 1245 vero
672 1214 785 1255 Scrip-

77 1270 184 1296 torem
201 1265 351 1305 graviter
373 1275 503 1296 errasse
519 1265 572 1295 vel
599 1264 672 1305 ipsa
688 1264 782 1295 navi-

80 1325 135 1346 um
164 1315 351 1355 descriptio
374 1316 456 1346 satis
485 1314 647 1346 ostendit.
671 1315 783 1346 Datis.

77 1365 165 1395 vide
187 1365 254 1395 illic
273 1366 345 1396 Cel.
362 1365 494 1396 Duker.

121 1418 162 1446 20
182 1415 286 1445 Telum
306 1415 525 1455 adjiciebatur]
549 1415 603 1447 sic
623 1417 675 1448 vel
689 1424 783 1448 more

80 1466 180 1497 solito
203 1466 384 1496 adicebatur
412 1466 497 1496 mss.
519 1471 554 1496 et
583 1466 668 1497 Edd.
685 1467 781 1497 Vett.

78 1515 141 1546 nisi
159 1515 247 1556 quod
272 1517 304 1545 in
327 1515 496 1546 nonnullis
520 1515 564 1545 sit
587 1514 782 1553 adju-iebant.

77 1565 173 1596 Solus
190 1565 256 1596 Ms.
281 1564 435 1595 Andinus
451 1570 487 1595 et
503 1564 590 1594 Edd.
615 1564 783 1605 quaedam,

79 1620 116 1646 ut
132 1614 225 1655 Aleti,
243 1615 408 1654 Plautini,
422 1618 485 1647 «Sec.
504 1615 661 1656 praebent
676 1615 782 1653 adige—

79 1667 189 1697 batur:
235 1666 325 1706 qnod
362 1665 570 1706 praeferebat
608 1665 780 1695 Brantius.

79 1716 167 1746 Vide
185 1715 226 1746 ad
244 1724 294 1745 lv.
312 1717 364 1745 23.
398 1717 406 1731 ‘
426 1715 467 1745 Iu
491 1715 571 1745 litus
600 1715 702 1745 telum
725 1713 782 1744 ad-

71 1766 134 1805 jici
153 1764 291 1805 posset)
431 1761 434 1764 ’

121 1815 168 1845 Et
183 1815 286 1845 eadem
301 1815 338 1844 de
353 1822 458 1844 caussa
480 1813 583 1844 minus
597 1812 782 1843 inwmmode

77 1864 209 1904 scopulis
241 1862 489 1902 continebantur]
543 1862 780 1894 Hotomannus

77 1917 214 1957 legebat
230 1916 331 1946 minus
345 1915 497 1946 commode
515 1915 631 1955 copulis
646 1915 781 1945 contine·

77 1967 198 1998 bantur.
244 1967 291 1998 Ut
318 1966 449 2006 copulae
478 1966 544 1997 sint
567 1975 684 1997 manus
712 1965 780 1996 fer-

79 2026 159 2057 reae,
183 2027 258 2058 quae
289 2016 431 2047 navibus
459 2016 664 2056 injiciuntur.
715 2015 780 2047 Sed

78 2067 217 2107 copulas
246 2075 287 2097 ea
316 2065 567 2106 significatione
606 2066 697 2107 apud
725 2076 780 2097 ve-

80 2121 169 2147 teres
185 2115 338 2156 reperiri,
354 2115 389 2146 id
406 2125 485 2148 vero
500 2125 713 2157 nequaquam
729 2126 782 2147 os-

80 2165 200 2196 tendit.
236 2165 375 2206 Alioqui
391 2175 457 2196 vox
474 2175 539 2196 non
555 2166 704 2197 absurda
717 2171 780 2197 est.

79 2215 152 2255 Ego
169 2224 233 2245 uon
250 2213 361 2253 video,
386 2215 554 2255 quomodo
573 2215 647 2246 haec
669 2215 781 2246 conci-

79 2265 154 2296 liari
183 2264 323 2306 possint,
341 2274 443 2304 quum
468 2265 493 2295 si
520 2269 654 2296 retenta
669 2265 780 2296 veteri

82 2315 243 2354 lectione,
278 2315 378 2345 minus
426 2316 589 2354 commode,
631 2314 781 2346 dicamus

78 2374 182 2395 naves
191 2365 399 2395 Venetorum
413 2369 552 2404 propter
564 2364 779 2396 altitudinem

77 2424 117 2446 ac
127 2414 344 2446 latitudinem
358 2424 424 2445 non
434 2412 534 2445 facile
545 2414 679 2445 haesisse
694 2415 782 2446 inter

79 2465 251 2506 angustias
267 2466 495 2504 scopulorum,
511 2464 639 2505 quippe
652 2474 718 2505 quo
735 2465 782 2496 iu-

79 2520 168 2546 trare
193 2520 253 2546 aut
278 2515 383 2556 recipi
409 2520 552 2555 propter
577 2515 700 2545 molem
724 2524 782 2546 ne-

79 2565 225 2606 quirent.
289 2566 430 2606 Contra,
452 2566 621 2596 Romanas
658 2574 778 2604 naves,

80 2613 158 2655 quia
171 2614 328 2655 minores,
351 2614 483 2647 facilius
508 2616 598 2646 intra
625 2615 781 2655 scopulos

81 2664 238 2704 compelli
266 2670 302 2696 et
335 2665 428 2697 allidi
461 2666 581 2697 iisdem
615 2666 780 2706 potuisse.

81 2715 183 2747 Quod
218 2717 246 2747 si
281 2716 461 2757 probemus
495 2717 598 2749 ηιὶηιιε
617 2719 781 2757 commode,

80 2764 196 2800 Caesnr
209 2765 334 2799 dixerit
348 2777 410 2809 pro
426 2768 528 2801 minus
542 2768 652 2808 facile.
679 2769 775 2802 Grae-

1425 212 1537 253 1019

836 327 893 347 eus
922 328 998 348 sanc:
1025 318 1127 349 liubvt
1153 319 1222 349 οὔτε
1249 317 1365 358 ῥᾳδίως.
1406 319 1539 349 Vossius.

1299 369 1377 399 ,Νι-ς.
1416 378 1542 399 omnes,

836 417 989 454 Gra-cuc,
1009 419 1076 447 affre
1102 419 1219 458 ῥᾳδίως.
1257 419 1409 451 Scaliger
1426 425 1461 449 ct
1477 420 1542 449 Re-

836 467 1015 503 centioiws,
1053 469 1153 497 minus
1193 470 1387 499 incurisxzmle.
1429 470 1539 500 Clark.

838 517 986 547 Norvie.
1005 522 1037 546 et
1067 518 1121 547 :ilii
1148 518 1230 548 Msti
1260 520 1358 549 minas
1381 520 1542 550 commode.

838 566 910 596 l’al.
930 570 1043 596 nutem
1059 567 1182 605 copulis.
1209 565 1294 596 Mihi
1311 578 1388 607 ergo
1404 568 1542 599 dubium

836 625 900 645 non
917 616 1060 653 videtur,
1077 617 1155 656 quin
1170 616 1326 655 εὐστόχως
1349 619 1539 657 repo-uerit

836 666 1085 704 normannus,
1117 667 1216 696 minu-1
1246 670 1396 698 cummod:
1426 670 1543 709 copulis

835 715 1086 745 continebantur:
1120 725 1222 746 naves
1240 717 1326 747 enim
1357 718 1494 748 altiores
1511 729 1543 749 e·

836 770 923 802 rant,
940 774 1052 805 quam,
1070 771 1106 795 ut
1123 767 1161 796 iis
1178 776 1295 797 manus
1315 766 1435 798 feri-czt-
1453 777 1541 798 com-

837 814 934 845 mode
953 821 1091 855 possent
1112 816 1215 856 injici.
1241 817 1286 848 D.
1303 818 1438 858 quidem
1456 818 1542 849 Vos·

837 867 904 895 sius
921 865 1003 905 legit
1027 867 1128 896 minus
1147 868 1298 897 commode
1321 869 1451 908 scopulis
1475 878 1542 899 cort-

835 916 1022 954 ἰὶιιεΙιιιηιαν,
1045 922 1229 957 censetque
1254 918 1462 948 Venetorum
1486 928 1542 948 na·

837 976 894 996 ves
927 972 1068 1007 propter
1100 968 1315 998 altitudinem
1346 977 1411 998 non
1443 967 1543 999 facile

835 1016 972 1046 haesisse
1004 1017 1093 1047 inter
1121 1017 1293 1057 angustias
1318 1018 1540 1057 scopulorum.

835 1065 901 1096 Sed
919 1065 1066 1096 altitudo
1091 1066 1172 1096 nihil
1199 1066 1240 1096 ad
1257 1067 1342 1097 hanc
1368 1076 1438 1097 rem
1464 1077 1543 1098 con-

835 1112 915 1153 fert,
934 1115 1077 1156 ideoque
1096 1115 1281 1156 rejicienda
1306 1122 1358 1148 est
1382 1117 1456 1157 ejus
1485 1127 1543 1148 ex-

835 1165 984 1206 plicatio.
1009 1167 1124 1196 Datis.
1151 1176 1219 1197 eur.
1249 1176 1316 1198 sec.
1354 1167 1479 1208 Copulz's
1509 1177 1542 1198 e-

835 1215 916 1245 tiam
942 1214 1076 1246 videtur
1092 1217 1267 1256 amplexus
1293 1227 1365 1247 esse
1394 1218 1541 1258 Lipsius.

835 1263 917 1294 Eam
949 1265 1036 1295 enim
1055 1274 1173 1296 vocem
1191 1276 1257 1297 orae
1287 1267 1366 1297 libri
1383 1268 1433 1298 sui
1450 1268 1542 1298 adle-

834 1320 950 1353 verat;
976 1316 1055 1346 mihi
1071 1326 1149 1347 vero
1164 1316 1299 1347 videtur
1316 1326 1389 1348 esse
1409 1317 1542 1348 verissi-

834 1374 901 1404 ma,
927 1365 1008 1396 licet
1033 1367 1225 1406 exemplum
1252 1367 1421 1407 geminum
1439 1367 1540 1406 plane

835 1414 971 1446 adferre
988 1425 1165 1458 nequeam,
1178 1417 1266 1458 qnod
1283 1418 1390 1448 solum
1408 1416 1539 1448 deside-

834 1464 932 1496 rabat
949 1465 1101 1496 Vossius.

839 368 949 396 Mirum
985 369 1152 408 rmnmmlr‘}
1197 370 1251 399 Sit:

1147 1466 1214 1496 Sed
1243 1475 1303 1497 cur
1330 1467 1418 1496 solus
1443 1474 1542 1497 omne

833 1523 976 1544 nmnuum
985 1514 1176 1554 ferrearum,
1199 1515 1417 1555 harpaginum,
1440 1524 1543 1547 corto·

833 1572 914 1602 rum,
931 1566 994 1595 &c.
1013 1573 1119 1604 genus
1137 1566 1251 1595 Caesar
1267 1575 1332 1595 non
1352 1565 1465 1605 potnit
1482 1565 1539 1596 ad-

835 1613 965 1653 pellare
981 1613 1130 1653 copulas?
1156 1614 1251 1645 Sicut
1266 1615 1355 1646 solus
1373 1616 1542 1656 Lucanus,

835 1664 888 1694 vel
906 1662 974 1694 Fors
987 1665 1091 1695 etiam
1115 1665 1296 1695 Frontinus
1313 1665 1370 1705 (V.
1390 1664 1433 1695 ad
1449 1674 1491 1696 u.
1509 1668 1540 1697 3.

833 1712 903 1752 24.)
925 1712 967 1744 de
985 1713 1049 1743 illis
1066 1713 1154 1744 dixit
1170 1714 1324 1745 manicas:
1348 1715 1540 1754 praesertim

832 1771 907 1793 cum
920 1763 1026 1803 copula
1049 1768 1084 1793 et
1105 1765 1226 1794 nautica
1244 1764 1312 1795 sint
1329 1764 1538 1805 Synonyma,

831 1816 868 1842 et
883 1820 1042 1842 manuum
1058 1812 1192 1842 vincula
1207 1817 1388 1853 utrumque
1406 1818 1538 1846 notent.

832 1861 937 1892 Plura
953 1860 996 1891 de
1008 1861 1116 1903 copyla
1133 1862 1209 1893 vide
1227 1863 1315 1903 apud
1339 1864 1478 1894 Salmas.
1496 1863 1539 1894 ad

831 1911 1017 1951 Capitolia.
1042 1911 1267 1943 Maximinum
1296 1913 1431 1945 Junior.
1459 1924 1487 1944 c.
1508 1916 1538 1944 1.

833 1962 842 1977 ‘
861 1961 1150 1992 Dextroclierium
1172 1972 1246 1993 cum
1263 1964 1387 2002 copula
1403 1963 1445 1994 de
1461 1964 1542 2004 hya·

833 2012 954 2043 cinthis
969 2013 1138 2053 quatuor.’

876 2066 917 2094 22
942 2062 1076 2103 Saevire]
1099 2062 1141 2094 Se
1152 2063 1262 2094 soerz're
1273 2063 1371 2095 Voss.
1387 2073 1438 2104 pr.
1454 2064 1536 2095 Lov.

831 2114 941 2144 saetn're
955 2116 1065 2144 veritus
1079 2123 1157 2153 coep.
1185 2116 1214 2144 et
1237 2113 1362 2145 desunt
1379 2115 1422 2145 ab
1445 2114 1537 2146 And.

833 2168 868 2194 et
882 2163 996 2195 Oxon.
1010 2167 1040 2194 et
1053 2173 1087 2194 se
1101 2173 1167 2194 non
1189 2164 1349 2204 leguntur
1372 2165 1405 2195 in
1427 2165 1468 2195 B.
1486 2174 1539 2205 pr.

833 2214 909 2245 Pal.
942 2214 1024 2245 Lov.
1054 2213 1154 2245 Gott.
1185 2214 1282 2245 Voss.
1319 2220 1399 2246 tert.
1439 2215 1537 2247 Leid.

833 2269 912 2295 tert.
938 2264 1058 2295 Petav.
1083 2273 1103 2294 a
1125 2274 1170 2295 m.
1199 2273 1250 2304 pr.
1275 2265 1384 2295 Dorv.
1410 2271 1446 2295 et
1470 2265 1536 2296 Ed.

833 2314 905 2346 Inc.
922 2317 954 2345 et
970 2315 1078 2345 solum
1101 2315 1199 2345 abest
1224 2325 1243 2345 a
1264 2315 1362 2346 Voss.
1391 2324 1444 2355 pr.
1465 2324 1536 2347 sec.

832 2365 930 2405 Egm.
963 2365 1058 2396 Duk.
1087 2365 1183 2396 Leid.
1213 2374 1281 2396 sec.
1339 2365 1417 2396 Non
1447 2365 1536 2397 male

832 2414 1003 2446 Gruterus
1020 2415 1211 2455 suspicatur
1233 2425 1266 2446 se
1286 2416 1428 2446 saerienti
1446 2419 1536 2447 tento

831 2465 875 2505 d.,
890 2470 949 2496 aut
959 2468 990 2496 et
1004 2474 1035 2496 se
1046 2476 1073 2496 ι·.
1086 2466 1155 2497 ded.
1171 2475 1245 2496 esse
1258 2465 1453 2506 subposita:
1471 2466 1536 2497 for-

833 2521 867 2546 te
880 2518 913 2546 ut
929 2525 1021 2555 quum
1034 2525 1079 2554 se,
1099 2515 1210 2546 saecire.
1233 2525 1260 2545 τ.
1275 2526 1369 2555 quum
1390 2528 1431 2555 c.,
1447 2519 1535 2547 vento

831 2565 998 2597 dedissent.
1056 2566 1124 2597 Sed
1155 2567 1231 2606 quis
1265 2576 1301 2596 se
1334 2572 1435 2596 vento
1460 2565 1533 2605 dat,

831 2616 964 2656 quando
979 2615 1099 2647 saevire
1123 2620 1244 2646 ventus
1267 2615 1412 2655 incipit?
1447 2616 1534 2645 Con-

832 2665 984 2697 siderent
996 2667 1177 2698 acutiores.
1210 2666 1410 2696 Posteriora
1421 2665 1532 2704 poetis

831 2716 936 2757 magis
951 2726 1050 2757 quam
1059 2716 1233 2748 historicis
1247 2719 1409 2754 usurpata
1425 2715 1528 2746 abnn-

831 2766 912 2799 dare
927 2767 1064 2800 omnino
1081 2767 1258 2798 videntur:
1283 2764 1342 2797 sed
1365 2764 1521 2806 agnoscit
