1883 3121
435 233 527 263 mn.
562 233 592 262 1.
625 230 731 261 οΑΡ.
761 218 832 258 64.
867 228 929 258 1)ss
962 225 1117 257 nmmo
1149 226 1319 256 cn‘im.

163 343 205 350 ·-
229 325 394 367 aptiorem
422 333 497 356 esse
526 322 688 355 circulanti
710 321 859 362 judices,

165 386 263 416 qnam
283 375 399 416 agenti
416 383 484 405 rem
501 381 654 413 magnam
671 381 710 402 ac
726 371 860 410 seriam,

164 424 391 466 docentique!
457 424 516 455 Sic
542 427 576 454 et
605 421 715 462 Epist.
747 423 800 452 90.
834 421 861 451 si

163 476 283 508 Codici
298 475 454 515 Lipsiano
466 473 562 504 tides.
595 472 636 503 In
649 471 749 503 editt.
763 472 861 502 Rom.

163 526 250 557 Ven.
278 525 436 556 Beroald.
462 527 514 554 est
536 522 650 553 milites
676 521 863 561 conturbari,

164 586 265 617 quam
287 576 468 606 lectionem
493 573 750 605 adversantibus
777 574 862 605 Mss.

163 627 374 658 intruserunt
411 624 572 663 editores,
611 624 702 665 quod
747 633 863 655 vocem

165 677 280 718 paullo
298 676 458 707 rariorem
477 684 543 706 non
561 675 803 715 intelligerent,
827 678 866 706 ut

163 733 259 760 recte
283 727 369 759 vidit
396 728 436 759 P.
462 727 635 758 Victorius
662 726 742 757 Var.
766 726 863 757 Lect.

166 787 246 810 vni.
264 781 316 810 13.
342 778 454 810 Dat-is.
501 777 654 808 Cir-calari
669 777 770 808 etiam
786 776 866 814 mei,

166 829 255 870 quod
274 833 368 860 recte
391 838 466 859 cum
493 827 616 859 Ursino
641 837 682 858 ex
706 827 776 867 ejus
803 827 866 858 Co-

166 879 243 909 dice
269 878 421 909 restituit
455 877 618 917 Scaliger.
679 877 868 908 conturbari

167 933 218 960 est
247 929 281 960 in
311 930 381 960 solo
407 929 502 960 Leid.
530 938 599 960 sec.
650 928 739 960 Vide
763 929 866 960 etiam

166 979 346 1010 Brantium
362 984 398 1011 et
413 980 508 1011 alios.

208 1031 228 1060 7
251 1030 377 1060 Beuum
392 1030 561 1061 necessario
577 1029 699 1069 longius
713 1030 798 1070 deaei]
812 1030 867 1062 Sic

166 1079 320 1120 plerique
337 1079 490 1110 codices:
524 1089 588 1110 nec
611 1081 710 1118 male,
727 1080 754 1110 si
769 1089 868 1111 neces-

165 1128 248 1159 sario
263 1128 296 1158 in
313 1128 488 1158 auferendi
504 1138 585 1159 casu
602 1129 747 1168 positum
764 1129 866 1159 dicas.

167 1179 246 1211 Non
268 1178 355 1209 male
372 1178 500 1208 interea
516 1178 663 1208 Palatin.
685 1177 795 1208 bellum
810 1187 868 1208 non

165 1229 336 1261 necessario
352 1228 473 1267 long-ius
487 1228 570 1259 duci.
626 1228 671 1259 Et
683 1232 755 1259 tum
770 1237 868 1258 neces-

165 1279 248 1310 sario
269 1278 466 1309 adverbium
482 1278 559 1309 erit.
609 1278 740 1309 Vossius.
796 1278 869 1309 Non

166 1328 301 1360 addidit
338 1328 506 1359 Cellarius
543 1337 562 1359 e
601 1328 773 1368 Palatino,
802 1338 868 1369 quo

168 1389 243 1412 cnm
260 1379 391 1412 faciunt
413 1381 531 1411 Brant.
550 1381 674 1411 Lovan.
700 1385 736 1411 et
759 1381 869 1411 Dorv.

167 1431 334 1472 bellumque
349 1432 507 1463 Ciaccon.
531 1432 596 1462 Ms.
621 1436 657 1461 et
679 1431 775 1461 Leid.
800 1440 867 1461 sec.

167 1491 244 1513 cum
265 1482 372 1522 Bong.
390 1482 491 1512 Vasc.
543 1480 630 1511 Mihi
645 1480 748 1511 etiam
764 1479 870 1520 inagis

167 1531 282 1571 placet
297 1541 357 1561 non
371 1531 551 1561 necessario.

213 1583 252 1612 10
276 1580 348 1611 Neu
363 1581 500 1621 periculo
514 1579 669 1620 parceret]
712 1579 768 1610 Sic
785 1579 870 1611 Mss.

169 1631 255 1671 Reg.
285 1635 321 1661 et
348 1630 493 1661 Eliensis
525 1629 714 1669 elegantius
743 1630 869 1670 paullo.

169 1681 293 1721 Vulgg.
329 1690 393 1711 nec.
438 1680 548 1711 Clark.
609 1680 641 1710 T
641 1679 871 1720 ypograpliico

170 1740 284 1762 errore
299 1740 358 1762 neu
371 1730 494 1761 abiisse
512 1734 593 1771 puto
610 1729 644 1760 in
661 1739 713 1760 nec
730 1729 761 1759 in
778 1729 869 1761 Edit.

169 1781 399 1821 Scaligerana.
443 1781 528 1811 Mss.
558 1786 594 1811 et
631 1779 717 1811 Edd.
755 1789 871 1811 omnes

169 1836 249 1863 ante
266 1831 358 1862 illam
374 1841 444 1862 neu.
468 1830 566 1862 Leid.
583 1839 652 1861 sec.
668 1840 752 1861 neve.
784 1830 873 1861 Dein

169 1891 206 1913 ea
228 1881 325 1913 abest
351 1891 371 1911 a
395 1881 478 1912 Mss.
496 1881 626 1922 aliquot
642 1885 678 1911 et
694 1880 782 1912 Edd.
806 1881 874 1920 pri-

170 1933 246 1974 mis,
261 1932 297 1964 in
312 1933 434 1974 quibus
459 1933 570 1964 etiam
580 1943 649 1973 quo,
665 1937 703 1963 ut
728 1938 763 1963 et
791 1932 873 1963 Mss.

170 1984 315 2017 duobus.
383 1985 513 2016 Contra
539 1994 584 2025 eo,
613 1994 672 2025 qua
699 1984 796 2016 Leid.
821 1994 872 2026 pr.

171 2036 231 2068 sed
247 2035 325 2066 vide
340 2036 383 2067 ad
399 2045 434 2066 v.
451 2039 504 2066 51.

214 2089 254 2118 13
281 2087 392 2118 Tautoe
405 2085 628 2125 magnitudinis
644 2083 788 2125 flumini]
832 2084 873 2116 In

171 2135 293 2167 Petav.
317 2139 352 2165 et
369 2134 527 2166 Leidensi
542 2135 651 2175 primo
676 2137 700 2166 t.
718 2134 874 2174 magnitu-

171 2186 240 2217 dini
263 2185 420 2226 fluminis.
479 2185 527 2216 At
557 2185 591 2216 id
620 2185 874 2226 simplicitatem

173 2235 318 2268 Caesaris
332 2235 482 2267 excedit.
517 2235 550 2266 Si
568 2235 647 2276 quid
663 2235 874 2274 mutandum,

172 2287 285 2317 malim
300 2289 391 2317 tanta
406 2285 620 2325 magnitudine
622 2284 761 2326 sturnini.
785 2285 873 2317 Vide
889 2309 893 2312 -

174 2336 216 2367 ad
244 2337 284 2367 B.
311 2336 356 2367 G.
380 2344 429 2367 ιν.
458 2338 488 2367 1.
514 2335 665 2366 ‘inmani
691 2344 874 2376 corporum

173 2385 408 2427 magnitudine
422 2385 598 2416 homines.’

217 2439 258 2468 14
271 2435 418 2475 Judicat]
440 2435 576 2466 Norvic.
584 2435 750 2473 judicarit.
774 2434 875 2467 Quod

174 2487 312 2518 rectius.
358 2486 469 2517 Dat-is.
486 2494 558 2516 cur.
584 2494 652 2516 sec.
709 2485 809 2516 Errat
825 2485 876 2515 vir

175 2537 308 2577 doctus,
337 2541 375 2567 ut
405 2536 526 2576 saepius
553 2534 712 2574 diximus,
735 2535 818 2566 licet
841 2538 877 2566 et

166 2586 331 2625 judicabat
345 2586 390 2617 sit
405 2587 439 2617 in
455 2585 552 2616 Leid.
567 2595 619 2625 pr.

218 2639 260 2668 20
295 2637 409 2677 Pauci]
452 2637 536 2668 Mss.
574 2635 699 2674 Ursini,
737 2634 877 2666 Norvic.

177 2689 260 2720 item
277 2688 400 2720 Petav.
414 2688 539 2729 scalig.
557 2687 652 2718 Leid.
675 2697 726 2728 pr.
753 2687 877 2717 Lovan.

178 2740 277 2770 Voss.
325 2739 437 2769 Paucis
458 2748 498 2769 ex
519 2738 566 2769 his
580 2737 732 2769 militibus
745 2746 830 2767 arma
845 2736 877 2766 in

166 2789 302 2831 flumine
320 2788 360 2819 ab
379 2798 425 2830 eq.
446 2790 497 2828 ⁸50·
541 2789 580 2820 In
595 2788 730 2830 flumine
751 2787 878 2819 habeut

1495 213 1608 255 1386

912 329 1043 362 quoqne
1066 320 1140 350 Pal.
1169 320 1276 358 Bong.
1304 317 1397 349 Leid.
1418 326 1484 348 nec.
1501 316 1609 348 Dorv.

912 376 948 402 et
966 371 1052 401 Edd.
1071 371 1198 410 primae.
1244 369 1343 399 Unde
1367 376 1410 398 an
1438 366 1522 408 quid
1544 376 1611 397 me-

912 422 977 452 lius
993 422 1130 459 vulgato
1155 421 1231 451 elici
1259 420 1378 460 possit,
1393 418 1506 449 videat
1529 417 1613 448 otio-

915 482 969 503 sus
995 472 1115 502 lector.
1160 470 1261 502 Quod
1288 474 1402 500 tamen
1427 477 1491 499 non
1516 474 1611 508 puto.

918 523 958 554 Vi·
972 521 1119 563 fluminis
1145 521 1226 552 abiit
1249 529 1382 561 quoque
1399 520 1430 550 in
1446 519 1486 548 τὰ
1502 519 1534 548 in
1549 517 1612 558 flii-

913 573 995 604 mine
1012 573 1051 604 B.
1079 572 1122 604 G.
1147 580 1196 602 ιν.
1222 574 1272 602 15.
1296 568 1612 607 ‘'l'imore,lassitu-

914 623 1006 663 dine,
1028 623 1062 653 vi
1085 621 1231 653 fluminis
1247 621 1400 665 obpressi
1417 616 1614 661 perierunt.¹

914 673 1027 714 Abripi
1043 673 1144 705 etiam
1161 674 1222 704 hac
1240 673 1272 704 in
1290 682 1325 704 re
1346 671 1540 713 frequenter
1557 668 1614 700 ad·

915 725 1061 757 hibetur.

958 778 996 806 21
1023 775 1150 806 Interiit
1165 778 1268 806 tamen
1283 773 1385 814 nemo]
1419 774 1535 806 Media
1551 784 1615 805 vox

915 827 978 857 huc
1008 835 1073 856 non
1104 825 1286 864 convenit3
1325 825 1476 856 rescribo
1502 825 1617 866 itaque

915 876 1037 906 interiit
1049 878 1150 906 autem
1166 885 1262 906 nemo.
1309 875 1364 906 Fr.
1380 875 1618 906 Hotomannus

916 926 999 965 legit
1035 926 1157 956 interiit
1193 928 1296 956 tamen
1322 935 1380 956 non
1407 934 1514 956 nemo:
1559 924 1618 956 sed

916 977 1000 1008 lianc
1039 977 1275 1017 conjecturam
1312 976 1440 1017 rejicio,
1465 977 1542 1018 quia
1575 975 1618 1008 de

916 1036 1056 1058 numero
1071 1032 1278 1058 mortuorum
1295 1026 1384 1058 haud
1408 1027 1456 1058 ita
1479 1027 1619 1068 loquun-

919 1082 973 1108 tur
988 1077 1166 1108 Historici.
1193 1077 1303 1108 Dat-is.
1347 1077 1423 1110 Vox
1439 1080 1553 1116 tamen,
1571 1077 1620 1107 in·

919 1126 992 1167 quit
1005 1127 1178 1165 Davisius,
1189 1127 1254 1158 huc
1269 1136 1336 1158 non
1353 1127 1523 1158 convenit.
1558 1126 1623 1156 Re-

918 1176 1039 1207 seribit
1067 1176 1195 1217 itaque,
1221 1177 1343 1207 interiit
1375 1181 1488 1208 autem
1524 1186 1620 1207 nemo.

918 1226 987 1257 Sed
1010 1226 1093 1258 nihil
1117 1227 1328 1259 mutandum.
1379 1228 1455 1258 Vox
1473 1227 1561 1258 enim
1578 1231 1624 1257 ta-

919 1286 990 1308 men
1006 1277 1134 1317 optime
1148 1278 1320 1308 convenit.
1364 1278 1455 1309 Licet
1470 1277 1622 1309 nonnulli

920 1335 962 1356 ex
986 1326 1149 1357 militibus
1178 1327 1211 1357 vi
1240 1326 1385 1358 fluminis
1415 1328 1547 1368 abrepti
1571 1337 1622 1358 es-

921 1381 1011 1415 sent,
1025 1380 1128 1408 tamen
1143 1387 1242 1409 nemo
1259 1378 1401 1417 interiit,
1426 1379 1552 1419 qnippe
1578 1378 1621 1410 ab

921 1427 1074 1467 equitatu
1091 1427 1242 1469 excepti.
1298 1427 1387 1459 Vide
1403 1438 1503 1469 supra
1519 1429 1561 1460 ad
1579 1438 1621 1460 11.

921 1480 972 1508 32.
989 1482 1024 1508 et
1040 1478 1082 1508 ad
1100 1487 1182 1509 vrit.
1199 1481 1250 1510 19.
1303 1479 1409 1511 Clark.

963 1529 1003 1558 23
1031 1527 1161 1558 Tantum
1175 1528 1328 1568 studium]
1359 1529 1622 1560 Petav.Lovan.

921 1578 1046 1619 Scalig.
1076 1579 1170 1610 Leid.
1200 1589 1252 1620 pr.
1284 1589 1351 1611 sec.
1396 1579 1492 1611 Voss.
1516 1581 1623 1620 Bong.

922 1628 1012 1660 Edd.
1036 1629 1175 1661 Vascos.
1201 1631 1267 1661 Str.
1293 1629 1411 1670 Stepli.
1437 1635 1471 1660 et
1496 1629 1624 1670 Gryph.

922 1683 1012 1720 post.
1041 1678 1159 1710 Stadii.
1215 1680 1326 1712 Quam
1350 1680 1552 1720 elegantiam
1576 1679 1624 1709 id-

922 1730 1011 1762 circo
1036 1731 1181 1762 restitui.
1226 1731 1314 1761 Vide
1338 1731 1449 1762 Periz.
1476 1735 1512 1761 et
1535 1739 1626 1761 soce-

923 1791 994 1812 rum
1023 1781 1065 1812 ad
1092 1782 1207 1812 Valer.
1233 1781 1327 1812 Max.
1345 1789 1385 1811 11.
1401 1783 1432 1812 9.
1456 1781 1625 1811 ‘Tantum

923 1830 1154 1870 amplitudinis
1171 1829 1192 1860 :¹
1224 1831 1265 1861 B.
1283 1829 1326 1861 G.
1343 1838 1392 1860 Vl.
1407 1832 1458 1860 35.
1482 1832 1490 1847 ‘
1509 1829 1625 1870 praesi-

923 1881 968 1911 dii
987 1885 1117 1912 tantum
1133 1880 1153 1911 :¹
1186 1881 1296 1911 Drak.
1315 1880 1357 1910 ad
1375 1880 1446 1911 Liv.
1463 1889 1510 1910 ιν.
1525 1884 1556 1911 4.
1573 1882 1625 1912 56.

921 1932 930 1948 ⁴
948 1935 1081 1962 tantum
1099 1930 1179 1962 belli
1193 1930 1213 1962 :'
1259 1930 1302 1961 Β.
1318 1930 1392 1962 Civ.
1416 1939 1454 1960 11.
1477 1932 1506 1960 7.
1529 1931 1537 1945 ‘
1554 1934 1626 1960 tan-

923 1986 995 2012 tum
1025 1981 1139 2012 luctus
1157 1979 1178 2011 :’
1221 1989 1278 2011 111.
1311 1983 1342 2011 1.
1384 1980 1541 2011 ‘tantum
1570 1988 1627 2010 na-

924 2030 1037 2061 vium.'

966 2080 1106 2111 Minium
1127 2080 1158 2110 vi
1178 2079 1286 2110 addito
1301 2079 1442 2119 circuitu,
1458 2089 1626 2121 magnaque

922 2131 963 2161 ad
991 2131 1103 2161 vadum
1131 2130 1277 2170 fluminis
1309 2140 1394 2161 mora
1427 2130 1626 2171 interposita]

924 2181 1012 2212 Haec
1028 2181 1130 2212 lectio
1148 2189 1212 2212 non
1229 2184 1279 2212 est
1301 2191 1320 2212 e
1337 2181 1420 2212 Mss.
1443 2180 1502 2211 sed
1519 2181 1561 2212 ab
1577 2181 1625 2211 in-

925 2231 1023 2272 genio
1046 2231 1118 2262 Jos.
1144 2231 1308 2271 Scaligeri
1331 2231 1498 2270 provenit.
1544 2231 1626 2263 Oni-

925 2291 983 2312 nes
999 2281 1161 2312 exhibent
1186 2281 1318 2311 millium
1335 2289 1373 2311 vl
1389 2282 1428 2311 ad
1444 2281 1506 2312 iter
1519 2282 1625 2313 addito

923 2332 964 2362 ad
990 2332 1100 2362 tadum
1123 2331 1269 2370 circuitu,
1295 2341 1464 2371 magnaque
1479 2331 1627 2372 fluminis

926 2391 1011 2412 mora
1025 2381 1230 2422 interposita;
1252 2381 1341 2412 unde
1358 2381 1434 2421 lego
1447 2382 1575 2412 millium
1587 2391 1625 2413 vr

925 2433 965 2462 ad
980 2431 1041 2462 iter
1057 2432 1164 2463 addito
1177 2432 1320 2471 circuitu,
1334 2441 1506 2472 magnaque
1520 2434 1559 2463 ad
1577 2443 1626 2463 ra-

925 2481 1147 2522 dumfluminis
1160 2492 1245 2512 mora
1260 2482 1442 2522 interposita
1454 2492 1465 2517 ;
1487 2491 1562 2512 narn
1576 2482 1626 2512 vir

925 2541 1070 2562 suminus
1095 2531 1177 2563 duas
1200 2540 1301 2562 voces
1322 2532 1541 2572 transpositas
1565 2540 1625 2562 suo

926 2582 1001 2612 loco
1029 2581 1165 2614 videtur
1180 2582 1345 2620 donasse;
1381 2581 1522 2613 totidem
1547 2591 1625 2613 vero

927 2641 1104 2672 perperam
1139 2633 1264 2663 omisit.
1310 2631 1422 2663 Daris.
1488 2632 1540 2663 Ad
1566 2633 1626 2664 iter

927 2682 1126 2714 Ciacconius
1149 2682 1257 2714 deleri
1283 2681 1409 2721 primus
1430 2681 1557 2721 jussit:
1586 2682 1626 2714 ad

926 2733 1036 2763 vadum
1053 2733 1198 2774 fluminis
1223 2737 1261 2762 nt
1288 2732 1497 2772 transposuit
1523 2733 1626 2764 Scali-

926 2791 997 2825 ger,
1013 2788 1124 2816 exstat
1139 2783 1175 2816 in
1191 2781 1294 2825 ipsius
1316 2781 1446 2814 codice.
1492 2782 1628 2826 Reliqui
