1883 3121
478 234 571 264 Lm.
596 233 626 263 1.
659 232 766 263 cAr.
795 223 863 262 41.
899 234 960 264 na
996 234 1150 264 nunno
1183 234 1354 264 crvim.

190 327 325 358 omnino
341 328 416 367 lego
432 328 463 357 ti
478 327 589 358 callum
604 326 775 357 detrahere.
803 327 890 357 Vide

190 377 293 409 etiam
311 377 352 408 ad
376 378 416 408 B.
432 377 476 408 G.
498 386 521 408 1.
538 380 590 408 46.
613 378 621 393 ‘
637 378 667 406 vi
693 376 852 408 dirimere
869 378 890 407 ι’

190 433 227 460 et
257 426 342 458 infra
369 437 398 458 c.
425 430 479 458 48.
507 432 543 458 et
570 428 610 458 B.
635 425 744 457 Afric.
776 437 806 457 c.
837 431 889 458 47.

190 479 271 510 Mss.
303 488 429 516 omnes,
456 482 492 508 et
521 477 607 508 Edd.
635 477 719 508 Ven.
750 477 891 508 Mediol.

190 529 330 560 Vascos.
352 528 469 568 Steph.
493 527 635 566 aliaeque
655 527 754 557 subito
769 529 891 566 jumen-

189 583 302 610 torum.

233 633 273 661 12
295 631 323 661 A
346 631 468 661 Petreio
485 634 513 661 et
531 630 679 672 Afranio]
703 631 774 662 Has
792 641 891 663 voces

189 680 408 712 Glossematis
443 685 617 720 suspectas
655 681 773 712 habuit
811 682 890 712 Pet.

189 732 403 770 ciacconius,
426 731 520 771 cnjus
542 731 674 762 calculo
691 741 784 762 suum
801 733 891 772 adje-

189 783 237 813 cit
264 782 334 814 Jos.
359 782 525 818 Scaliger.
571 780 639 811 Sed
671 782 768 812 nimis
793 787 891 813 erant

189 832 340 870 delicati,
371 842 408 863 ac
438 834 499 863 lioc
528 831 796 863 additamentum
826 833 891 864 fuit

189 886 428 924 necessarium,
455 885 544 926 quia,
570 886 722 926 quamvis
747 892 891 928 uterque

187 942 326 978 pontem
352 936 455 967 fuisse
479 936 705 976 interruptum
733 938 891 976 senserit,

188 988 277 1018 solus
295 987 327 1018 in
343 987 594 1028 expeditionem
610 988 702 1018 venit
718 987 890 1020 Afranius.

188 1038 298 1070 Doris.

232 1092 271 1119 14
297 1089 396 1120 Ponte
413 1088 578 1129 Afranius]
604 1090 688 1120 Mss.
713 1089 797 1129 Reg.
823 1090 891 1120 Eli-

187 1147 258 1169 enS.
283 1143 317 1169 et
344 1138 436 1169 Edit.
466 1139 563 1169 Rom.
588 1147 647 1168 suo
673 1142 765 1178 ponte
794 1138 890 1176 Afra-

185 1188 266 1219 nius.
314 1189 423 1221 Quam
463 1197 580 1219 vocem
619 1197 678 1219 cur
715 1188 890 1218 omiserint

186 1239 336 1279 Scaliger
352 1243 387 1269 et
412 1238 647 1277 Recentiores,
670 1247 783 1269 causae
806 1238 889 1269 nihil

187 1294 249 1322 est.
276 1291 382 1321 Clark.
428 1289 490 1320 Suo
519 1289 616 1320 abest
639 1289 711 1329 jam
736 1288 778 1319 ab
803 1289 890 1320 Edd.

187 1341 272 1371 Ven.
300 1343 396 1371 151⁷.
442 1339 537 1378 Aldi,
563 1339 696 1369 Manui.
725 1343 760 1369 ct
791 1338 891 1369 Plan-

187 1390 263 1428 tini,
293 1390 353 1421 scd
380 1394 503 1421 contra
534 1389 644 1419 Mstos
676 1397 804 1426 omnes,
833 1389 890 1429 qui

188 1440 275 1471 bene
291 1440 421 1471 addunt
442 1439 484 1469 ad
510 1437 737 1469 differentiam
757 1437 891 1469 Fabiani

186 1490 303 1530 pontis,
320 1498 424 1531 quare
443 1489 577 1520 restitui
593 1499 600 1519 ε
621 1498 692 1520 suos
709 1488 831 1520 Petav.

232 1542 273 1570 19
296 1539 336 1570 In
350 1541 427 1570 duas
440 1537 559 1579 partes]
583 1539 689 1578 Bong.
708 1538 767 1569 dat
778 1539 890 1578 partis.

188 1589 388 1621 ciacconius
426 1589 485 1620 has
523 1598 624 1619 voces
661 1590 779 1620 ce’nset
815 1599 891 1621 esse

189 1639 435 1680 supposititias,
461 1638 573 1669 invitis
599 1639 712 1679 Mstis,
729 1644 764 1670 et
786 1640 892 1670 recla-

188 1694 303 1721 mante
340 1689 485 1721 Caesaris
523 1688 684 1729 σαφηνείᾳ.
747 1689 891 1720 Consule

188 1744 308 1772 notata
332 1741 374 1771 ad
397 1741 437 1771 B.
456 1739 499 1771 G.
525 1749 566 1770 11.
591 1742 644 1770 21.
690 1740 783 1770 Dein
806 1740 890 1771 Mss.

188 1795 225 1822 et
240 1790 327 1822 Edd.
345 1791 439 1821 vett.
466 1799 593 1829 omnes,
610 1790 710 1820 etiam
726 1790 892 1830 Scaligeri

184 1844 299 1882 posset.
355 1840 456 1873 Quod
493 1849 560 1870 non
597 1839 721 1871 mutari
759 1839 891 1871 debuit.

187 1890 277 1922 Vide
297 1890 340 1921 ad
365 1890 406 1920 B.
421 1890 466 1921 G.
481 1899 505 1920 1.
523 1892 553 1920 8.
602 1890 708 1921 Immo
730 1890 893 1920 constituit

185 1945 302 1982 potest
323 1951 397 1972 esse
421 1941 646 1981 praeteritum.
691 1940 759 1971 Adi
786 1941 828 1971 ad
855 1950 890 1971 v.

189 1994 239 2023 10.
256 1995 292 2022 et
309 1992 350 2022 ad
368 1992 452 2032 Cap.
470 2000 625 2032 sequens.

231 2051 304 2073 ΧΠ.
320 2046 335 2073 1
362 2041 430 2072 Sibi
443 2041 591 2082 praesidio
605 2039 788 2080 reliquerat]
806 2039 891 2072 Mss.

188 2092 309 2124 Petav.
326 2093 443 2133 anac.
469 2091 564 2123 Leid.
589 2101 640 2131 pr.
665 2100 733 2122 sec.
762 2091 889 2121 Lovan.

191 2143 300 2183 Bong.
320 2142 419 2174 Voss.
445 2146 481 2173 et
496 2142 582 2174 Edd.
608 2141 726 2183 primae
745 2151 820 2172 cum
838 2142 892 2171 El·

191 2202 262 2224 zev.
277 2193 340 2224 Ed.
356 2193 411 2223 ibi.
443 2192 557 2224 Nihilo
569 2192 677 2222 minus
689 2192 787 2223 male.
823 2191 891 2223 Ubi

190 2245 280 2276 enim
305 2244 510 2286 reliquerat?
556 2244 696 2274 Fabium
720 2243 892 2283 praemise·

191 2300 245 2326 rat
275 2304 351 2325 cum
377 2294 569 2334 legionibus
600 2294 720 2334 tribus,
752 2294 891 2335 reliquis

191 2344 352 2386 subsequi
376 2344 494 2384 jussis,
525 2349 561 2375 ut
587 2344 636 2375 ait
666 2355 697 2376 c.
720 2347 772 2375 37.
819 2345 893 2376 Hos

190 2395 323 2436 equites
345 2395 409 2426 sibi
431 2404 512 2435 ergo
537 2394 694 2435 praesidio
719 2395 893 2426 retinuerat

187 2445 318 2485 Caesar,
333 2445 422 2486 quod
438 2445 578 2476 verbum
598 2445 781 2486 adscripsit
803 2445 893 2477 codi-

192 2495 239 2527 cis
260 2496 312 2527 sui
328 2506 395 2526 orae
414 2496 557 2536 Lipsius.
603 2496 706 2526 Error
729 2500 828 2527 natus
851 2505 893 2526 ex

188 2555 258 2578 non
283 2546 459 2578 intellecto
488 2547 590 2578 verbo
615 2547 794 2587 reliquerat,
820 2547 842 2577 i.
861 2556 892 2578 e.

191 2598 339 2638 reliquos
355 2597 418 2628 sibi
433 2607 506 2629 esse
523 2597 659 2628 siverat.
705 2596 793 2627 Vide
817 2606 894 2627 cum

191 2646 286 2686 alibi,
302 2651 374 2678 tum
396 2657 431 2678 v.
450 2651 501 2679 19.
525 2647 705 2678 ‘Dimissis
728 2646 896 2687 ampliori-

190 2696 254 2728 bus
277 2697 399 2739 copiis,
423 2699 557 2730 milibus
584 2698 724 2730 circiter
749 2707 784 2729 iv
809 2707 895 2729 esse-

193 2746 361 2779 dariorum
377 2748 538 2780 relictis:’
563 2748 623 2780 ubi
647 2749 751 2790 aliqui
777 2749 895 2790 legunt

192 2797 331 2830 retentis.
375 2799 421 2831 Et
443 2800 614 2841 relinquere
637 2799 785 2842 praesidio
818 2809 895 2831 cum

1527 226 1640 268 1371

942 331 1006 361 alio
1023 331 1150 361 Dativo
1167 332 1368 367 sexcenties,
1391 334 1428 361 ut
1452 331 1500 362 ita
1522 331 1642 373 dicam,

944 381 1049 410 utitur
1079 386 1202 412 noster.
1253 381 1377 411 Confer
1403 382 1498 412 dicta
1529 382 1569 412 ad
1600 384 1640 414 B.

943 429 1030 460 Gall.
1056 439 1079 460 1.
1103 434 1155 461 51.
1180 433 1188 448 ‘
1205 432 1370 462 Pra›si‹lio
1398 433 1547 473 utrisque
1572 441 1642 463 cas-

943 479 1015 517 tris,
1043 482 1130 520 quod
1160 481 1241 511 satis
1266 483 1369 512 visum
1398 488 1459 519 eet,
1485 483 1643 525 reliquit.’

943 529 1111 561 111111101110
1127 533 1227 571 paulo
1241 538 1315 572 post
1327 535 1335 549 ¹
1347 535 1440 573 ponti
1456 535 1642 577 castrisque

941 582 1098 612 cohortes
1119 582 1299 623 relinquit!

983 635 1002 663 2
1029 632 1122 671 Pons,
1136 633 1187 672 qui
1208 632 1320 669 suerat
1343 638 1523 673 tempestate
1546 635 1643 666 inter-

941 686 1062 723 ruptus,
1085 694 1178 724 neque
1194 688 1260 714 erat
1283 685 1435 721 refectus:
1457 686 1535 716 hunc
1556 690 1644 717 nocte

940 733 1046 774 perfici
1064 733 1178 773 jussit]
1217 734 1275 764 Est
1303 733 1520 772 ἀνακόλουθον,
1547 736 1640 774 leges

942 784 1029 814 enim
1047 784 1287 815 Grammaticae
1311 785 1496 824 postulant,
1525 791 1560 816 ut
1584 787 1642 816 vel

938 837 1061 873 pontem
1078 834 1174 865 initio
1191 839 1345 874 poneret,
1370 836 1422 865 vel
1439 835 1471 865 in
1487 835 1553 865 fine
1570 845 1643 867 ora·

943 885 1043 915 tionis
1074 885 1250 915 diceretur
1281 889 1370 916 noctu
1396 885 1506 927 perfici
1536 887 1642 925 ,inmun

941 937 997 964 est.
1067 935 1270 975 Hujusmodi
1315 940 1428 966 tamen
1475 936 1642 976 phrasewn

942 983 1111 1023 συγχύσεις
1137 995 1200 1016 11011
1229 985 1402 1026 refugiunt
1429 986 1506 1017 boni
1531 991 1644 1018 ancto-

942 1045 1007 1066 rcs.
1061 1036 1241 1067 TerentIus
1267 1036 1395 1076 Hecyr.
1426 1042 1491 1068 act.
1517 1045 1573 1069 111.
1595 1047 1642 1068 sc.

941 1088 972 1115 1.
999 1089 1030 1116 6.
1070 1086 1181 1116 ‘Nam
1206 1095 1261 1116 nos
1288 1095 1403 1124 omnes,
1432 1086 1551 1127 quibus
1591 1091 1645 1118 est

941 1135 1095 1166 alicunde
1113 1136 1231 1176 aliquis
1248 1136 1402 1175 objectus
1414 1136 1519 1176 labos,
1532 1136 1644 1169 Omne

941 1185 1031 1226 quod
1048 1189 1100 1215 cst
1121 1185 1252 1215 interea
1270 1190 1401 1225 tempus
1417 1196 1425 1224 ;
1447 1187 1643 1227 priusquam

941 1234 974 1265 id
1016 1235 1177 1266 rescitum
1207 1239 1272 1273 est,
1312 1236 1395 1265 lucro
1448 1236 1515 1266 est.'
1577 1237 1644 1267 Ubi

942 1286 1110 1324 Donatus,
1133 1285 1242 1323 ‘hac,’
1264 1285 1386 1326 inquit,
1410 1286 1419 1302 ‘
1436 1285 1544 1326 figura
1565 1296 1642 1317 usus

941 1341 993 1368 est
1009 1337 1110 1368 etiam
1121 1337 1252 1367 Tullius
1269 1347 1331 1376 pro
1347 1338 1525 1369 Muraena.'
1550 1338 1644 1369 Prae—

942 1390 996 1417 tor
1021 1396 1167 1427 quoquc,
1191 1395 1231 1416 ne
1259 1396 1294 1417 se
1322 1387 1475 1427 pulcrum
1499 1397 1538 1419 ac
1564 1387 1644 1418 bea-

942 1442 1013 1468 tum
1029 1442 1182 1477 putaret,
1203 1438 1232 1467 ei
1250 1446 1384 1478 qnoque
1405 1447 1540 1468 carmen
1555 1446 1646 1469 com-

942 1487 1087 1527 positum
1106 1493 1171 1518 est.
1219 1487 1306 1518 Nam
1332 1487 1388 1517 illc
1405 1487 1568 1518 Dativum
1591 1497 1645 1518 ca-

941 1547 1013 1567 sum
1037 1538 1194 1578 subjecit,
1217 1547 1293 1568 cum
1319 1537 1564 1578 praeposuisset
1588 1547 1646 1568 no-

940 1587 1149 1618 minativum.
1195 1586 1292 1618 Unde
1307 1592 1405 1627 patet
1421 1587 1547 1618 frustra
1558 1597 1645 1627 esse,

942 1642 980 1668 ut
1005 1638 1142 1678 passim,
1165 1647 1333 1668 morosum
1358 1638 1451 1668 illum
1476 1637 1644 1669 Criticum

943 1688 1000 1718 Fr.
1030 1688 1206 1728 Guietum,
1237 1689 1293 1729 qui
1323 1688 1475 1728 reposuit
1507 1687 1646 1719 amnibus

942 1749 1025 1779 nam,
1052 1739 1161 1779 quibus
1187 1742 1232 1770 est
1259 1739 1393 1777 aliunde,
1416 1741 1468 1778 &a
1519 1739 1645 1769 Similis

943 1789 1044 1820 etiam
1060 1783 1114 1820 'est
1138 1789 1298 1830 loquendi
1323 1789 1439 1820 modus
1463 1789 1554 1830 apud
1579 1790 1645 1820 Lu-

943 1849 1030 1878 cam,
1068 1839 1149 1871 Act.
1182 1839 1302 1880 Apost.
1327 1849 1393 1871 vu.
1415 1843 1469 1871 40.
1523 1840 1561 1870 ‘0
1582 1839 1643 1879 ’γὰρ

943 1891 1056 1927 Μωσῆς
1092 1887 1280 1921 οὗτος-οὐκ
1308 1891 1433 1928 οἴδαμεν
1459 1890 1490 1920 τὶ
1517 1889 1644 1929 ἐγένετο

943 1940 1034 1979 αὐτῷ.
1079 1941 1135 1972 Sic
1165 1945 1201 1971 et
1228 1941 1339 1973 Julius
1370 1941 1572 1982 Obsequens
1601 1941 1644 1972 de

942 1991 1082 2031 Prodig.
1107 2001 1136 2021 c.
1157 1993 1210 2022 56.
1232 1991 1241 2006 ‘
1257 1990 1380 2021 Didius
1403 1990 1528 2021 Laelius
1554 1991 1645 2031 lega-

942 2044 996 2070 tus
1024 2040 1378 2080 Pompeii-proxime
1409 2040 1577 2080 Pompeio
1609 2041 1645 2071 in

943 2090 1063 2121 castris
1079 2089 1223 2129 sedenti,
1240 2089 1409 2130 accipiter
1424 2099 1526 2130 supra
1542 2094 1646 2130 caput

942 2139 1160 2171 accesserat.'
1226 2140 1325 2180 Saepe
1367 2140 1416 2170 ita
1461 2139 1645 2180 loquuntur

942 2191 1104 2231 AElianus,
1137 2190 1263 2232 aliique
1298 2189 1482 2230 scriptores
1516 2189 1644 2220 Graeci.

942 2242 1055 2273 Dat-is.
1131 2241 1294 2273 Davisius
1355 2240 1646 2272 constructionem

942 2293 1028 2324 lianc
1043 2290 1251 2323 ἀνακόλουθον
1273 2292 1448 2333 appellat3
1471 2291 1646 2322 Gramma-

943 2343 1020 2374 ticae
1038 2343 1128 2374 enim
1152 2343 1244 2383 leges
1266 2342 1452 2382 postulare,
1475 2345 1513 2372 ut
1537 2340 1644 2381 scrip-

943 2393 1040 2424 sisset
1055 2394 1183 2433 Caesar,
1204 2394 1333 2424 Pontem
1346 2393 1411 2433 qui,
1430 2393 1483 2431 850.
1528 2391 1644 2433 Atque

943 2443 1106 2475 orationis
1142 2443 1289 2485 quidem,
1333 2452 1432 2484 quam
1467 2446 1645 2481 memorat,

942 2494 1162 2535 ἆνακολούθου,
1181 2498 1366 2526 occurrunt
1381 2503 1462 2524 sane
1482 2492 1572 2532 apud
1589 2491 1646 2522 bo-

944 2555 1004 2577 nos
1025 2545 1208 2584 Auctores,
1229 2549 1332 2586 atque
1355 2544 1459 2575 etiam
1482 2541 1572 2582 apud
1595 2541 1646 2582 ip-

944 2606 1017 2627 sum
1054 2597 1236 2637 Caesarem,
1277 2595 1433 2635 exempla
1474 2593 1645 2624 nonnulla.

945 2646 1071 2677 Verum
1093 2646 1160 2678 ista
1176 2645 1369 2678 observatio
1394 2644 1505 2674 locum
1528 2642 1582 2673 1110
1605 2647 1645 2674 ut

944 2695 1083 2737 habeat,
1110 2696 1192 2727 nihil
1222 2705 1304 2735 opus
1333 2697 1395 2724 est.
1448 2694 1524 2724 Vox
1554 2693 1645 2724 enim

946 2745 1031 2777 Pons
1045 2756 1112 2777 non
1130 2744 1323 2779 necessario
1341 2742 1489 2775 refertur
1504 2743 1547 2775 ad
1565 2744 1646 2775 hunc

942 2796 1051 2838 perfici
1064 2797 1174 2837 jussit,
1191 2795 1251 2828 sed
1267 2794 1425 2836 conjungi
1441 2798 1554 2836 potest
1567 2804 1644 2826 cum
