<?xml version="1.0" encoding="UTF-8"?>
<!DOCTYPE html PUBLIC "-//W3C//DTD XHTML 1.0 Transitional//EN"
    "http://www.w3.org/TR/xhtml1/DTD/xhtml1-transitional.dtd">
<html xmlns="http://www.w3.org/1999/xhtml" xml:lang="en" lang="en">
 <head>
  <title>
</title>
<meta http-equiv="Content-Type" content="text/html;charset=utf-8" />
  <meta name='ocr-system' content='tesseract 3.04.00' />
  <meta name='ocr-capabilities' content='ocr_page ocr_carea ocr_par ocr_line ocrx_word'/>
</head>
<body>
  <div class='ocr_page' id='page_1' title='image "./operaomniaexedit03caesuoft/operaomniaexedit03caesuoft_0336.png"; bbox 0 0 1818 3131; ppageno 0'>
   <div class='ocr_carea' id='block_1_1' title="bbox 235 204 348 246">
    <p class='ocr_par' dir='ltr' id='par_1_1' title="bbox 235 204 348 246">
     <span class='ocr_line' id='line_1_1' title="bbox 235 204 348 246; baseline 0 0"><span class='ocrx_word' id='word_1_1' title='bbox 235 204 348 246; x_wconf 79' lang='lat'>1256</span> 
     </span>
    </p>
   </div>
   <div class='ocr_carea' id='block_1_2' title="bbox 230 305 947 2816">
    <p class='ocr_par' dir='ltr' id='par_1_2' title="bbox 230 305 941 1301">
     <span class='ocr_line' id='line_1_2' title="bbox 280 305 933 348; baseline -0.005 -7"><span class='ocrx_word' id='word_1_2' title='bbox 280 313 319 342; x_wconf 83' lang='lat'>18</span> <span class='ocrx_word' id='word_1_3' title='bbox 346 311 428 341; x_wconf 82' lang='lat' dir='ltr'>Nam</span> <span class='ocrx_word' id='word_1_4' title='bbox 456 309 538 348; x_wconf 80' lang='lat' dir='ltr'>apud</span> <span class='ocrx_word' id='word_1_5' title='bbox 566 317 612 337; x_wconf 87' lang='lat' dir='ltr'>me</span> <span class='ocrx_word' id='word_1_6' title='bbox 639 307 785 348; x_wconf 61' lang='lat' dir='ltr'>musteum]</span> <span class='ocrx_word' id='word_1_7' title='bbox 825 305 933 338; x_wconf 79' lang='lat' dir='ltr'>Iidem</span> 
     </span>
     <span class='ocr_line' id='line_1_3' title="bbox 237 357 933 397; baseline -0.004 -6"><span class='ocrx_word' id='word_1_8' title='bbox 237 360 319 391; x_wconf 83' lang='lat' dir='ltr'>Mss.</span> <span class='ocrx_word' id='word_1_9' title='bbox 335 365 370 389; x_wconf 87' lang='lat' dir='ltr'>et</span> <span class='ocrx_word' id='word_1_10' title='bbox 400 358 487 389; x_wconf 74' lang='lat' dir='ltr'>Edu.</span> <span class='ocrx_word' id='word_1_11' title='bbox 505 358 600 388; x_wconf 79' lang='lat' dir='ltr'>Vett.</span> <span class='ocrx_word' id='word_1_12' title='bbox 623 357 774 388; x_wconf 82' lang='lat' dir='ltr'>&#39;rantum</span> <span class='ocrx_word' id='word_1_13' title='bbox 788 359 870 397; x_wconf 73' lang='lat' dir='ltr'>apud</span> <span class='ocrx_word' id='word_1_14' title='bbox 885 367 933 388; x_wconf 77' lang='lat' dir='ltr'>me</span> 
     </span>
     <span class='ocr_line' id='line_1_4' title="bbox 235 407 932 447; baseline -0.004 -6"><span class='ocrx_word' id='word_1_15' title='bbox 235 410 396 447; x_wconf 70' lang='lat' dir='ltr'>dignitas.-</span> <span class='ocrx_word' id='word_1_16' title='bbox 457 407 600 438; x_wconf 75' lang='lat' dir='ltr'>Gra-cus</span> <span class='ocrx_word' id='word_1_17' title='bbox 642 408 724 438; x_wconf 86' lang='lat' dir='ltr'>item</span> <span class='ocrx_word' id='word_1_18' title='bbox 772 407 932 439; x_wconf 66' lang='grc' dir='ltr'><strong>τοσοῦτον.</strong></span> 
     </span>
     <span class='ocr_line' id='line_1_5' title="bbox 239 459 935 490; baseline 0 0"><span class='ocrx_word' id='word_1_19' title='bbox 239 461 345 490; x_wconf 64' lang='grc' dir='ltr'>(ἺιινΙτ.</span> <span class='ocrx_word' id='word_1_20' title='bbox 382 459 534 490; x_wconf 72' lang='lat' dir='ltr'>Maxima</span> <span class='ocrx_word' id='word_1_21' title='bbox 552 459 720 490; x_wconf 85' lang='lat' dir='ltr'>Mstorum</span> <span class='ocrx_word' id='word_1_22' title='bbox 739 459 838 490; x_wconf 81' lang='lat' dir='ltr'>turba</span> <span class='ocrx_word' id='word_1_23' title='bbox 857 459 935 490; x_wconf 77' lang='lat' dir='ltr'>Tun-</span> 
     </span>
     <span class='ocr_line' id='line_1_6' title="bbox 231 509 935 549; baseline 0.001 -10"><span class='ocrx_word' id='word_1_24' title='bbox 231 514 301 540; x_wconf 63' lang='lat' dir='ltr'>rum</span> <span class='ocrx_word' id='word_1_25' title='bbox 316 509 478 540; x_wconf 82' lang='lat' dir='ltr'><strong>exhibent</strong></span> <span class='ocrx_word' id='word_1_26' title='bbox 499 509 570 540; x_wconf 84' lang='lat' dir='ltr'>sine</span> <span class='ocrx_word' id='word_1_27' title='bbox 585 519 666 540; x_wconf 79' lang='lat' dir='ltr'>nam.</span> <span class='ocrx_word' id='word_1_28' title='bbox 714 509 797 540; x_wconf 87' lang='lat' dir='ltr'>Cum</span> <span class='ocrx_word' id='word_1_29' title='bbox 821 509 935 549; x_wconf 82' lang='lat' dir='ltr'>vulga·</span> 
     </span>
     <span class='ocr_line' id='line_1_7' title="bbox 237 557 936 590; baseline -0.001 0"><span class='ocrx_word' id='word_1_30' title='bbox 237 559 281 590; x_wconf 85' lang='lat' dir='ltr'>tis</span> <span class='ocrx_word' id='word_1_31' title='bbox 301 558 432 589; x_wconf 77' lang='lat' dir='ltr'>faciunt</span> <span class='ocrx_word' id='word_1_32' title='bbox 448 557 536 589; x_wconf 78' lang='lat' dir='ltr'>And.</span> <span class='ocrx_word' id='word_1_33' title='bbox 563 565 597 590; x_wconf 87' lang='lat' dir='ltr'>et</span> <span class='ocrx_word' id='word_1_34' title='bbox 621 559 733 590; x_wconf 89' lang='lat' dir='ltr'>Oxon.</span> <span class='ocrx_word' id='word_1_35' title='bbox 779 559 846 590; x_wconf 83' lang='lat' dir='ltr'>Sed</span> <span class='ocrx_word' id='word_1_36' title='bbox 871 560 936 590; x_wconf 90' lang='lat' dir='ltr'>Cu-</span> 
     </span>
     <span class='ocr_line' id='line_1_8' title="bbox 230 609 935 650; baseline 0 -11"><span class='ocrx_word' id='word_1_37' title='bbox 230 609 301 649; x_wconf 79' lang='lat' dir='ltr'>jac.</span> <span class='ocrx_word' id='word_1_38' title='bbox 316 609 439 649; x_wconf 81' lang='lat' dir='ltr'>Scalig.</span> <span class='ocrx_word' id='word_1_39' title='bbox 461 614 497 640; x_wconf 79' lang='lat' dir='ltr'>et</span> <span class='ocrx_word' id='word_1_40' title='bbox 512 609 609 641; x_wconf 85' lang='lat' dir='ltr'>Leid.</span> <span class='ocrx_word' id='word_1_41' title='bbox 626 611 721 650; x_wconf 85' lang='lat' dir='ltr'>prim.</span> <span class='ocrx_word' id='word_1_42' title='bbox 743 619 815 641; x_wconf 83' lang='lat' dir='ltr'>nam</span> <span class='ocrx_word' id='word_1_43' title='bbox 840 620 869 640; x_wconf 88' lang='lat' dir='ltr'>u.</span> <span class='ocrx_word' id='word_1_44' title='bbox 894 619 935 640; x_wconf 90' lang='lat' dir='ltr'>m.</span> 
     </span>
     <span class='ocr_line' id='line_1_9' title="bbox 238 659 935 699; baseline 0 -10"><span class='ocrx_word' id='word_1_45' title='bbox 238 662 359 690; x_wconf 75' lang='lat' dir='ltr'>tantum</span> <span class='ocrx_word' id='word_1_46' title='bbox 387 661 418 690; x_wconf 82' lang='lat' dir='ltr'>d.</span> <span class='ocrx_word' id='word_1_47' title='bbox 444 662 558 699; x_wconf 77' lang='lat' dir='ltr'>potest.</span> <span class='ocrx_word' id='word_1_48' title='bbox 612 660 690 691; x_wconf 82' lang='lat' dir='ltr'>Sine</span> <span class='ocrx_word' id='word_1_49' title='bbox 718 659 822 690; x_wconf 88' lang='lat' dir='ltr'>dubio</span> <span class='ocrx_word' id='word_1_50' title='bbox 845 668 935 689; x_wconf 84' lang='lat' dir='ltr'>vere.</span> 
     </span>
     <span class='ocr_line' id='line_1_10' title="bbox 239 709 938 748; baseline -0.001 -9"><span class='ocrx_word' id='word_1_51' title='bbox 239 709 291 739; x_wconf 85' lang='lat' dir='ltr'>Ex</span> <span class='ocrx_word' id='word_1_52' title='bbox 307 710 370 739; x_wconf 87' lang='lat' dir='ltr'>hac</span> <span class='ocrx_word' id='word_1_53' title='bbox 387 710 473 739; x_wconf 83' lang='lat' dir='ltr'>enim</span> <span class='ocrx_word' id='word_1_54' title='bbox 497 710 643 741; x_wconf 88' lang='lat' dir='ltr'>lectione</span> <span class='ocrx_word' id='word_1_55' title='bbox 666 710 724 740; x_wconf 90' lang='lat' dir='ltr'>alii</span> <span class='ocrx_word' id='word_1_56' title='bbox 744 719 814 739; x_wconf 86' lang='lat' dir='ltr'>nam</span> <span class='ocrx_word' id='word_1_57' title='bbox 831 709 938 748; x_wconf 78' lang='lat' dir='ltr'>ejece·</span> 
     </span>
     <span class='ocr_line' id='line_1_11' title="bbox 239 757 938 800; baseline -0.004 -10"><span class='ocrx_word' id='word_1_58' title='bbox 239 764 331 799; x_wconf 85' lang='lat' dir='ltr'>runt,</span> <span class='ocrx_word' id='word_1_59' title='bbox 363 760 419 791; x_wconf 87' lang='lat' dir='ltr'>alii</span> <span class='ocrx_word' id='word_1_60' title='bbox 443 760 571 790; x_wconf 79' lang='lat' dir='ltr'>multum</span> <span class='ocrx_word' id='word_1_61' title='bbox 597 769 656 800; x_wconf 85' lang='lat' dir='ltr'>pro</span> <span class='ocrx_word' id='word_1_62' title='bbox 683 762 804 789; x_wconf 76' lang='lat' dir='ltr'>tantum</span> <span class='ocrx_word' id='word_1_63' title='bbox 832 757 938 788; x_wconf 83' lang='lat' dir='ltr'>finxe-</span> 
     </span>
     <span class='ocr_line' id='line_1_12' title="bbox 240 809 941 848; baseline -0.004 -7"><span class='ocrx_word' id='word_1_64' title='bbox 240 815 329 842; x_wconf 87' lang='lat' dir='ltr'>rnnt.</span> <span class='ocrx_word' id='word_1_65' title='bbox 347 810 408 841; x_wconf 87' lang='lat' dir='ltr'>Gr.</span> <span class='ocrx_word' id='word_1_66' title='bbox 433 811 582 841; x_wconf 78' lang='grc' dir='ltr'>τοσοῦτον</span> <span class='ocrx_word' id='word_1_67' title='bbox 608 810 668 848; x_wconf 76' lang='grc' dir='ltr'>’γὰρ</span> <span class='ocrx_word' id='word_1_68' title='bbox 694 818 725 839; x_wconf 66' lang='lat' dir='ltr'>v.</span> <span class='ocrx_word' id='word_1_69' title='bbox 746 811 800 839; x_wconf 73' lang='lat'>54.</span> <span class='ocrx_word' id='word_1_70' title='bbox 831 809 840 824; x_wconf 90' lang='lat'>‘</span> <span class='ocrx_word' id='word_1_71' title='bbox 855 809 941 838; x_wconf 85' lang='lat' dir='ltr'>Tan·</span> 
     </span>
     <span class='ocr_line' id='line_1_13' title="bbox 240 858 940 901; baseline -0.004 -10"><span class='ocrx_word' id='word_1_72' title='bbox 240 866 309 892; x_wconf 87' lang='lat' dir='ltr'>tum</span> <span class='ocrx_word' id='word_1_73' title='bbox 326 861 416 901; x_wconf 81' lang='lat' dir='ltr'>apud</span> <span class='ocrx_word' id='word_1_74' title='bbox 433 860 592 891; x_wconf 85' lang='lat' dir='ltr'>barbaros</span> <span class='ocrx_word' id='word_1_75' title='bbox 614 858 738 890; x_wconf 69' lang='lat' dir='ltr'>valuit!</span> <span class='ocrx_word' id='word_1_76' title='bbox 783 858 839 889; x_wconf 83' lang='lat' dir='ltr'>Ita</span> <span class='ocrx_word' id='word_1_77' title='bbox 859 868 940 899; x_wconf 89' lang='lat' dir='ltr'>quo-</span> 
     </span>
     <span class='ocr_line' id='line_1_14' title="bbox 241 908 939 951; baseline -0.003 -10"><span class='ocrx_word' id='word_1_78' title='bbox 241 920 308 951; x_wconf 84' lang='lat' dir='ltr'>que</span> <span class='ocrx_word' id='word_1_79' title='bbox 327 911 405 941; x_wconf 85' lang='lat' dir='ltr'>Tam</span> <span class='ocrx_word' id='word_1_80' title='bbox 419 911 565 949; x_wconf 88' lang='lat' dir='ltr'>ponitur.</span> <span class='ocrx_word' id='word_1_81' title='bbox 587 910 628 940; x_wconf 67' lang='lat' dir='ltr'>V.</span> <span class='ocrx_word' id='word_1_82' title='bbox 645 909 686 939; x_wconf 83' lang='lat' dir='ltr'>ad</span> <span class='ocrx_word' id='word_1_83' title='bbox 705 908 828 939; x_wconf 77' lang='lat' dir='ltr'>B.Civ.</span> <span class='ocrx_word' id='word_1_84' title='bbox 843 917 869 939; x_wconf 87' lang='lat'>1.</span> <span class='ocrx_word' id='word_1_85' title='bbox 883 911 939 939; x_wconf 78' lang='grc'>47.</span> 
     </span>
     <span class='ocr_line' id='line_1_15' title="bbox 239 958 939 999; baseline -0.003 -8"><span class='ocrx_word' id='word_1_86' title='bbox 239 960 316 991; x_wconf 86' lang='lat' dir='ltr'>Nec</span> <span class='ocrx_word' id='word_1_87' title='bbox 333 959 421 990; x_wconf 87' lang='lat' dir='ltr'>enim</span> <span class='ocrx_word' id='word_1_88' title='bbox 439 959 504 998; x_wconf 87' lang='lat' dir='ltr'>hic,</span> <span class='ocrx_word' id='word_1_89' title='bbox 531 958 643 997; x_wconf 83' lang='lat' dir='ltr'>credo,</span> <span class='ocrx_word' id='word_1_90' title='bbox 672 968 731 989; x_wconf 87' lang='lat' dir='ltr'>usu</span> <span class='ocrx_word' id='word_1_91' title='bbox 749 959 865 990; x_wconf 85' lang='lat' dir='ltr'>venire</span> <span class='ocrx_word' id='word_1_92' title='bbox 883 967 939 999; x_wconf 87' lang='lat' dir='ltr'>po-</span> 
     </span>
     <span class='ocr_line' id='line_1_16' title="bbox 240 1009 941 1047; baseline -0.003 -6"><span class='ocrx_word' id='word_1_93' title='bbox 240 1014 308 1041; x_wconf 82' lang='lat' dir='ltr'>test</span> <span class='ocrx_word' id='word_1_94' title='bbox 336 1010 462 1041; x_wconf 91' lang='lat' dir='ltr'>locutio</span> <span class='ocrx_word' id='word_1_95' title='bbox 487 1010 552 1040; x_wconf 85' lang='lat' dir='ltr'>ista</span> <span class='ocrx_word' id='word_1_96' title='bbox 576 1012 696 1040; x_wconf 75' lang='lat' dir='ltr'>tantum</span> <span class='ocrx_word' id='word_1_97' title='bbox 717 1018 788 1047; x_wconf 81' lang='lat' dir='ltr'>non,</span> <span class='ocrx_word' id='word_1_98' title='bbox 815 1009 849 1039; x_wconf 86' lang='lat' dir='ltr'>id</span> <span class='ocrx_word' id='word_1_99' title='bbox 875 1012 941 1047; x_wconf 83' lang='lat' dir='ltr'>est,</span> 
     </span>
     <span class='ocr_line' id='line_1_17' title="bbox 239 1058 939 1100; baseline 0 -10"><span class='ocrx_word' id='word_1_100' title='bbox 239 1058 312 1091; x_wconf 83' lang='lat' dir='ltr'>fere</span> <span class='ocrx_word' id='word_1_101' title='bbox 330 1059 584 1100; x_wconf 81' lang='lat' dir='ltr'>propemodum.</span> <span class='ocrx_word' id='word_1_102' title='bbox 624 1059 679 1090; x_wconf 87' lang='lat' dir='ltr'>De</span> <span class='ocrx_word' id='word_1_103' title='bbox 696 1069 762 1100; x_wconf 88' lang='lat' dir='ltr'>qua</span> <span class='ocrx_word' id='word_1_104' title='bbox 776 1059 830 1089; x_wconf 82' lang='lat' dir='ltr'>adi</span> <span class='ocrx_word' id='word_1_105' title='bbox 849 1059 939 1090; x_wconf 84' lang='lat' dir='ltr'>Clar.</span> 
     </span>
     <span class='ocr_line' id='line_1_18' title="bbox 241 1109 938 1142; baseline -0.001 -2"><span class='ocrx_word' id='word_1_106' title='bbox 241 1110 353 1141; x_wconf 78' lang='lat' dir='ltr'>Drak.</span> <span class='ocrx_word' id='word_1_107' title='bbox 386 1110 427 1141; x_wconf 86' lang='lat' dir='ltr'>ad</span> <span class='ocrx_word' id='word_1_108' title='bbox 456 1109 530 1142; x_wconf 90' lang='lat' dir='ltr'>Liv.</span> <span class='ocrx_word' id='word_1_109' title='bbox 559 1119 607 1141; x_wconf 79' lang='lat' dir='ltr'>iv.</span> <span class='ocrx_word' id='word_1_110' title='bbox 635 1113 688 1140; x_wconf 84' lang='lat'>2.:</span> <span class='ocrx_word' id='word_1_111' title='bbox 727 1114 763 1140; x_wconf 88' lang='lat' dir='ltr'>et</span> <span class='ocrx_word' id='word_1_112' title='bbox 788 1109 938 1141; x_wconf 79' lang='lat' dir='ltr'>Iudicem</span> 
     </span>
     <span class='ocr_line' id='line_1_19' title="bbox 240 1160 937 1191; baseline -0.001 -1"><span class='ocrx_word' id='word_1_113' title='bbox 240 1160 332 1191; x_wconf 84' lang='lat' dir='ltr'>Flori</span> <span class='ocrx_word' id='word_1_114' title='bbox 352 1170 359 1189; x_wconf 94' lang='lat'>:</span> <span class='ocrx_word' id='word_1_115' title='bbox 399 1170 439 1191; x_wconf 84' lang='lat' dir='ltr'>ac</span> <span class='ocrx_word' id='word_1_116' title='bbox 473 1161 581 1191; x_wconf 80' lang='lat' dir='ltr'>soceri</span> <span class='ocrx_word' id='word_1_117' title='bbox 619 1165 716 1191; x_wconf 88' lang='lat' dir='ltr'>notas</span> <span class='ocrx_word' id='word_1_118' title='bbox 746 1160 788 1190; x_wconf 83' lang='lat' dir='ltr'>ad</span> <span class='ocrx_word' id='word_1_119' title='bbox 824 1161 937 1190; x_wconf 86' lang='lat' dir='ltr'>Valer.</span> 
     </span>
     <span class='ocr_line' id='line_1_20' title="bbox 240 1210 938 1250; baseline 0 -10"><span class='ocrx_word' id='word_1_120' title='bbox 240 1210 382 1241; x_wconf 81' lang='lat' dir='ltr'>Maxim.</span> <span class='ocrx_word' id='word_1_121' title='bbox 406 1219 430 1241; x_wconf 89' lang='lat'>1.</span> <span class='ocrx_word' id='word_1_122' title='bbox 445 1213 475 1241; x_wconf 86' lang='grc'>8.</span> <span class='ocrx_word' id='word_1_123' title='bbox 493 1211 509 1250; x_wconf 56' lang='grc' dir='ltr'>ξ</span> <span class='ocrx_word' id='word_1_124' title='bbox 534 1213 584 1241; x_wconf 91' lang='grc'>10.</span> <span class='ocrx_word' id='word_1_125' title='bbox 607 1210 769 1241; x_wconf 81' lang='lat' dir='ltr'>‘Tantum</span> <span class='ocrx_word' id='word_1_126' title='bbox 789 1218 853 1240; x_wconf 91' lang='lat' dir='ltr'>non</span> <span class='ocrx_word' id='word_1_127' title='bbox 881 1219 938 1240; x_wconf 87' lang='lat' dir='ltr'>ore</span> 
     </span>
     <span class='ocr_line' id='line_1_21' title="bbox 242 1260 917 1301; baseline -0.001 -10"><span class='ocrx_word' id='word_1_128' title='bbox 242 1261 347 1301; x_wconf 71' lang='lat' dir='ltr'>ipsius</span> <span class='ocrx_word' id='word_1_129' title='bbox 364 1261 529 1301; x_wconf 75' lang='lat' dir='ltr'>Apollinis</span> <span class='ocrx_word' id='word_1_130' title='bbox 544 1260 562 1291; x_wconf 88' lang='lat'>:’</span> <span class='ocrx_word' id='word_1_131' title='bbox 587 1266 620 1290; x_wconf 85' lang='lat' dir='ltr'>ct</span> <span class='ocrx_word' id='word_1_132' title='bbox 639 1269 694 1290; x_wconf 91' lang='grc'><strong>111.</strong></span> <span class='ocrx_word' id='word_1_133' title='bbox 712 1263 742 1291; x_wconf 86' lang='grc'>2.</span> <span class='ocrx_word' id='word_1_134' title='bbox 757 1261 773 1300; x_wconf 53' lang='grc' dir='ltr'>ᾧ</span> <span class='ocrx_word' id='word_1_135' title='bbox 789 1264 820 1291; x_wconf 68' lang='lat'>4.</span> <span class='ocrx_word' id='word_1_136' title='bbox 841 1261 917 1290; x_wconf 84' lang='lat' dir='ltr'>Ext.</span> 
     </span>
    </p>

    <p class='ocr_par' dir='ltr' id='par_1_3' title="bbox 241 1309 941 1550">
     <span class='ocr_line' id='line_1_22' title="bbox 284 1309 937 1350; baseline -0.005 -8"><span class='ocrx_word' id='word_1_137' title='bbox 284 1314 326 1342; x_wconf 81' lang='lat'>22</span> <span class='ocrx_word' id='word_1_138' title='bbox 350 1311 593 1350; x_wconf 57' lang='lat' dir='ltr'>concitavimus]</span> <span class='ocrx_word' id='word_1_139' title='bbox 626 1310 833 1341; x_wconf 74' lang='lat' dir='ltr'>Petavianus</span> <span class='ocrx_word' id='word_1_140' title='bbox 854 1309 937 1340; x_wconf 79' lang='lat' dir='ltr'>Cod.</span> 
     </span>
     <span class='ocr_line' id='line_1_23' title="bbox 243 1359 939 1399; baseline -0.004 -8"><span class='ocrx_word' id='word_1_141' title='bbox 243 1361 448 1391; x_wconf 77' lang='lat' dir='ltr'>Concirimus.</span> <span class='ocrx_word' id='word_1_142' title='bbox 494 1359 639 1399; x_wconf 81' lang='lat' dir='ltr'>Proprie</span> <span class='ocrx_word' id='word_1_143' title='bbox 656 1368 736 1389; x_wconf 75' lang='lat' dir='ltr'>sane</span> <span class='ocrx_word' id='word_1_144' title='bbox 759 1359 821 1388; x_wconf 76' lang='lat' dir='ltr'>lia(-</span> <span class='ocrx_word' id='word_1_145' title='bbox 846 1359 878 1388; x_wconf 93' lang='lat' dir='ltr'>in</span> <span class='ocrx_word' id='word_1_146' title='bbox 903 1367 939 1388; x_wconf 82' lang='lat' dir='ltr'>re</span> 
     </span>
     <span class='ocr_line' id='line_1_24' title="bbox 241 1408 940 1449; baseline -0.004 -8"><span class='ocrx_word' id='word_1_147' title='bbox 241 1416 278 1441; x_wconf 85' lang='lat' dir='ltr'>et</span> <span class='ocrx_word' id='word_1_148' title='bbox 305 1411 498 1449; x_wconf 79' lang='lat' dir='ltr'>eleganter:</span> <span class='ocrx_word' id='word_1_149' title='bbox 546 1409 634 1449; x_wconf 85' lang='lat' dir='ltr'>quod</span> <span class='ocrx_word' id='word_1_150' title='bbox 668 1417 758 1448; x_wconf 62' lang='lat' dir='ltr'>sa‘pe</span> <span class='ocrx_word' id='word_1_151' title='bbox 793 1408 877 1439; x_wconf 83' lang='lat' dir='ltr'>abiit</span> <span class='ocrx_word' id='word_1_152' title='bbox 908 1408 940 1438; x_wconf 89' lang='lat' dir='ltr'>in</span> 
     </span>
     <span class='ocr_line' id='line_1_25' title="bbox 241 1458 941 1491; baseline -0.004 0"><span class='ocrx_word' id='word_1_153' title='bbox 241 1461 406 1491; x_wconf 78' lang='lat' dir='ltr'>concitare.</span> <span class='ocrx_word' id='word_1_154' title='bbox 452 1459 577 1490; x_wconf 84' lang='lat' dir='ltr'>Conl&#39;er</span> <span class='ocrx_word' id='word_1_155' title='bbox 593 1463 710 1489; x_wconf 82' lang='lat' dir='ltr'>notata</span> <span class='ocrx_word' id='word_1_156' title='bbox 726 1459 768 1489; x_wconf 84' lang='lat' dir='ltr'>ad</span> <span class='ocrx_word' id='word_1_157' title='bbox 791 1458 941 1489; x_wconf 84' lang='lat' dir='ltr'>Frontin.</span> 
     </span>
     <span class='ocr_line' id='line_1_26' title="bbox 243 1510 699 1550; baseline -0.004 -9"><span class='ocrx_word' id='word_1_158' title='bbox 243 1519 267 1541; x_wconf 93' lang='grc'>1.</span> <span class='ocrx_word' id='word_1_159' title='bbox 287 1513 337 1541; x_wconf 90' lang='grc'>11.</span> <span class='ocrx_word' id='word_1_160' title='bbox 355 1511 371 1550; x_wconf 59' lang='grc' dir='ltr'>ς</span> <span class='ocrx_word' id='word_1_161' title='bbox 388 1512 418 1541; x_wconf 79' lang='grc'>3.</span> <span class='ocrx_word' id='word_1_162' title='bbox 436 1510 528 1540; x_wconf 81' lang='lat' dir='ltr'>etad</span> <span class='ocrx_word' id='word_1_163' title='bbox 548 1513 699 1541; x_wconf 81' lang='lat' dir='ltr'>v111.2l.</span> 
     </span>
    </p>

    <p class='ocr_par' dir='ltr' id='par_1_4' title="bbox 242 1558 945 2153">
     <span class='ocr_line' id='line_1_27' title="bbox 288 1558 942 1600; baseline -0.003 -9"><span class='ocrx_word' id='word_1_164' title='bbox 288 1561 475 1600; x_wconf 81' lang='lat' dir='ltr'><strong><em>Hominum]</em></strong></span> <span class='ocrx_word' id='word_1_165' title='bbox 503 1560 613 1599; x_wconf 82' lang='lat' dir='ltr'>Bong.</span> <span class='ocrx_word' id='word_1_166' title='bbox 631 1569 681 1599; x_wconf 86' lang='lat' dir='ltr'>pr.</span> <span class='ocrx_word' id='word_1_167' title='bbox 694 1559 791 1589; x_wconf 77' lang='lat' dir='ltr'>Voss.</span> <span class='ocrx_word' id='word_1_168' title='bbox 807 1568 859 1599; x_wconf 78' lang='lat' dir='ltr'>pr.</span> <span class='ocrx_word' id='word_1_169' title='bbox 877 1558 942 1589; x_wconf 84' lang='lat' dir='ltr'>Pe-</span> 
     </span>
     <span class='ocr_line' id='line_1_28' title="bbox 243 1609 943 1651; baseline -0.004 -9"><span class='ocrx_word' id='word_1_170' title='bbox 243 1617 313 1643; x_wconf 84' lang='lat' dir='ltr'>tav.</span> <span class='ocrx_word' id='word_1_171' title='bbox 344 1612 438 1642; x_wconf 86' lang='lat' dir='ltr'>Leid.</span> <span class='ocrx_word' id='word_1_172' title='bbox 479 1621 527 1651; x_wconf 89' lang='lat' dir='ltr'>pr.</span> <span class='ocrx_word' id='word_1_173' title='bbox 559 1609 725 1650; x_wconf 75' lang='lat' dir='ltr'>Egmund.</span> <span class='ocrx_word' id='word_1_174' title='bbox 756 1610 882 1639; x_wconf 88' lang='lat' dir='ltr'>Lovan.</span> <span class='ocrx_word' id='word_1_175' title='bbox 908 1613 943 1640; x_wconf 89' lang='lat' dir='ltr'>et</span> 
     </span>
     <span class='ocr_line' id='line_1_29' title="bbox 243 1660 943 1705; baseline -0.004 -12"><span class='ocrx_word' id='word_1_176' title='bbox 243 1667 389 1705; x_wconf 85' lang='lat' dir='ltr'>quatuor</span> <span class='ocrx_word' id='word_1_177' title='bbox 410 1662 467 1693; x_wconf 86' lang='lat' dir='ltr'>alii</span> <span class='ocrx_word' id='word_1_178' title='bbox 497 1672 573 1694; x_wconf 89' lang='lat' dir='ltr'>cum</span> <span class='ocrx_word' id='word_1_179' title='bbox 599 1662 660 1692; x_wconf 64' lang='lat' dir='ltr'>led.</span> <span class='ocrx_word' id='word_1_180' title='bbox 683 1661 755 1692; x_wconf 77' lang='lat' dir='ltr'>Ine.</span> <span class='ocrx_word' id='word_1_181' title='bbox 789 1661 826 1691; x_wconf 86' lang='lat' dir='ltr'>In</span> <span class='ocrx_word' id='word_1_182' title='bbox 849 1660 943 1691; x_wconf 78' lang='lat' dir='ltr'>homi-</span> 
     </span>
     <span class='ocr_line' id='line_1_30' title="bbox 242 1714 945 1754; baseline -0.006 -9"><span class='ocrx_word' id='word_1_183' title='bbox 242 1724 326 1746; x_wconf 82' lang='lat' dir='ltr'>num.</span> <span class='ocrx_word' id='word_1_184' title='bbox 372 1714 419 1745; x_wconf 76' lang='lat' dir='ltr'>Ut</span> <span class='ocrx_word' id='word_1_185' title='bbox 441 1718 586 1754; x_wconf 82' lang='lat' dir='ltr'>ponatur</span> <span class='ocrx_word' id='word_1_186' title='bbox 602 1723 662 1753; x_wconf 90' lang='lat' dir='ltr'>pro</span> <span class='ocrx_word' id='word_1_187' title='bbox 679 1721 770 1752; x_wconf 78' lang='lat' dir='ltr'>erga,</span> <span class='ocrx_word' id='word_1_188' title='bbox 792 1715 945 1752; x_wconf 84' lang='lat' dir='ltr'>propter,</span> 
     </span>
     <span class='ocr_line' id='line_1_31' title="bbox 245 1763 944 1799; baseline -0.007 -3"><span class='ocrx_word' id='word_1_189' title='bbox 245 1766 334 1797; x_wconf 87' lang='lat' dir='ltr'>circa</span> <span class='ocrx_word' id='word_1_190' title='bbox 361 1774 418 1795; x_wconf 78' lang='lat' dir='ltr'>eos</span> <span class='ocrx_word' id='word_1_191' title='bbox 441 1768 591 1795; x_wconf 82' lang='lat' dir='ltr'>mortuos</span> <span class='ocrx_word' id='word_1_192' title='bbox 617 1763 663 1794; x_wconf 85' lang='lat' dir='ltr'>ita</span> <span class='ocrx_word' id='word_1_193' title='bbox 687 1763 884 1799; x_wconf 84' lang='lat' dir='ltr'>animatum,</span> <span class='ocrx_word' id='word_1_194' title='bbox 908 1766 944 1791; x_wconf 88' lang='lat' dir='ltr'>et</span> 
     </span>
     <span class='ocr_line' id='line_1_32' title="bbox 246 1812 942 1847; baseline -0.009 0"><span class='ocrx_word' id='word_1_195' title='bbox 246 1816 288 1847; x_wconf 80' lang='lat' dir='ltr'>ob</span> <span class='ocrx_word' id='word_1_196' title='bbox 306 1816 436 1846; x_wconf 73' lang='lat' dir='ltr'>coedem</span> <span class='ocrx_word' id='word_1_197' title='bbox 458 1813 696 1845; x_wconf 81' lang='lat' dir='ltr'>inflammatum</span> <span class='ocrx_word' id='word_1_198' title='bbox 717 1821 801 1844; x_wconf 84' lang='lat' dir='ltr'>esse.</span> <span class='ocrx_word' id='word_1_199' title='bbox 840 1812 942 1842; x_wconf 78' lang='lat' dir='ltr'>Certe</span> 
     </span>
     <span class='ocr_line' id='line_1_33' title="bbox 245 1860 943 1905; baseline -0.009 -9"><span class='ocrx_word' id='word_1_200' title='bbox 245 1875 312 1896; x_wconf 89' lang='lat' dir='ltr'>non</span> <span class='ocrx_word' id='word_1_201' title='bbox 339 1870 454 1905; x_wconf 86' lang='lat' dir='ltr'>putem</span> <span class='ocrx_word' id='word_1_202' title='bbox 489 1873 560 1893; x_wconf 76' lang='lat' dir='ltr'>esse</span> <span class='ocrx_word' id='word_1_203' title='bbox 587 1862 629 1892; x_wconf 83' lang='lat' dir='ltr'>de</span> <span class='ocrx_word' id='word_1_204' title='bbox 657 1862 760 1892; x_wconf 86' lang='lat' dir='ltr'>nihilo</span> <span class='ocrx_word' id='word_1_205' title='bbox 783 1860 871 1891; x_wconf 83' lang='lat' dir='ltr'>istud</span> <span class='ocrx_word' id='word_1_206' title='bbox 899 1860 943 1890; x_wconf 80' lang='lat' dir='ltr'>in.</span> 
     </span>
     <span class='ocr_line' id='line_1_34' title="bbox 245 1910 943 1946; baseline -0.01 0"><span class='ocrx_word' id='word_1_207' title='bbox 245 1915 313 1946; x_wconf 86' lang='lat' dir='ltr'>Adi</span> <span class='ocrx_word' id='word_1_208' title='bbox 331 1915 463 1945; x_wconf 86' lang='lat' dir='ltr'>omnino</span> <span class='ocrx_word' id='word_1_209' title='bbox 485 1914 526 1944; x_wconf 85' lang='lat' dir='ltr'>ad</span> <span class='ocrx_word' id='word_1_210' title='bbox 544 1923 567 1943; x_wconf 91' lang='grc'>1.</span> <span class='ocrx_word' id='word_1_211' title='bbox 583 1916 614 1944; x_wconf 83' lang='grc' dir='ltr'>ὓ.</span> <span class='ocrx_word' id='word_1_212' title='bbox 641 1914 650 1928; x_wconf 83' lang='lat'><strong>⁴</strong></span> <span class='ocrx_word' id='word_1_213' title='bbox 665 1913 760 1942; x_wconf 79' lang='lat' dir='ltr'>Bono</span> <span class='ocrx_word' id='word_1_214' title='bbox 776 1911 885 1941; x_wconf 87' lang='lat' dir='ltr'>animo</span> <span class='ocrx_word' id='word_1_215' title='bbox 910 1910 943 1940; x_wconf 94' lang='lat' dir='ltr'>in</span> 
     </span>
     <span class='ocr_line' id='line_1_35' title="bbox 246 1961 945 2005; baseline -0.009 -10"><span class='ocrx_word' id='word_1_216' title='bbox 246 1965 373 2005; x_wconf 88' lang='lat' dir='ltr'>populo</span> <span class='ocrx_word' id='word_1_217' title='bbox 388 1964 543 1994; x_wconf 86' lang='lat' dir='ltr'>Romano</span> <span class='ocrx_word' id='word_1_218' title='bbox 559 1961 654 1992; x_wconf 59' lang='lat' dir='ltr'>esse!</span> <span class='ocrx_word' id='word_1_219' title='bbox 705 1961 781 1992; x_wconf 78' lang='lat' dir='ltr'>Non</span> <span class='ocrx_word' id='word_1_220' title='bbox 796 1970 880 2000; x_wconf 80' lang='lat' dir='ltr'>opus</span> <span class='ocrx_word' id='word_1_221' title='bbox 898 1964 945 1990; x_wconf 82' lang='lat' dir='ltr'>ta-</span> 
     </span>
     <span class='ocr_line' id='line_1_36' title="bbox 245 2010 944 2052; baseline -0.01 -6"><span class='ocrx_word' id='word_1_222' title='bbox 245 2023 323 2045; x_wconf 84' lang='lat' dir='ltr'>men</span> <span class='ocrx_word' id='word_1_223' title='bbox 347 2018 399 2045; x_wconf 87' lang='lat' dir='ltr'>est</span> <span class='ocrx_word' id='word_1_224' title='bbox 423 2014 466 2052; x_wconf 76' lang='grc' dir='ltr'>τῷ</span> <span class='ocrx_word' id='word_1_225' title='bbox 492 2014 535 2043; x_wconf 81' lang='lat' dir='ltr'>in.</span> <span class='ocrx_word' id='word_1_226' title='bbox 581 2012 703 2043; x_wconf 71' lang='lat' dir='ltr'>Cicero</span> <span class='ocrx_word' id='word_1_227' title='bbox 719 2020 780 2051; x_wconf 81' lang='lat' dir='ltr'>pro</span> <span class='ocrx_word' id='word_1_228' title='bbox 797 2011 834 2041; x_wconf 89' lang='lat' dir='ltr'>L.</span> <span class='ocrx_word' id='word_1_229' title='bbox 852 2010 944 2040; x_wconf 78' lang='lat' dir='ltr'>Man.</span> 
     </span>
     <span class='ocr_line' id='line_1_37' title="bbox 248 2060 944 2102; baseline -0.006 -7"><span class='ocrx_word' id='word_1_230' title='bbox 248 2074 276 2095; x_wconf 81' lang='lat' dir='ltr'>c.</span> <span class='ocrx_word' id='word_1_231' title='bbox 294 2068 323 2094; x_wconf 91' lang='lat'>5.</span> <span class='ocrx_word' id='word_1_232' title='bbox 372 2063 443 2102; x_wconf 77' lang='lat' dir='ltr'>Vos,</span> <span class='ocrx_word' id='word_1_233' title='bbox 466 2066 511 2093; x_wconf 84' lang='lat' dir='ltr'>tot</span> <span class='ocrx_word' id='word_1_234' title='bbox 531 2062 645 2093; x_wconf 69' lang='lat' dir='ltr'>cit-ium</span> <span class='ocrx_word' id='word_1_235' title='bbox 659 2062 699 2092; x_wconf 79' lang='lat' dir='ltr'>R.</span> <span class='ocrx_word' id='word_1_236' title='bbox 716 2061 861 2098; x_wconf 81' lang='lat' dir='ltr'>millibus,</span> <span class='ocrx_word' id='word_1_237' title='bbox 884 2060 944 2091; x_wconf 75' lang='lat' dir='ltr'>&amp;c-</span> 
     </span>
     <span class='ocr_line' id='line_1_38' title="bbox 247 2110 945 2153; baseline -0.004 -8"><span class='ocrx_word' id='word_1_238' title='bbox 247 2115 376 2153; x_wconf 82' lang='lat' dir='ltr'>necatis,</span> <span class='ocrx_word' id='word_1_239' title='bbox 398 2124 456 2153; x_wconf 85' lang='lat' dir='ltr'>quo</span> <span class='ocrx_word' id='word_1_240' title='bbox 472 2114 594 2144; x_wconf 74' lang='lat' dir='ltr'>tandem</span> <span class='ocrx_word' id='word_1_241' title='bbox 611 2112 711 2142; x_wconf 83' lang='lat' dir='ltr'>animo</span> <span class='ocrx_word' id='word_1_242' title='bbox 727 2121 790 2141; x_wconf 80' lang='lat' dir='ltr'>esse</span> <span class='ocrx_word' id='word_1_243' title='bbox 807 2110 945 2142; x_wconf 72' lang='lat' dir='ltr'>‹chctis&#39;l</span> 
     </span>
    </p>

    <p class='ocr_par' dir='ltr' id='par_1_5' title="bbox 249 2160 947 2399">
     <span class='ocr_line' id='line_1_39' title="bbox 291 2160 947 2203; baseline -0.009 -7"><span class='ocrx_word' id='word_1_244' title='bbox 291 2168 333 2196; x_wconf 75' lang='lat'>23</span> <span class='ocrx_word' id='word_1_245' title='bbox 359 2161 674 2203; x_wconf 76' lang='lat' dir='ltr'>Consnnguineisque]</span> <span class='ocrx_word' id='word_1_246' title='bbox 702 2162 786 2192; x_wconf 88' lang='lat' dir='ltr'>Mss.</span> <span class='ocrx_word' id='word_1_247' title='bbox 803 2166 837 2191; x_wconf 88' lang='lat' dir='ltr'>et</span> <span class='ocrx_word' id='word_1_248' title='bbox 854 2160 947 2191; x_wconf 81' lang='lat' dir='ltr'>Editi</span> 
     </span>
     <span class='ocr_line' id='line_1_40' title="bbox 249 2211 945 2258; baseline -0.01 -11"><span class='ocrx_word' id='word_1_249' title='bbox 249 2216 406 2258; x_wconf 79' lang='lat' dir='ltr'><strong>plerique</strong></span> <span class='ocrx_word' id='word_1_250' title='bbox 463 2212 750 2252; x_wconf 75' lang='lat' dir='ltr'>consanguineisque</span> <span class='ocrx_word' id='word_1_251' title='bbox 809 2211 945 2242; x_wconf 77' lang='lat' dir='ltr'>nostris.</span> 
     </span>
     <span class='ocr_line' id='line_1_41' title="bbox 249 2262 945 2300; baseline -0.009 -2"><span class='ocrx_word' id='word_1_252' title='bbox 249 2269 335 2300; x_wconf 84' lang='lat' dir='ltr'>Qnae</span> <span class='ocrx_word' id='word_1_253' title='bbox 362 2275 443 2297; x_wconf 85' lang='lat' dir='ltr'>vera</span> <span class='ocrx_word' id='word_1_254' title='bbox 469 2264 573 2295; x_wconf 82' lang='lat' dir='ltr'>lectio</span> <span class='ocrx_word' id='word_1_255' title='bbox 595 2268 660 2294; x_wconf 83' lang='lat' dir='ltr'>est.</span> <span class='ocrx_word' id='word_1_256' title='bbox 706 2262 808 2293; x_wconf 82' lang='lat' dir='ltr'>Forte</span> <span class='ocrx_word' id='word_1_257' title='bbox 831 2272 945 2293; x_wconf 82' lang='lat' dir='ltr'>errore</span> 
     </span>
     <span class='ocr_line' id='line_1_42' title="bbox 249 2313 947 2358; baseline -0.007 -10"><span class='ocrx_word' id='word_1_258' title='bbox 249 2316 496 2358; x_wconf 80' lang='lat' dir='ltr'>typographico</span> <span class='ocrx_word' id='word_1_259' title='bbox 520 2324 562 2345; x_wconf 84' lang='lat' dir='ltr'>ex</span> <span class='ocrx_word' id='word_1_260' title='bbox 586 2314 744 2345; x_wconf 76' lang='lat' dir='ltr'>Editione</span> <span class='ocrx_word' id='word_1_261' title='bbox 763 2313 947 2344; x_wconf 80' lang='lat' dir='ltr'>Davisiana</span> 
     </span>
     <span class='ocr_line' id='line_1_43' title="bbox 249 2365 752 2399; baseline -0.01 -1"><span class='ocrx_word' id='word_1_262' title='bbox 249 2367 379 2399; x_wconf 79' lang='lat' dir='ltr'>excidit</span> <span class='ocrx_word' id='word_1_263' title='bbox 394 2376 456 2396; x_wconf 78' lang='lat' dir='ltr'>vox</span> <span class='ocrx_word' id='word_1_264' title='bbox 473 2366 596 2396; x_wconf 55' lang='lat' dir='ltr'>nostris.</span> <span class='ocrx_word' id='word_1_265' title='bbox 643 2365 752 2394; x_wconf 75' lang='lat' dir='ltr'>Clark.</span> 
     </span>
    </p>

    <p class='ocr_par' dir='ltr' id='par_1_6' title="bbox 248 2415 945 2816">
     <span class='ocr_line' id='line_1_44' title="bbox 291 2415 945 2458; baseline -0.005 -10"><span class='ocrx_word' id='word_1_266' title='bbox 291 2420 330 2449; x_wconf 86' lang='lat'>25</span> <span class='ocrx_word' id='word_1_267' title='bbox 354 2417 508 2458; x_wconf 75' lang='lat' dir='ltr'><strong><em>Spoliare]</em></strong></span> <span class='ocrx_word' id='word_1_268' title='bbox 535 2415 751 2447; x_wconf 75' lang='lat' dir='ltr'>Auctoritate</span> <span class='ocrx_word' id='word_1_269' title='bbox 770 2415 876 2453; x_wconf 74' lang='lat' dir='ltr'>Bong.</span> <span class='ocrx_word' id='word_1_270' title='bbox 895 2425 945 2455; x_wconf 84' lang='lat' dir='ltr'>pr.</span> 
     </span>
     <span class='ocr_line' id='line_1_45' title="bbox 248 2466 945 2507; baseline -0.006 -7"><span class='ocrx_word' id='word_1_271' title='bbox 248 2469 500 2506; x_wconf 75' lang='lat' dir='ltr'>Vossianorum,</span> <span class='ocrx_word' id='word_1_272' title='bbox 546 2466 770 2505; x_wconf 82' lang='lat' dir='ltr'>Leidensinm,</span> <span class='ocrx_word' id='word_1_273' title='bbox 820 2466 945 2507; x_wconf 77' lang='lat' dir='ltr'>Scalig.</span> 
     </span>
     <span class='ocr_line' id='line_1_46' title="bbox 250 2516 944 2561; baseline -0.007 -10"><span class='ocrx_word' id='word_1_274' title='bbox 250 2520 347 2561; x_wconf 85' lang='lat' dir='ltr'>Egm.</span> <span class='ocrx_word' id='word_1_275' title='bbox 365 2519 491 2550; x_wconf 78' lang='lat' dir='ltr'>Lovan.</span> <span class='ocrx_word' id='word_1_276' title='bbox 508 2518 603 2549; x_wconf 81' lang='lat' dir='ltr'>Carr.</span> <span class='ocrx_word' id='word_1_277' title='bbox 617 2516 708 2547; x_wconf 87' lang='lat' dir='ltr'>Duk.</span> <span class='ocrx_word' id='word_1_278' title='bbox 724 2516 820 2547; x_wconf 87' lang='lat' dir='ltr'>Gott.</span> <span class='ocrx_word' id='word_1_279' title='bbox 837 2517 944 2547; x_wconf 84' lang='lat' dir='ltr'>Dorv.</span> 
     </span>
     <span class='ocr_line' id='line_1_47' title="bbox 249 2567 945 2610; baseline -0.006 -8"><span class='ocrx_word' id='word_1_280' title='bbox 249 2575 285 2602; x_wconf 75' lang='lat' dir='ltr'>et</span> <span class='ocrx_word' id='word_1_281' title='bbox 301 2569 388 2601; x_wconf 83' lang='lat' dir='ltr'>Edd.</span> <span class='ocrx_word' id='word_1_282' title='bbox 407 2569 588 2610; x_wconf 87' lang='lat' dir='ltr'>primarum</span> <span class='ocrx_word' id='word_1_283' title='bbox 606 2567 738 2608; x_wconf 86' lang='lat' dir='ltr'>reposui</span> <span class='ocrx_word' id='word_1_284' title='bbox 756 2567 945 2607; x_wconf 80' lang='lat' dir='ltr'>exspoliare.-</span> 
     </span>
     <span class='ocr_line' id='line_1_48' title="bbox 249 2618 944 2661; baseline -0.003 -9"><span class='ocrx_word' id='word_1_285' title='bbox 249 2622 282 2653; x_wconf 80' lang='lat' dir='ltr'>id</span> <span class='ocrx_word' id='word_1_286' title='bbox 311 2626 374 2660; x_wconf 83' lang='lat' dir='ltr'>est,</span> <span class='ocrx_word' id='word_1_287' title='bbox 411 2620 545 2661; x_wconf 81' lang='lat' dir='ltr'>penitus</span> <span class='ocrx_word' id='word_1_288' title='bbox 576 2618 734 2659; x_wconf 82' lang='lat' dir='ltr'>spoliare.</span> <span class='ocrx_word' id='word_1_289' title='bbox 800 2619 944 2650; x_wconf 86' lang='lat' dir='ltr'>Consule</span> 
     </span>
     <span class='ocr_line' id='line_1_49' title="bbox 251 2668 942 2703; baseline -0.003 0"><span class='ocrx_word' id='word_1_290' title='bbox 251 2673 323 2703; x_wconf 83' lang='lat' dir='ltr'>Cel.</span> <span class='ocrx_word' id='word_1_291' title='bbox 342 2670 516 2702; x_wconf 82' lang='lat' dir='ltr'>Heinsium</span> <span class='ocrx_word' id='word_1_292' title='bbox 534 2669 575 2700; x_wconf 84' lang='lat' dir='ltr'>ad</span> <span class='ocrx_word' id='word_1_293' title='bbox 591 2668 691 2701; x_wconf 80' lang='lat' dir='ltr'>Ovid.</span> <span class='ocrx_word' id='word_1_294' title='bbox 710 2669 849 2701; x_wconf 83' lang='lat' dir='ltr'>Metam.</span> <span class='ocrx_word' id='word_1_295' title='bbox 861 2678 942 2701; x_wconf 76' lang='lat' dir='ltr'>xm.</span> 
     </span>
     <span class='ocr_line' id='line_1_50' title="bbox 251 2719 945 2761; baseline -0.004 -8"><span class='ocrx_word' id='word_1_296' title='bbox 251 2726 323 2753; x_wconf 78' lang='lat'>602.</span> <span class='ocrx_word' id='word_1_297' title='bbox 346 2723 356 2739; x_wconf 90' lang='lat'>‘</span> <span class='ocrx_word' id='word_1_298' title='bbox 374 2720 616 2761; x_wconf 83' lang='lat' dir='ltr'>Exspoliatque</span> <span class='ocrx_word' id='word_1_299' title='bbox 632 2729 734 2760; x_wconf 81' lang='lat' dir='ltr'>genas</span> <span class='ocrx_word' id='word_1_300' title='bbox 751 2719 882 2755; x_wconf 59' lang='lat' dir='ltr'>oculis:</span> <span class='ocrx_word' id='word_1_301' title='bbox 909 2725 945 2750; x_wconf 86' lang='lat' dir='ltr'>et</span> 
     </span>
     <span class='ocr_line' id='line_1_51' title="bbox 252 2771 942 2816; baseline -0.004 -12"><span class='ocrx_word' id='word_1_302' title='bbox 252 2773 308 2816; x_wconf 83' lang='lat' dir='ltr'>qui</span> <span class='ocrx_word' id='word_1_303' title='bbox 332 2783 407 2804; x_wconf 80' lang='lat' dir='ltr'>euni</span> <span class='ocrx_word' id='word_1_304' title='bbox 429 2773 500 2813; x_wconf 88' lang='lat' dir='ltr'>jam</span> <span class='ocrx_word' id='word_1_305' title='bbox 523 2771 671 2803; x_wconf 83' lang='lat' dir='ltr'>laudavit</span> <span class='ocrx_word' id='word_1_306' title='bbox 693 2772 742 2802; x_wconf 87' lang='lat' dir='ltr'>Cl.</span> <span class='ocrx_word' id='word_1_307' title='bbox 766 2771 883 2802; x_wconf 78' lang='lat' dir='ltr'>Burni.</span> <span class='ocrx_word' id='word_1_308' title='bbox 902 2771 942 2801; x_wconf 86' lang='lat' dir='ltr'>ad</span> 
     </span>
    </p>
   </div>
   <div class='ocr_carea' id='block_1_3' title="bbox 706 210 1229 243">
    <p class='ocr_par' dir='ltr' id='par_1_7' title="bbox 706 210 1229 243">
     <span class='ocr_line' id='line_1_52' title="bbox 706 210 1229 243; baseline -0.006 0"><span class='ocrx_word' id='word_1_309' title='bbox 706 211 846 243; x_wconf 82' lang='lat' dir='ltr'>No&#39;rAE</span> <span class='ocrx_word' id='word_1_310' title='bbox 879 211 1143 242; x_wconf 71' lang='lat' dir='ltr'>VAluoRUM</span> <span class='ocrx_word' id='word_1_311' title='bbox 1179 210 1229 241; x_wconf 74' lang='lat' dir='ltr'>m</span> 
     </span>
    </p>
   </div>
   <div class='ocr_carea' id='block_1_4' title="bbox 984 303 1691 949">
    <p class='ocr_par' dir='ltr' id='par_1_8' title="bbox 984 303 1688 748">
     <span class='ocr_line' id='line_1_53' title="bbox 985 303 1683 346; baseline 0 -9"><span class='ocrx_word' id='word_1_312' title='bbox 985 305 1120 338; x_wconf 83' lang='lat' dir='ltr'>Phaedr.</span> <span class='ocrx_word' id='word_1_313' title='bbox 1148 307 1186 338; x_wconf 80' lang='lat' dir='ltr'>F.</span> <span class='ocrx_word' id='word_1_314' title='bbox 1216 315 1255 337; x_wconf 88' lang='grc'>11.</span> <span class='ocrx_word' id='word_1_315' title='bbox 1286 308 1317 337; x_wconf 81' lang='grc'>2.</span> <span class='ocrx_word' id='word_1_316' title='bbox 1352 306 1361 322; x_wconf 89' lang='lat'>‘</span> <span class='ocrx_word' id='word_1_317' title='bbox 1379 303 1559 346; x_wconf 73' lang='lat' dir='ltr'>exspoliari</span> <span class='ocrx_word' id='word_1_318' title='bbox 1574 304 1683 337; x_wconf 68' lang='lat' dir='ltr'>viros!</span> 
     </span>
     <span class='ocr_line' id='line_1_54' title="bbox 984 356 1683 397; baseline -0.001 -10"><span class='ocrx_word' id='word_1_319' title='bbox 984 356 1081 388; x_wconf 83' lang='lat' dir='ltr'>Infra</span> <span class='ocrx_word' id='word_1_320' title='bbox 1103 366 1182 387; x_wconf 81' lang='lat' dir='ltr'>vin.</span> <span class='ocrx_word' id='word_1_321' title='bbox 1207 361 1258 387; x_wconf 81' lang='lat'>50.</span> <span class='ocrx_word' id='word_1_322' title='bbox 1286 361 1321 386; x_wconf 90' lang='lat' dir='ltr'>et</span> <span class='ocrx_word' id='word_1_323' title='bbox 1348 356 1483 396; x_wconf 87' lang='lat' dir='ltr'>Apulei.</span> <span class='ocrx_word' id='word_1_324' title='bbox 1511 365 1550 386; x_wconf 89' lang='lat' dir='ltr'>n.</span> <span class='ocrx_word' id='word_1_325' title='bbox 1578 365 1611 397; x_wconf 87' lang='lat' dir='ltr'>p.</span> <span class='ocrx_word' id='word_1_326' title='bbox 1628 358 1683 387; x_wconf 79' lang='lat'>26.</span> 
     </span>
     <span class='ocr_line' id='line_1_55' title="bbox 985 405 1684 448; baseline -0.001 -10"><span class='ocrx_word' id='word_1_327' title='bbox 985 408 993 424; x_wconf 89' lang='lat'>‘</span> <span class='ocrx_word' id='word_1_328' title='bbox 1009 412 1111 448; x_wconf 81' lang='lat' dir='ltr'>caput</span> <span class='ocrx_word' id='word_1_329' title='bbox 1149 408 1273 448; x_wconf 80' lang='lat' dir='ltr'>capillo</span> <span class='ocrx_word' id='word_1_330' title='bbox 1300 405 1565 446; x_wconf 59' lang='lat' dir='ltr'>exspoliaveris?</span> <span class='ocrx_word' id='word_1_331' title='bbox 1626 405 1684 437; x_wconf 84' lang='lat' dir='ltr'>Sic</span> 
     </span>
     <span class='ocr_line' id='line_1_56' title="bbox 985 455 1686 498; baseline -0.001 -11"><span class='ocrx_word' id='word_1_332' title='bbox 985 457 1073 487; x_wconf 89' lang='lat' dir='ltr'>enim</span> <span class='ocrx_word' id='word_1_333' title='bbox 1100 457 1181 487; x_wconf 75' lang='lat' dir='ltr'>Mss.</span> <span class='ocrx_word' id='word_1_334' title='bbox 1213 458 1357 498; x_wconf 79' lang='lat' dir='ltr'>aliquot,</span> <span class='ocrx_word' id='word_1_335' title='bbox 1391 465 1458 486; x_wconf 90' lang='lat' dir='ltr'>non</span> <span class='ocrx_word' id='word_1_336' title='bbox 1495 455 1686 496; x_wconf 68' lang='lat' dir='ltr'>spoliaveris.</span> 
     </span>
     <span class='ocr_line' id='line_1_57' title="bbox 986 505 1687 545; baseline 0 -8"><span class='ocrx_word' id='word_1_337' title='bbox 986 507 1144 537; x_wconf 82' lang='lat' dir='ltr'>Ceterum</span> <span class='ocrx_word' id='word_1_338' title='bbox 1198 506 1368 538; x_wconf 83' lang='lat' dir='ltr'>efficacius</span> <span class='ocrx_word' id='word_1_339' title='bbox 1418 506 1518 536; x_wconf 81' lang='lat' dir='ltr'>aliter</span> <span class='ocrx_word' id='word_1_340' title='bbox 1571 505 1687 545; x_wconf 84' lang='lat' dir='ltr'>Cujac.</span> 
     </span>
     <span class='ocr_line' id='line_1_58' title="bbox 987 554 1685 596; baseline 0 -10"><span class='ocrx_word' id='word_1_341' title='bbox 987 556 1097 587; x_wconf 84' lang='lat' dir='ltr'>Oxon.</span> <span class='ocrx_word' id='word_1_342' title='bbox 1113 561 1148 587; x_wconf 87' lang='lat' dir='ltr'>et</span> <span class='ocrx_word' id='word_1_343' title='bbox 1162 556 1254 587; x_wconf 90' lang='lat' dir='ltr'>Leid.</span> <span class='ocrx_word' id='word_1_344' title='bbox 1273 557 1370 596; x_wconf 85' lang='lat' dir='ltr'>prim.</span> <span class='ocrx_word' id='word_1_345' title='bbox 1387 556 1440 586; x_wconf 81' lang='lat' dir='ltr'>hoc</span> <span class='ocrx_word' id='word_1_346' title='bbox 1452 558 1553 587; x_wconf 71' lang='lat' dir='ltr'>cestro</span> <span class='ocrx_word' id='word_1_347' title='bbox 1564 554 1685 594; x_wconf 73' lang='lat' dir='ltr'>(nostro</span> 
     </span>
     <span class='ocr_line' id='line_1_59' title="bbox 987 604 1687 646; baseline -0.001 -9"><span class='ocrx_word' id='word_1_348' title='bbox 987 608 1100 638; x_wconf 81' lang='lat' dir='ltr'>Oxon.</span> <span class='ocrx_word' id='word_1_349' title='bbox 1117 607 1214 636; x_wconf 67' lang='lat' dir='ltr'>Voss.</span> <span class='ocrx_word' id='word_1_350' title='bbox 1229 606 1331 643; x_wconf 81' lang='lat' dir='ltr'>tert.)</span> <span class='ocrx_word' id='word_1_351' title='bbox 1343 616 1416 637; x_wconf 76' lang='lat' dir='ltr'>aux.</span> <span class='ocrx_word' id='word_1_352' title='bbox 1433 616 1479 646; x_wconf 72' lang='lat' dir='ltr'>sp.</span> <span class='ocrx_word' id='word_1_353' title='bbox 1497 615 1555 637; x_wconf 77' lang='lat' dir='ltr'>eos.</span> <span class='ocrx_word' id='word_1_354' title='bbox 1570 610 1603 636; x_wconf 85' lang='lat' dir='ltr'>et</span> <span class='ocrx_word' id='word_1_355' title='bbox 1620 604 1687 636; x_wconf 71' lang='lat' dir='ltr'>sor·</span> 
     </span>
     <span class='ocr_line' id='line_1_60' title="bbox 986 655 1688 695; baseline 0.001 -9"><span class='ocrx_word' id='word_1_356' title='bbox 986 665 1046 686; x_wconf 84' lang='lat' dir='ltr'>san</span> <span class='ocrx_word' id='word_1_357' title='bbox 1062 656 1116 686; x_wconf 78' lang='lat' dir='ltr'>hoe</span> <span class='ocrx_word' id='word_1_358' title='bbox 1132 655 1164 686; x_wconf 94' lang='lat' dir='ltr'>in</span> <span class='ocrx_word' id='word_1_359' title='bbox 1181 656 1234 686; x_wconf 79' lang='lat' dir='ltr'>hos</span> <span class='ocrx_word' id='word_1_360' title='bbox 1250 660 1284 686; x_wconf 83' lang='lat' dir='ltr'>et</span> <span class='ocrx_word' id='word_1_361' title='bbox 1301 655 1379 686; x_wconf 86' lang='lat' dir='ltr'>dein</span> <span class='ocrx_word' id='word_1_362' title='bbox 1395 666 1444 686; x_wconf 81' lang='lat' dir='ltr'>eos</span> <span class='ocrx_word' id='word_1_363' title='bbox 1459 665 1504 695; x_wconf 75' lang='lat' dir='ltr'>sp.</span> <span class='ocrx_word' id='word_1_364' title='bbox 1531 656 1563 686; x_wconf 87' lang='lat' dir='ltr'>in</span> <span class='ocrx_word' id='word_1_365' title='bbox 1588 666 1626 686; x_wconf 74' lang='lat' dir='ltr'>ex</span> <span class='ocrx_word' id='word_1_366' title='bbox 1641 665 1688 695; x_wconf 68' lang='lat' dir='ltr'>sp.</span> 
     </span>
     <span class='ocr_line' id='line_1_61' title="bbox 988 706 1342 748; baseline -0.008 -10"><span class='ocrx_word' id='word_1_367' title='bbox 988 707 1092 738; x_wconf 74' lang='lat' dir='ltr'>fuerit</span> <span class='ocrx_word' id='word_1_368' title='bbox 1108 706 1342 748; x_wconf 87' lang='lat' dir='ltr'>depravatum.</span> 
     </span>
    </p>

    <p class='ocr_par' dir='ltr' id='par_1_9' title="bbox 989 757 1691 949">
     <span class='ocr_line' id='line_1_62' title="bbox 1030 757 1688 790; baseline 0 -1"><span class='ocrx_word' id='word_1_369' title='bbox 1030 761 1070 789; x_wconf 81' lang='lat'>27</span> <span class='ocrx_word' id='word_1_370' title='bbox 1095 758 1162 789; x_wconf 86' lang='lat' dir='ltr'>Nec</span> <span class='ocrx_word' id='word_1_371' title='bbox 1177 757 1314 788; x_wconf 76' lang='lat' dir='ltr'>stultitia</span> <span class='ocrx_word' id='word_1_372' title='bbox 1335 767 1372 787; x_wconf 82' lang='lat' dir='ltr'>ac</span> <span class='ocrx_word' id='word_1_373' title='bbox 1396 758 1570 789; x_wconf 79' lang='lat' dir='ltr'><strong><em>temeritate</em></strong></span> <span class='ocrx_word' id='word_1_374' title='bbox 1585 762 1688 790; x_wconf 74' lang='lat' dir='ltr'>vestm</span> 
     </span>
     <span class='ocr_line' id='line_1_63' title="bbox 1088 807 1691 847; baseline -0.002 -8"><span class='ocrx_word' id='word_1_375' title='bbox 1088 818 1205 839; x_wconf 81' lang='lat' dir='ltr'>omnem</span> <span class='ocrx_word' id='word_1_376' title='bbox 1230 808 1367 838; x_wconf 76' lang='lat' dir='ltr'>Galliam</span> <span class='ocrx_word' id='word_1_377' title='bbox 1388 807 1598 847; x_wconf 77' lang='lat' dir='ltr'><strong><em>prosternere]</em></strong></span> <span class='ocrx_word' id='word_1_378' title='bbox 1625 807 1691 839; x_wconf 84' lang='lat' dir='ltr'>Ge-</span> 
     </span>
     <span class='ocr_line' id='line_1_64' title="bbox 989 857 1690 898; baseline -0.003 -9"><span class='ocrx_word' id='word_1_379' title='bbox 989 859 1080 890; x_wconf 85' lang='lat' dir='ltr'>mina</span> <span class='ocrx_word' id='word_1_380' title='bbox 1096 864 1149 890; x_wconf 88' lang='lat' dir='ltr'>est</span> <span class='ocrx_word' id='word_1_381' title='bbox 1165 858 1304 898; x_wconf 85' lang='lat' dir='ltr'>negatio</span> <span class='ocrx_word' id='word_1_382' title='bbox 1318 867 1379 898; x_wconf 86' lang='lat' dir='ltr'>pro</span> <span class='ocrx_word' id='word_1_383' title='bbox 1396 866 1473 888; x_wconf 79' lang='lat' dir='ltr'>una.</span> <span class='ocrx_word' id='word_1_384' title='bbox 1510 857 1690 889; x_wconf 76' lang='lat' dir='ltr'>Terentius</span> 
     </span>
     <span class='ocr_line' id='line_1_65' title="bbox 990 908 1690 949; baseline -0.001 -9"><span class='ocrx_word' id='word_1_385' title='bbox 990 909 1100 940; x_wconf 83' lang='lat' dir='ltr'>Andr.</span> <span class='ocrx_word' id='word_1_386' title='bbox 1117 910 1196 941; x_wconf 78' lang='lat' dir='ltr'>Act.</span> <span class='ocrx_word' id='word_1_387' title='bbox 1213 918 1251 940; x_wconf 87' lang='grc'>11.</span> <span class='ocrx_word' id='word_1_388' title='bbox 1265 909 1318 939; x_wconf 92' lang='lat' dir='ltr'>Sc.</span> <span class='ocrx_word' id='word_1_389' title='bbox 1332 911 1364 939; x_wconf 85' lang='lat'>2.</span> <span class='ocrx_word' id='word_1_390' title='bbox 1381 918 1429 939; x_wconf 88' lang='lat' dir='ltr'>vs.</span> <span class='ocrx_word' id='word_1_391' title='bbox 1446 908 1508 939; x_wconf 89' lang='lat' dir='ltr'>ult.</span> <span class='ocrx_word' id='word_1_392' title='bbox 1541 909 1551 925; x_wconf 91' lang='lat'>‘</span> <span class='ocrx_word' id='word_1_393' title='bbox 1568 908 1690 949; x_wconf 82' lang='lat' dir='ltr'>Neque</span> 
     </span>
    </p>
   </div>
   <div class='ocr_carea' id='block_1_5' title="bbox 989 826 1073 831">
    <p class='ocr_par' dir='ltr' id='par_1_10' title="bbox 989 826 1073 831">
     <span class='ocr_line' id='line_1_66' title="bbox 989 826 1073 831; baseline 0 0"><span class='ocrx_word' id='word_1_394' title='bbox 989 826 1073 831; x_wconf 95' lang='lat' dir='ltr'> </span> 
     </span>
    </p>
   </div>
   <div class='ocr_carea' id='block_1_6' title="bbox 983 958 1696 2807">
    <p class='ocr_par' dir='ltr' id='par_1_11' title="bbox 983 958 1696 1851">
     <span class='ocr_line' id='line_1_67' title="bbox 991 958 1693 998; baseline -0.001 -8"><span class='ocrx_word' id='word_1_395' title='bbox 991 965 1027 991; x_wconf 92' lang='lat' dir='ltr'>tu</span> <span class='ocrx_word' id='word_1_396' title='bbox 1043 960 1132 990; x_wconf 81' lang='lat' dir='ltr'>haud</span> <span class='ocrx_word' id='word_1_397' title='bbox 1149 960 1242 991; x_wconf 80' lang='lat' dir='ltr'>dicas</span> <span class='ocrx_word' id='word_1_398' title='bbox 1270 959 1332 990; x_wconf 88' lang='lat' dir='ltr'>tibi</span> <span class='ocrx_word' id='word_1_399' title='bbox 1364 968 1430 989; x_wconf 90' lang='lat' dir='ltr'>non</span> <span class='ocrx_word' id='word_1_400' title='bbox 1456 958 1656 998; x_wconf 81' lang='lat' dir='ltr'>praedictnm</span> <span class='ocrx_word' id='word_1_401' title='bbox 1673 958 1693 995; x_wconf 85' lang='lat'>;&#39;</span> 
     </span>
     <span class='ocr_line' id='line_1_68' title="bbox 990 1009 1691 1050; baseline -0.003 -9"><span class='ocrx_word' id='word_1_402' title='bbox 990 1021 1083 1042; x_wconf 91' lang='lat' dir='ltr'>more</span> <span class='ocrx_word' id='word_1_403' title='bbox 1094 1010 1305 1049; x_wconf 63' lang='grc' dir='ltr'><strong>(ἶνα-00111111,</strong></span> <span class='ocrx_word' id='word_1_404' title='bbox 1320 1009 1408 1049; x_wconf 85' lang='lat' dir='ltr'>apud</span> <span class='ocrx_word' id='word_1_405' title='bbox 1426 1018 1509 1050; x_wconf 86' lang='lat' dir='ltr'>qnos</span> <span class='ocrx_word' id='word_1_406' title='bbox 1522 1009 1598 1040; x_wconf 82' lang='lat' dir='ltr'>duae</span> <span class='ocrx_word' id='word_1_407' title='bbox 1614 1018 1691 1049; x_wconf 83' lang='lat' dir='ltr'>par-</span> 
     </span>
     <span class='ocr_line' id='line_1_69' title="bbox 991 1059 1690 1100; baseline -0.004 -9"><span class='ocrx_word' id='word_1_408' title='bbox 991 1061 1103 1091; x_wconf 82' lang='lat' dir='ltr'>ticulae</span> <span class='ocrx_word' id='word_1_409' title='bbox 1121 1060 1289 1100; x_wconf 76' lang='lat' dir='ltr'>negativae</span> <span class='ocrx_word' id='word_1_410' title='bbox 1307 1059 1540 1089; x_wconf 79' lang='lat' dir='ltr'>vehementius</span> <span class='ocrx_word' id='word_1_411' title='bbox 1553 1063 1690 1099; x_wconf 80' lang='lat' dir='ltr'>negant.</span> 
     </span>
     <span class='ocr_line' id='line_1_70' title="bbox 990 1107 1694 1149; baseline -0.004 -8"><span class='ocrx_word' id='word_1_412' title='bbox 990 1109 1162 1141; x_wconf 87' lang='lat' dir='ltr'>Minucius</span> <span class='ocrx_word' id='word_1_413' title='bbox 1179 1110 1274 1140; x_wconf 72' lang='lat' dir='ltr'>Felix</span> <span class='ocrx_word' id='word_1_414' title='bbox 1291 1108 1417 1140; x_wconf 81' lang='lat' dir='ltr'>Oct&#39;av.</span> <span class='ocrx_word' id='word_1_415' title='bbox 1446 1118 1478 1149; x_wconf 89' lang='lat' dir='ltr'>p.</span> <span class='ocrx_word' id='word_1_416' title='bbox 1502 1111 1553 1140; x_wconf 84' lang='lat'>88.</span> <span class='ocrx_word' id='word_1_417' title='bbox 1591 1110 1599 1126; x_wconf 87' lang='lat'>‘</span> <span class='ocrx_word' id='word_1_418' title='bbox 1620 1107 1694 1139; x_wconf 82' lang='lat' dir='ltr'>Hu-</span> 
     </span>
     <span class='ocr_line' id='line_1_71' title="bbox 983 1158 1692 1200; baseline -0.001 -10"><span class='ocrx_word' id='word_1_419' title='bbox 983 1160 1130 1200; x_wconf 84' lang='lat' dir='ltr'>jusmodi</span> <span class='ocrx_word' id='word_1_420' title='bbox 1150 1159 1315 1200; x_wconf 82' lang='lat' dir='ltr'>propudia</span> <span class='ocrx_word' id='word_1_421' title='bbox 1332 1158 1427 1190; x_wconf 84' lang='lat' dir='ltr'>nobis</span> <span class='ocrx_word' id='word_1_422' title='bbox 1445 1168 1511 1189; x_wconf 92' lang='lat' dir='ltr'>non</span> <span class='ocrx_word' id='word_1_423' title='bbox 1532 1159 1611 1190; x_wconf 76' lang='lat' dir='ltr'>licet</span> <span class='ocrx_word' id='word_1_424' title='bbox 1627 1167 1692 1190; x_wconf 85' lang='lat' dir='ltr'>nec</span> 
     </span>
     <span class='ocr_line' id='line_1_72' title="bbox 990 1209 1691 1249; baseline -0.003 -8"><span class='ocrx_word' id='word_1_425' title='bbox 990 1210 1129 1241; x_wconf 74' lang='lat' dir='ltr'>andire:</span> <span class='ocrx_word' id='word_1_426' title='bbox 1174 1209 1280 1240; x_wconf 80' lang='lat' dir='ltr'>Plura</span> <span class='ocrx_word' id='word_1_427' title='bbox 1307 1209 1478 1249; x_wconf 72' lang='lat' dir='ltr'><strong><em>congessit</em></strong></span> <span class='ocrx_word' id='word_1_428' title='bbox 1507 1210 1559 1241; x_wconf 89' lang='lat' dir='ltr'>Cl.</span> <span class='ocrx_word' id='word_1_429' title='bbox 1585 1209 1691 1241; x_wconf 77' lang='lat' dir='ltr'>Janus</span> 
     </span>
     <span class='ocr_line' id='line_1_73' title="bbox 990 1259 1692 1300; baseline 0 -10"><span class='ocrx_word' id='word_1_430' title='bbox 990 1260 1222 1291; x_wconf 78' lang='lat' dir='ltr'>Broukliusins</span> <span class='ocrx_word' id='word_1_431' title='bbox 1247 1259 1290 1290; x_wconf 82' lang='lat' dir='ltr'>ad</span> <span class='ocrx_word' id='word_1_432' title='bbox 1315 1260 1484 1300; x_wconf 81' lang='lat' dir='ltr'>Propertii</span> <span class='ocrx_word' id='word_1_433' title='bbox 1502 1260 1553 1290; x_wconf 89' lang='lat' dir='ltr'>El.</span> <span class='ocrx_word' id='word_1_434' title='bbox 1567 1268 1606 1291; x_wconf 87' lang='grc'>11.</span> <span class='ocrx_word' id='word_1_435' title='bbox 1641 1263 1692 1291; x_wconf 90' lang='grc'>15.</span> 
     </span>
     <span class='ocr_line' id='line_1_74' title="bbox 991 1309 1692 1349; baseline -0.001 -9"><span class='ocrx_word' id='word_1_436' title='bbox 991 1313 1022 1340; x_wconf 81' lang='grc'>5.</span> <span class='ocrx_word' id='word_1_437' title='bbox 1061 1310 1171 1340; x_wconf 74' lang='lat' dir='ltr'>Daris.</span> <span class='ocrx_word' id='word_1_438' title='bbox 1210 1310 1265 1340; x_wconf 87' lang='lat' dir='ltr'>Dc</span> <span class='ocrx_word' id='word_1_439' title='bbox 1282 1310 1409 1349; x_wconf 80' lang='lat' dir='ltr'>duplici</span> <span class='ocrx_word' id='word_1_440' title='bbox 1433 1310 1495 1341; x_wconf 82' lang='lat' dir='ltr'>hac</span> <span class='ocrx_word' id='word_1_441' title='bbox 1513 1309 1692 1349; x_wconf 72' lang='lat' dir='ltr'>negatione</span> 
     </span>
     <span class='ocr_line' id='line_1_75' title="bbox 991 1359 1696 1399; baseline 0.003 -12"><span class='ocrx_word' id='word_1_442' title='bbox 991 1359 1128 1388; x_wconf 75' lang='lat' dir='ltr'>consule</span> <span class='ocrx_word' id='word_1_443' title='bbox 1141 1362 1239 1389; x_wconf 78' lang='lat' dir='ltr'>notas</span> <span class='ocrx_word' id='word_1_444' title='bbox 1255 1359 1296 1389; x_wconf 72' lang='grc'><strong>1111</strong></span> <span class='ocrx_word' id='word_1_445' title='bbox 1314 1368 1346 1389; x_wconf 82' lang='grc' dir='ltr'>ν.</span> <span class='ocrx_word' id='word_1_446' title='bbox 1362 1362 1414 1390; x_wconf 76' lang='lat'>24.</span> <span class='ocrx_word' id='word_1_447' title='bbox 1438 1360 1447 1376; x_wconf 88' lang='lat'>‘</span> <span class='ocrx_word' id='word_1_448' title='bbox 1463 1359 1586 1399; x_wconf 83' lang='lat' dir='ltr'>Neque</span> <span class='ocrx_word' id='word_1_449' title='bbox 1603 1359 1696 1390; x_wconf 78' lang='lat' dir='ltr'>nulla</span> 
     </span>
     <span class='ocr_line' id='line_1_76' title="bbox 994 1408 1694 1441; baseline 0.003 -3"><span class='ocrx_word' id='word_1_450' title='bbox 994 1409 1128 1439; x_wconf 85' lang='lat' dir='ltr'>omnino</span> <span class='ocrx_word' id='word_1_451' title='bbox 1141 1409 1258 1439; x_wconf 85' lang='lat' dir='ltr'>navis.&#39;</span> <span class='ocrx_word' id='word_1_452' title='bbox 1294 1408 1370 1440; x_wconf 86' lang='lat' dir='ltr'>Hoc</span> <span class='ocrx_word' id='word_1_453' title='bbox 1389 1413 1501 1440; x_wconf 85' lang='lat' dir='ltr'>tamen</span> <span class='ocrx_word' id='word_1_454' title='bbox 1517 1408 1591 1440; x_wconf 85' lang='lat' dir='ltr'>loco</span> <span class='ocrx_word' id='word_1_455' title='bbox 1604 1417 1694 1441; x_wconf 82' lang='lat' dir='ltr'>com·</span> 
     </span>
     <span class='ocr_line' id='line_1_77' title="bbox 993 1458 1692 1499; baseline 0.003 -11"><span class='ocrx_word' id='word_1_456' title='bbox 993 1458 1093 1489; x_wconf 83' lang='lat' dir='ltr'>mode</span> <span class='ocrx_word' id='word_1_457' title='bbox 1109 1458 1317 1498; x_wconf 82' lang='lat' dir='ltr'>subintelligi</span> <span class='ocrx_word' id='word_1_458' title='bbox 1347 1463 1461 1499; x_wconf 85' lang='lat' dir='ltr'>potest</span> <span class='ocrx_word' id='word_1_459' title='bbox 1487 1459 1610 1490; x_wconf 74' lang='lat' dir='ltr'>velitis:</span> <span class='ocrx_word' id='word_1_460' title='bbox 1642 1459 1692 1490; x_wconf 84' lang='lat' dir='ltr'>uti</span> 
     </span>
     <span class='ocr_line' id='line_1_78' title="bbox 995 1509 1693 1550; baseline 0.001 -11"><span class='ocrx_word' id='word_1_461' title='bbox 995 1518 1086 1550; x_wconf 79' lang='lat' dir='ltr'>saepe</span> <span class='ocrx_word' id='word_1_462' title='bbox 1115 1509 1148 1539; x_wconf 90' lang='lat' dir='ltr'>in</span> <span class='ocrx_word' id='word_1_463' title='bbox 1171 1509 1279 1541; x_wconf 80' lang='lat' dir='ltr'>altero</span> <span class='ocrx_word' id='word_1_464' title='bbox 1304 1510 1453 1540; x_wconf 86' lang='lat' dir='ltr'>membro</span> <span class='ocrx_word' id='word_1_465' title='bbox 1476 1519 1537 1550; x_wconf 87' lang='lat' dir='ltr'>per</span> <span class='ocrx_word' id='word_1_466' title='bbox 1559 1509 1693 1550; x_wconf 82' lang='lat' dir='ltr'>ellipsin</span> 
     </span>
     <span class='ocr_line' id='line_1_79' title="bbox 994 1553 1693 1600; baseline 0 -9"><span class='ocrx_word' id='word_1_467' title='bbox 994 1560 1174 1591; x_wconf 63' lang='lat' dir='ltr'>contraria*</span> <span class='ocrx_word' id='word_1_468' title='bbox 1240 1553 1494 1600; x_wconf 64' lang='lat' dir='ltr'>significationis</span> <span class='ocrx_word' id='word_1_469' title='bbox 1554 1560 1693 1591; x_wconf 83' lang='lat' dir='ltr'>verbnm</span> 
     </span>
     <span class='ocr_line' id='line_1_80' title="bbox 994 1610 1695 1649; baseline 0 -9"><span class='ocrx_word' id='word_1_470' title='bbox 994 1610 1175 1642; x_wconf 84' lang='lat' dir='ltr'>omittitur.</span> <span class='ocrx_word' id='word_1_471' title='bbox 1220 1611 1321 1649; x_wconf 81' lang='lat' dir='ltr'>Vide,</span> <span class='ocrx_word' id='word_1_472' title='bbox 1337 1615 1373 1642; x_wconf 90' lang='lat' dir='ltr'>ut</span> <span class='ocrx_word' id='word_1_473' title='bbox 1390 1611 1580 1642; x_wconf 73' lang='lat' dir='ltr'>innumeros</span> <span class='ocrx_word' id='word_1_474' title='bbox 1599 1611 1695 1641; x_wconf 86' lang='lat' dir='ltr'>omit-</span> 
     </span>
     <span class='ocr_line' id='line_1_81' title="bbox 996 1660 1692 1699; baseline 0 -9"><span class='ocrx_word' id='word_1_475' title='bbox 996 1664 1078 1699; x_wconf 83' lang='lat' dir='ltr'>tam,</span> <span class='ocrx_word' id='word_1_476' title='bbox 1102 1661 1175 1692; x_wconf 87' lang='lat' dir='ltr'>Ccl.</span> <span class='ocrx_word' id='word_1_477' title='bbox 1207 1661 1361 1692; x_wconf 87' lang='lat' dir='ltr'>Perizon.</span> <span class='ocrx_word' id='word_1_478' title='bbox 1389 1660 1431 1691; x_wconf 84' lang='lat' dir='ltr'>ad</span> <span class='ocrx_word' id='word_1_479' title='bbox 1459 1661 1574 1691; x_wconf 86' lang='lat' dir='ltr'>Sanct.</span> <span class='ocrx_word' id='word_1_480' title='bbox 1605 1660 1692 1691; x_wconf 80' lang='lat' dir='ltr'>Min.</span> 
     </span>
     <span class='ocr_line' id='line_1_82' title="bbox 995 1709 1694 1742; baseline 0.001 -3"><span class='ocrx_word' id='word_1_481' title='bbox 995 1719 1044 1740; x_wconf 76' lang='lat' dir='ltr'>iv.</span> <span class='ocrx_word' id='word_1_482' title='bbox 1061 1713 1092 1740; x_wconf 83' lang='lat'>8.</span> <span class='ocrx_word' id='word_1_483' title='bbox 1109 1714 1140 1741; x_wconf 84' lang='lat'>5.</span> <span class='ocrx_word' id='word_1_484' title='bbox 1166 1711 1283 1742; x_wconf 83' lang='lat' dir='ltr'>Bnrm.</span> <span class='ocrx_word' id='word_1_485' title='bbox 1312 1711 1353 1742; x_wconf 84' lang='lat' dir='ltr'>ad</span> <span class='ocrx_word' id='word_1_486' title='bbox 1377 1710 1512 1742; x_wconf 80' lang='lat' dir='ltr'>Phaedr.</span> <span class='ocrx_word' id='word_1_487' title='bbox 1539 1709 1621 1741; x_wconf 86' lang='lat' dir='ltr'>Fab.</span> <span class='ocrx_word' id='word_1_488' title='bbox 1641 1712 1694 1740; x_wconf 76' lang='grc'>74.</span> 
     </span>
     <span class='ocr_line' id='line_1_83' title="bbox 995 1758 1692 1792; baseline 0 -2"><span class='ocrx_word' id='word_1_489' title='bbox 995 1760 1088 1791; x_wconf 82' lang='lat' dir='ltr'>etad</span> <span class='ocrx_word' id='word_1_490' title='bbox 1113 1760 1233 1792; x_wconf 80' lang='lat' dir='ltr'>Vellei.</span> <span class='ocrx_word' id='word_1_491' title='bbox 1259 1770 1298 1791; x_wconf 83' lang='lat'>11.</span> <span class='ocrx_word' id='word_1_492' title='bbox 1321 1763 1394 1791; x_wconf 80' lang='lat'>128.</span> <span class='ocrx_word' id='word_1_493' title='bbox 1436 1759 1643 1791; x_wconf 87' lang='lat' dir='ltr'>Monendum</span> <span class='ocrx_word' id='word_1_494' title='bbox 1659 1758 1692 1790; x_wconf 89' lang='lat' dir='ltr'>id</span> 
     </span>
     <span class='ocr_line' id='line_1_84' title="bbox 995 1810 1652 1851; baseline 0.003 -12"><span class='ocrx_word' id='word_1_495' title='bbox 995 1820 1128 1851; x_wconf 85' lang='lat' dir='ltr'>quoquc</span> <span class='ocrx_word' id='word_1_496' title='bbox 1143 1811 1243 1842; x_wconf 82' lang='lat' dir='ltr'>habui</span> <span class='ocrx_word' id='word_1_497' title='bbox 1261 1811 1302 1841; x_wconf 81' lang='lat' dir='ltr'>ad</span> <span class='ocrx_word' id='word_1_498' title='bbox 1327 1810 1479 1842; x_wconf 79' lang='lat' dir='ltr'>Frontin.</span> <span class='ocrx_word' id='word_1_499' title='bbox 1496 1819 1536 1841; x_wconf 83' lang='lat'>11.</span> <span class='ocrx_word' id='word_1_500' title='bbox 1552 1814 1582 1841; x_wconf 87' lang='lat'>5.</span> <span class='ocrx_word' id='word_1_501' title='bbox 1600 1813 1652 1841; x_wconf 82' lang='grc'>31.</span> 
     </span>
    </p>

    <p class='ocr_par' dir='ltr' id='par_1_12' title="bbox 994 1860 1696 2496">
     <span class='ocr_line' id='line_1_85' title="bbox 1038 1860 1693 1900; baseline 0.003 -11"><span class='ocrx_word' id='word_1_502' title='bbox 1038 1863 1079 1890; x_wconf 89' lang='grc'>30</span> <span class='ocrx_word' id='word_1_503' title='bbox 1105 1862 1257 1891; x_wconf 76' lang='lat' dir='ltr'>Romanos</span> <span class='ocrx_word' id='word_1_504' title='bbox 1282 1878 1366 1883; x_wconf 88' lang='lat'>-——</span> <span class='ocrx_word' id='word_1_505' title='bbox 1382 1860 1518 1891; x_wconf 80' lang='lat' dir='ltr'>animine</span> <span class='ocrx_word' id='word_1_506' title='bbox 1538 1861 1582 1900; x_wconf 88' lang='lat' dir='ltr'>c.]</span> <span class='ocrx_word' id='word_1_507' title='bbox 1609 1860 1693 1891; x_wconf 79' lang='lat' dir='ltr'>Mss-</span> 
     </span>
     <span class='ocr_line' id='line_1_86' title="bbox 995 1910 1694 1951; baseline 0 -10"><span class='ocrx_word' id='word_1_508' title='bbox 995 1910 1146 1951; x_wconf 85' lang='lat' dir='ltr'>plerique</span> <span class='ocrx_word' id='word_1_509' title='bbox 1182 1916 1216 1942; x_wconf 86' lang='lat' dir='ltr'>et</span> <span class='ocrx_word' id='word_1_510' title='bbox 1245 1911 1330 1942; x_wconf 73' lang='lat' dir='ltr'>Eud.</span> <span class='ocrx_word' id='word_1_511' title='bbox 1361 1912 1456 1942; x_wconf 68' lang='lat' dir='ltr'>Vett.</span> <span class='ocrx_word' id='word_1_512' title='bbox 1485 1912 1694 1942; x_wconf 80' lang='lat' dir='ltr'>Romanorum</span> 
     </span>
     <span class='ocr_line' id='line_1_87' title="bbox 994 1961 1696 1992; baseline 0.001 -2"><span class='ocrx_word' id='word_1_513' title='bbox 994 1961 1111 1991; x_wconf 77' lang='lat' dir='ltr'>animos</span> <span class='ocrx_word' id='word_1_514' title='bbox 1223 1962 1289 1991; x_wconf 77' lang='lat' dir='ltr'>sinc</span> <span class='ocrx_word' id='word_1_515' title='bbox 1307 1971 1417 1991; x_wconf 76' lang='lat' dir='ltr'>causa:</span> <span class='ocrx_word' id='word_1_516' title='bbox 1451 1961 1510 1992; x_wconf 83' lang='lat' dir='ltr'>scd</span> <span class='ocrx_word' id='word_1_517' title='bbox 1535 1971 1613 1991; x_wconf 82' lang='lat' dir='ltr'>vera</span> <span class='ocrx_word' id='word_1_518' title='bbox 1643 1965 1696 1992; x_wconf 78' lang='lat' dir='ltr'>est</span> 
     </span>
     <span class='ocr_line' id='line_1_88' title="bbox 996 2011 1694 2051; baseline 0.003 -11"><span class='ocrx_word' id='word_1_519' title='bbox 996 2011 1132 2051; x_wconf 82' lang='lat' dir='ltr'>vulgata</span> <span class='ocrx_word' id='word_1_520' title='bbox 1148 2011 1260 2050; x_wconf 86' lang='lat' dir='ltr'>lectio,</span> <span class='ocrx_word' id='word_1_521' title='bbox 1284 2020 1381 2051; x_wconf 84' lang='lat' dir='ltr'>quam</span> <span class='ocrx_word' id='word_1_522' title='bbox 1398 2015 1433 2041; x_wconf 93' lang='lat' dir='ltr'>et</span> <span class='ocrx_word' id='word_1_523' title='bbox 1450 2011 1590 2043; x_wconf 78' lang='lat' dir='ltr'>Graecus</span> <span class='ocrx_word' id='word_1_524' title='bbox 1607 2011 1694 2042; x_wconf 82' lang='lat' dir='ltr'>bene</span> 
     </span>
     <span class='ocr_line' id='line_1_89' title="bbox 996 2060 1693 2101; baseline 0.004 -11"><span class='ocrx_word' id='word_1_525' title='bbox 996 2062 1163 2101; x_wconf 84' lang='lat' dir='ltr'>expressit</span> <span class='ocrx_word' id='word_1_526' title='bbox 1189 2062 1209 2098; x_wconf 77' lang='grc' dir='ltr'>ἢ</span> <span class='ocrx_word' id='word_1_527' title='bbox 1230 2060 1361 2101; x_wconf 82' lang='grc' dir='ltr'>τέρψεως</span> <span class='ocrx_word' id='word_1_528' title='bbox 1390 2063 1476 2100; x_wconf 80' lang='grc' dir='ltr'>σφῶν</span> <span class='ocrx_word' id='word_1_529' title='bbox 1504 2060 1605 2101; x_wconf 78' lang='grc' dir='ltr'>ἕνεκα,</span> <span class='ocrx_word' id='word_1_530' title='bbox 1628 2064 1693 2093; x_wconf 71' lang='lat' dir='ltr'>&amp;m</span> 
     </span>
     <span class='ocr_line' id='line_1_90' title="bbox 998 2111 1695 2152; baseline 0.003 -12"><span class='ocrx_word' id='word_1_531' title='bbox 998 2111 1105 2142; x_wconf 78' lang='lat' dir='ltr'>Clark.</span> <span class='ocrx_word' id='word_1_532' title='bbox 1150 2112 1206 2143; x_wconf 90' lang='lat' dir='ltr'>Sic</span> <span class='ocrx_word' id='word_1_533' title='bbox 1232 2111 1336 2143; x_wconf 84' lang='lat' dir='ltr'>etiam</span> <span class='ocrx_word' id='word_1_534' title='bbox 1360 2112 1500 2142; x_wconf 81' lang='lat' dir='ltr'>aliorum</span> <span class='ocrx_word' id='word_1_535' title='bbox 1526 2112 1608 2143; x_wconf 83' lang='lat' dir='ltr'>Mss.</span> <span class='ocrx_word' id='word_1_536' title='bbox 1625 2111 1695 2152; x_wconf 89' lang='lat' dir='ltr'>ple-</span> 
     </span>
     <span class='ocr_line' id='line_1_91' title="bbox 998 2160 1696 2202; baseline 0.001 -11"><span class='ocrx_word' id='word_1_537' title='bbox 998 2161 1091 2202; x_wconf 84' lang='lat' dir='ltr'>rique</span> <span class='ocrx_word' id='word_1_538' title='bbox 1116 2165 1150 2193; x_wconf 86' lang='lat' dir='ltr'>et</span> <span class='ocrx_word' id='word_1_539' title='bbox 1167 2162 1244 2200; x_wconf 84' lang='lat' dir='ltr'>mei,</span> <span class='ocrx_word' id='word_1_540' title='bbox 1268 2167 1394 2202; x_wconf 74' lang='lat' dir='ltr'>praeter</span> <span class='ocrx_word' id='word_1_541' title='bbox 1419 2162 1534 2202; x_wconf 88' lang='lat' dir='ltr'>Cujac.</span> <span class='ocrx_word' id='word_1_542' title='bbox 1553 2160 1642 2192; x_wconf 80' lang='lat' dir='ltr'>And.</span> <span class='ocrx_word' id='word_1_543' title='bbox 1659 2164 1696 2192; x_wconf 86' lang='lat' dir='ltr'>et</span> 
     </span>
     <span class='ocr_line' id='line_1_92' title="bbox 997 2211 1694 2253; baseline 0.003 -12"><span class='ocrx_word' id='word_1_544' title='bbox 997 2211 1110 2242; x_wconf 74' lang='lat' dir='ltr'>Oxon.</span> <span class='ocrx_word' id='word_1_545' title='bbox 1124 2212 1179 2252; x_wconf 89' lang='lat' dir='ltr'>qui</span> <span class='ocrx_word' id='word_1_546' title='bbox 1195 2215 1332 2242; x_wconf 85' lang='lat' dir='ltr'>servant</span> <span class='ocrx_word' id='word_1_547' title='bbox 1350 2213 1486 2252; x_wconf 83' lang='lat' dir='ltr'>egregie</span> <span class='ocrx_word' id='word_1_548' title='bbox 1510 2213 1694 2253; x_wconf 85' lang='lat' dir='ltr'>vulgatum.</span> 
     </span>
     <span class='ocr_line' id='line_1_93' title="bbox 996 2261 1693 2303; baseline 0.001 -11"><span class='ocrx_word' id='word_1_549' title='bbox 996 2262 1105 2292; x_wconf 81' lang='lat' dir='ltr'>Animi</span> <span class='ocrx_word' id='word_1_550' title='bbox 1125 2272 1152 2292; x_wconf 89' lang='lat' dir='ltr'>c.</span> <span class='ocrx_word' id='word_1_551' title='bbox 1168 2263 1306 2293; x_wconf 83' lang='lat' dir='ltr'>Vascos.</span> <span class='ocrx_word' id='word_1_552' title='bbox 1323 2263 1429 2303; x_wconf 80' lang='lat' dir='ltr'>Bong.</span> <span class='ocrx_word' id='word_1_553' title='bbox 1446 2262 1548 2293; x_wconf 85' lang='lat' dir='ltr'>etiam</span> <span class='ocrx_word' id='word_1_554' title='bbox 1567 2267 1602 2293; x_wconf 89' lang='lat' dir='ltr'>et</span> <span class='ocrx_word' id='word_1_555' title='bbox 1617 2261 1693 2293; x_wconf 76' lang='lat' dir='ltr'>Lei-</span> 
     </span>
     <span class='ocr_line' id='line_1_94' title="bbox 997 2312 1693 2352; baseline 0 -10"><span class='ocrx_word' id='word_1_556' title='bbox 997 2312 1116 2343; x_wconf 75' lang='lat' dir='ltr'>denses</span> <span class='ocrx_word' id='word_1_557' title='bbox 1146 2317 1265 2344; x_wconf 84' lang='lat' dir='ltr'>carent</span> <span class='ocrx_word' id='word_1_558' title='bbox 1290 2314 1333 2351; x_wconf 78' lang='grc' dir='ltr'>τῷ</span> <span class='ocrx_word' id='word_1_559' title='bbox 1358 2313 1402 2344; x_wconf 83' lang='lat' dir='ltr'>in.</span> <span class='ocrx_word' id='word_1_560' title='bbox 1453 2313 1534 2344; x_wconf 84' lang='lat' dir='ltr'>Fors</span> <span class='ocrx_word' id='word_1_561' title='bbox 1559 2312 1693 2352; x_wconf 75' lang='lat' dir='ltr'>scripsit</span> 
     </span>
     <span class='ocr_line' id='line_1_95' title="bbox 997 2362 1693 2395; baseline -0.003 -1"><span class='ocrx_word' id='word_1_562' title='bbox 997 2363 1113 2394; x_wconf 86' lang='lat' dir='ltr'>Caesar</span> <span class='ocrx_word' id='word_1_563' title='bbox 1126 2364 1334 2395; x_wconf 64' lang='lat' dir='ltr'>Ronmanorum</span> <span class='ocrx_word' id='word_1_564' title='bbox 1346 2373 1454 2394; x_wconf 78' lang='lat' dir='ltr'>manus</span> <span class='ocrx_word' id='word_1_565' title='bbox 1560 2362 1693 2393; x_wconf 80' lang='lat' dir='ltr'>animine</span> 
     </span>
     <span class='ocr_line' id='line_1_96' title="bbox 995 2413 1691 2445; baseline -0.004 -1"><span class='ocrx_word' id='word_1_566' title='bbox 995 2423 1121 2445; x_wconf 78' lang='lat' dir='ltr'><em>caussa:</em></span> <span class='ocrx_word' id='word_1_567' title='bbox 1145 2414 1192 2445; x_wconf 82' lang='lat' dir='ltr'>sic</span> <span class='ocrx_word' id='word_1_568' title='bbox 1210 2424 1289 2445; x_wconf 84' lang='lat' dir='ltr'>sane</span> <span class='ocrx_word' id='word_1_569' title='bbox 1305 2423 1335 2445; x_wconf 93' lang='lat' dir='ltr'>c.</span> <span class='ocrx_word' id='word_1_570' title='bbox 1352 2417 1406 2445; x_wconf 81' lang='grc'>84.</span> <span class='ocrx_word' id='word_1_571' title='bbox 1439 2415 1448 2430; x_wconf 90' lang='lat'>‘</span> <span class='ocrx_word' id='word_1_572' title='bbox 1464 2413 1691 2444; x_wconf 84' lang='lat' dir='ltr'>Romanorum</span> 
     </span>
     <span class='ocr_line' id='line_1_97' title="bbox 996 2464 1357 2496; baseline 0.003 -2"><span class='ocrx_word' id='word_1_573' title='bbox 996 2473 1112 2495; x_wconf 83' lang='lat' dir='ltr'>manus</span> <span class='ocrx_word' id='word_1_574' title='bbox 1128 2464 1357 2496; x_wconf 67' lang='lat' dir='ltr'>distinemur!</span> 
     </span>
    </p>

    <p class='ocr_par' dir='ltr' id='par_1_13' title="bbox 994 2514 1694 2807">
     <span class='ocr_line' id='line_1_98' title="bbox 1038 2514 1694 2556; baseline -0.002 -10"><span class='ocrx_word' id='word_1_575' title='bbox 1038 2519 1078 2547; x_wconf 71' lang='lat'>34</span> <span class='ocrx_word' id='word_1_576' title='bbox 1105 2516 1199 2555; x_wconf 72' lang='lat' dir='ltr'>Cujus</span> <span class='ocrx_word' id='word_1_577' title='bbox 1222 2516 1283 2556; x_wconf 77' lang='lat' dir='ltr'>rei]</span> <span class='ocrx_word' id='word_1_578' title='bbox 1313 2517 1376 2547; x_wconf 89' lang='lat' dir='ltr'>Ms.</span> <span class='ocrx_word' id='word_1_579' title='bbox 1402 2516 1486 2555; x_wconf 80' lang='lat' dir='ltr'>Reg.</span> <span class='ocrx_word' id='word_1_580' title='bbox 1510 2514 1611 2545; x_wconf 80' lang='lat' dir='ltr'>habet</span> <span class='ocrx_word' id='word_1_581' title='bbox 1633 2518 1694 2545; x_wconf 71' lang='lat' dir='ltr'>tes-</span> 
     </span>
     <span class='ocr_line' id='line_1_99' title="bbox 994 2564 1693 2608; baseline -0.004 -11"><span class='ocrx_word' id='word_1_582' title='bbox 994 2567 1077 2598; x_wconf 80' lang='lat' dir='ltr'>tibus</span> <span class='ocrx_word' id='word_1_583' title='bbox 1092 2585 1132 2589; x_wconf 90' lang='lat'><em>—</em></span> <span class='ocrx_word' id='word_1_584' title='bbox 1146 2567 1202 2608; x_wconf 86' lang='lat' dir='ltr'>qui</span> <span class='ocrx_word' id='word_1_585' title='bbox 1218 2566 1316 2607; x_wconf 81' lang='lat' dir='ltr'>hujus</span> <span class='ocrx_word' id='word_1_586' title='bbox 1327 2566 1385 2604; x_wconf 81' lang='lat' dir='ltr'>rei,</span> <span class='ocrx_word' id='word_1_587' title='bbox 1397 2567 1459 2595; x_wconf 86' lang='lat' dir='ltr'>&amp;c.</span> <span class='ocrx_word' id='word_1_588' title='bbox 1492 2564 1576 2596; x_wconf 84' lang='lat' dir='ltr'>Quae</span> <span class='ocrx_word' id='word_1_589' title='bbox 1590 2564 1693 2595; x_wconf 83' lang='lat' dir='ltr'>lectio</span> 
     </span>
     <span class='ocr_line' id='line_1_100' title="bbox 994 2614 1692 2656; baseline -0.004 -8"><span class='ocrx_word' id='word_1_590' title='bbox 994 2617 1207 2649; x_wconf 87' lang='lat' dir='ltr'>nihilominus</span> <span class='ocrx_word' id='word_1_591' title='bbox 1229 2617 1362 2656; x_wconf 78' lang='lat' dir='ltr'>elegans</span> <span class='ocrx_word' id='word_1_592' title='bbox 1378 2619 1442 2653; x_wconf 83' lang='lat' dir='ltr'>est,</span> <span class='ocrx_word' id='word_1_593' title='bbox 1465 2618 1500 2645; x_wconf 87' lang='lat' dir='ltr'>ct</span> <span class='ocrx_word' id='word_1_594' title='bbox 1521 2624 1540 2645; x_wconf 88' lang='lat' dir='ltr'>a</span> <span class='ocrx_word' id='word_1_595' title='bbox 1566 2614 1692 2645; x_wconf 68' lang='lat' dir='ltr'>Graeco</span> 
     </span>
     <span class='ocr_line' id='line_1_101' title="bbox 995 2663 1693 2707; baseline -0.004 -9"><span class='ocrx_word' id='word_1_596' title='bbox 995 2668 1183 2707; x_wconf 84' lang='lat' dir='ltr'>interprete</span> <span class='ocrx_word' id='word_1_597' title='bbox 1207 2665 1342 2695; x_wconf 88' lang='lat' dir='ltr'>videtur</span> <span class='ocrx_word' id='word_1_598' title='bbox 1366 2669 1522 2704; x_wconf 85' lang='lat' dir='ltr'>recepta:</span> <span class='ocrx_word' id='word_1_599' title='bbox 1553 2665 1618 2695; x_wconf 78' lang='grc' dir='ltr'>τοῖς</span> <span class='ocrx_word' id='word_1_600' title='bbox 1631 2663 1693 2704; x_wconf 71' lang='grc' dir='ltr'>γὰρ</span> 
     </span>
     <span class='ocr_line' id='line_1_102' title="bbox 994 2713 1691 2755; baseline -0.003 -8"><span class='ocrx_word' id='word_1_601' title='bbox 994 2715 1146 2754; x_wconf 76' lang='grc' dir='ltr'>Ῥωμαίοις</span> <span class='ocrx_word' id='word_1_602' title='bbox 1158 2714 1287 2755; x_wconf 79' lang='grc' dir='ltr'>μάρτυσι</span> <span class='ocrx_word' id='word_1_603' title='bbox 1303 2715 1430 2754; x_wconf 82' lang='grc' dir='ltr'>χρῆσθε,</span> <span class='ocrx_word' id='word_1_604' title='bbox 1441 2713 1480 2754; x_wconf 71' lang='grc' dir='ltr'>οἳ,</span> <span class='ocrx_word' id='word_1_605' title='bbox 1493 2716 1557 2745; x_wconf 69' lang='lat' dir='ltr'>&amp;m</span> <span class='ocrx_word' id='word_1_606' title='bbox 1582 2716 1691 2745; x_wconf 76' lang='lat' dir='ltr'>Clark.</span> 
     </span>
     <span class='ocr_line' id='line_1_103' title="bbox 998 2765 1691 2807; baseline -0.004 -9"><span class='ocrx_word' id='word_1_607' title='bbox 998 2768 1043 2799; x_wconf 83' lang='lat' dir='ltr'>At</span> <span class='ocrx_word' id='word_1_608' title='bbox 1060 2769 1225 2807; x_wconf 79' lang='lat' dir='ltr'>interpres</span> <span class='ocrx_word' id='word_1_609' title='bbox 1250 2774 1314 2796; x_wconf 87' lang='lat' dir='ltr'>non</span> <span class='ocrx_word' id='word_1_610' title='bbox 1335 2765 1534 2806; x_wconf 84' lang='lat' dir='ltr'>interponit,</span> <span class='ocrx_word' id='word_1_611' title='bbox 1561 2769 1597 2796; x_wconf 81' lang='lat' dir='ltr'>ut</span> <span class='ocrx_word' id='word_1_612' title='bbox 1619 2765 1691 2796; x_wconf 69' lang='lat' dir='ltr'>Cae⁶</span> 
     </span>
    </p>
   </div>
   <div class='ocr_carea' id='block_1_7' title="bbox 1125 1979 1210 1983">
    <p class='ocr_par' dir='ltr' id='par_1_14' title="bbox 1125 1979 1210 1983">
     <span class='ocr_line' id='line_1_104' title="bbox 1125 1979 1210 1983; baseline 0 0"><span class='ocrx_word' id='word_1_613' title='bbox 1125 1979 1210 1983; x_wconf 95' lang='lat' dir='ltr'> </span> 
     </span>
    </p>
   </div>
   <div class='ocr_carea' id='block_1_8' title="bbox 1465 2381 1549 2387">
    <p class='ocr_par' dir='ltr' id='par_1_15' title="bbox 1465 2381 1549 2387">
     <span class='ocr_line' id='line_1_105' title="bbox 1465 2381 1549 2387; baseline 0 0"><span class='ocrx_word' id='word_1_614' title='bbox 1465 2381 1549 2387; x_wconf 95' lang='lat' dir='ltr'> </span> 
     </span>
    </p>
   </div>
  </div>
 </body>
</html>
