1818 3131
309 208 403 239 mn.
438 206 523 237 vii.
554 193 750 234 cuum.
784 203 847 233 niz
881 201 1036 232 nmmo
1067 202 1296 233 GAmeo.

79 308 201 349 Vulgg.
217 307 374 348 esposuit,·
400 306 460 337 sed
475 315 534 336 nos
543 304 650 335 secuti
666 312 777 333 numus

78 359 259 390 lectionem
273 358 408 389 Codicis
436 356 572 394 Andini,
586 365 684 396 quam
704 364 776 394 pro·

82 409 219 441 bavitJ.
236 410 288 439 Fr.
306 408 500 438 Gronovius
517 407 557 437 ad
578 405 662 436 Livii
681 414 704 436 1.
723 407 775 435 41.

79 459 265 499 Eleganter
289 459 377 489 enim
396 457 572 496 partieipia
587 456 651 486 hoc
677 455 777 486 inodo

79 508 233 539 absolute
260 512 442 548 ponuntur.
489 506 627 537 Curtius
653 514 700 536 iv.
724 507 776 536 13.

79 561 133 589 37.
178 558 188 574 ⁴
204 557 388 588 Adservari
405 555 581 596 transfuga
601 556 708 596 jusso,
722 564 778 586 ex-

78 606 275 647 positoque,
313 606 402 648 quod
446 607 641 637 nunciatum
679 605 778 636 erat.’

81 655 179 687 Idem
195 665 228 686 v.
246 658 295 688 12.
311 659 344 688 7.
389 658 398 673 ‘
417 657 542 688 Darius
572 656 779 688 Artabazum

79 706 184 738 acciri
203 707 319 747 jubet,
342 708 586 749 expositisque,
610 717 685 748 quae
714 706 779 737 Pa-

78 760 156 788 tron
194 757 389 788 detulerat!
434 758 469 788 Si
511 756 663 798 pluribus
694 766 778 797 opus

78 812 131 839 est
145 809 321 849 exemplis,
336 808 437 839 adeas
450 809 495 839 G.
510 808 545 840 J.
560 808 717 838 Voss-ium
735 807 778 838 de

80 858 275 890 Construct.
307 869 337 890 c.
359 861 412 890 49.
444 867 480 898 p.
508 861 581 889 179.
601 863 636 889 et
663 861 716 889 60.
746 868 779 898 p.

79 909 153 939 230.
201 910 295 939 Idem.
341 908 485 939 Audinis
500 908 701 939 membranis
726 917 780 938 ac-

79 957 205 988 cedunt
223 958 377 989 Leideus.
393 959 490 999 prim.
509 964 543 990 et
561 958 778 990 Oxoniensis.

79 1006 134 1038 Ad
153 1008 240 1039 Livii
258 1009 367 1040 locum
399 1009 476 1041 vide
502 1010 658 1040 laudatos
676 1019 693 1040 a
709 1009 780 1041 Cel.

79 1058 175 1090 Duk.
204 1064 238 1089 et
267 1059 442 1091 Drakenb.
471 1064 507 1091 et
532 1061 577 1091 N.
594 1060 710 1091 Heius.
738 1059 780 1089 ad

79 1107 201 1139 Vellei.
225 1117 248 1139 1.
280 1111 310 1139 7.
344 1113 380 1139 et
410 1109 600 1140 Commeat.
625 1108 667 1139 ad
696 1108 779 1139 Aur.

78 1159 168 1192 vict.
186 1160 283 1201 Orig.
301 1160 424 1192 Gentis
441 1161 539 1192 Rom.
569 1169 599 1190 c.
620 1162 668 1190 13.
692 1160 701 1177 ‘
720 1169 781 1200 per

81 1210 284 1251 colloquium
331 1211 508 1252 inquisito,
548 1210 604 1252 qui
643 1211 780 1242 essent.'

80 1261 121 1292 B.
140 1261 211 1292 civ.
229 1270 253 1292 1.
269 1263 321 1292 30.
356 1261 473 1293 ‘simul
492 1262 666 1293 Eunonem
691 1261 781 1292 mitti

80 1311 274 1350 audierunt,
325 1312 472 1343 nondum
511 1312 688 1352 profecto,’
719 1312 781 1343 διο.

82 1361 182 1392 Adde
199 1362 240 1392 ad
257 1371 281 1392 1.
298 1365 350 1393 39.
382 1363 391 1379 ‘
404 1362 546 1401 Audito,
560 1361 783 1401 Pompeium‚'

81 1413 147 1442 ὰς.
173 1417 210 1442 ut
235 1410 376 1451 quidam
400 1411 598 1450 conjiciunt,
626 1414 664 1441 ut
687 1415 723 1440 et
739 1419 779 1441 11.

83 1464 135 1492 10.
159 1470 222 1492 nec
245 1470 312 1491 non
340 1460 494 1491 Colvium
518 1459 559 1490 ad
584 1459 672 1490 Met.
691 1459 782 1499 Apu-

81 1511 139 1542 leii
162 1511 185 1541 l.
205 1519 228 1542 1.
252 1513 421 1550 comperto.-
445 1514 479 1541 et
503 1510 552 1541 ita
568 1520 601 1551 p.
628 1513 660 1540 5.
682 1510 691 1526 ⁴
706 1519 782 1550 pro-

81 1560 125 1592 be
142 1560 270 1592 curato’
301 1561 385 1591 Mss.
410 1564 445 1591 et
472 1559 558 1591 Edd.
585 1559 683 1590 Vett.
707 1559 782 1590 Me-

82 1611 148 1642 rito
164 1611 196 1642 in
213 1614 345 1644 textum
369 1619 502 1652 quoque
521 1609 652 1650 recepit
666 1609 783 1641 Clark·

83 1661 147 1692 ius.
171 1661 231 1693 Gr.
247 1659 406 1692 διδάσκων.

127 1714 167 1742 10
189 1710 368 1752 Acciperet]
392 1711 500 1751 Βοῦς.
524 1710 691 1749 Vossiani,
709 1710 783 1743 Lei-

84 1762 218 1801 denses,
255 1761 378 1801 scalig.
406 1761 527 1792 Petav.
561 1761 688 1792 Lovan.
716 1761 782 1801 Eg-

85 1811 200 1842 mund.
225 1810 320 1842 Duk.
346 1811 438 1842 Carr.
468 1811 564 1841 Gott.
591 1819 668 1841 cum
695 1810 782 1841 Edd.

84 1861 198 1893 multis
226 1860 460 1892 vetustissimis
492 1865 526 1891 et
558 1861 598 1892 R.
623 1861 783 1901 Stephani

83 1912 246 1943 accideret.
292 1910 394 1944 Quod
422 1920 540 1942 verum
568 1919 642 1942 esse
672 1911 783 1942 nullus

85 1960 216 1992 dubito.
260 1959 356 1992 Alibi
394 1961 667 1992 ‘incommodum
697 1961 785 1992 acci-

86 2011 159 2051 dit‚'
181 2015 219 2042 ut
235 2020 315 2043 vm.
331 2013 383 2042 24.
408 2012 449 2042 Β.
467 2011 537 2042 Οἰν.
566 2019 592 2041 1.
609 2013 665 2042 48.
686 2015 723 2042 et
743 2010 785 2041 si-

86 2060 200 2092 milia:
224 2061 308 2092 licet
338 2065 374 2092 et
396 2061 405 2078 ‘
422 2061 578 2102 accipere
604 2061 786 2092 detrimen-

87 2110 168 2142 tum’
185 2116 302 2142 noster
313 2120 390 2142 cum
405 2111 476 2142 aliis
488 2111 581 2143 dicat
594 2111 785 2152 aliquoties.

133 2161 345 2202 Quantopere]
390 2162 500 2201 Bong.
543 2172 594 2202 pr.
630 2161 785 2192 Vossian.

89 2221 140 2251 pr.
166 2211 330 2251 Egmund.
357 2211 489 2242 Duker.
513 2211 786 2251 Gotto=·p.Voss.

89 2271 158 2292 sec.
189 2260 284 2291 Leid.
315 2265 395 2292 tert.
425 2266 462 2291 et
492 2261 554 2292 Ed.
586 2261 787 2301 Inc.qu‹mt⁰

89 2316 232 2354 opere,et
243 2311 357 2342 statim
366 2314 454 2342 tanto
469 2321 557 2351 opere
569 2310 683 2350 iidem,
692 2312 741 2342 uti
753 2316 788 2342 et

91 2362 206 2394 Oxou.
222 2361 315 2392 Leid.
332 2366 367 2392 et
381 2361 476 2392 Voss.
492 2370 560 2392 sec.
576 2361 679 2392 Vere.
720 2361 788 2392 Adi

90 2418 208 2444 notata
232 2413 274 2443 ad
292 2422 315 2443 1.
340 2415 389 2443 13.
414 2413 423 2429 ‘
442 2421 511 2443 suae
537 2420 658 2452 magno
685 2420 789 2452 opere

92 2462 211 2494 virtuti
229 2461 418 2494 tribue1·et.'

136 2517 174 2546 15
199 2514 272 2545 Non
294 2512 409 2553 minus]
454 2511 509 2543 Sic
538 2512 606 2543 Ms.
623 2511 710 2552 Reg.
732 2510 788 2542 Al.

92 2565 161 2596 Nec
174 2566 284 2596 minus.
325 2565 433 2596 Clark.
480 2564 545 2594 Nec
560 2563 627 2594 mei
642 2562 791 2594 retinent

93 2625 222 2656 omnes,
237 2616 298 2648 sed
314 2616 348 2646 in
364 2614 548 2646 Ursiniano
563 2619 599 2644 ct
621 2613 790 2644 Vaticano

96 2665 200 2697 etin-m
215 2671 322 2697 restat
335 2676 406 2697 non.

140 2724 217 2748 mn.
248 2720 266 2748 1
289 2717 342 2749 Ad
377 2719 550 2748 extremum
587 2714 791 2757 confirmatis]

97 2764 156 2797 Sic
192 2765 260 2797 Ms.
289 2767 371 2809 Reg.
393 2767 519 2809 Vulgg.
557 2767 599 2798 ad
622 2768 793 2797 extremum

1413 193 1524 234 1231

828 302 982 334 oratione
1013 303 1213 345 confirmatis.
1240 302 1323 332 Mas.
1343 300 1468 332 Eliens.
1492 305 1528 333 et

828 352 954 391 Vossii,
968 353 1007 382 ad
1023 356 1191 383 extremam
1207 352 1392 382 orationem
1416 350 1527 392 confir-

828 403 933 432 matis.
975 403 1082 434 Clark.
1130 404 1309 443 vulgatu-1·
1329 402 1529 433 confirmant

829 452 910 483 Mss.
935 452 1051 492 Cujac.
1083 454 1159 484 Urs.
1190 453 1278 485 And.
1297 455 1408 485 Oxou.
1433 452 1530 485 Leid.

829 512 880 542 pr.
920 504 1007 533 Scal.
1042 503 1177 533 Carrar.
1203 503 1297 533 Duk.
1335 504 1441 534 Dorv.
1486 501 1528 533 In

829 562 868 582 eo
897 557 1008 583 tamen
1042 553 1133 583 ulcus
1158 553 1262 583 latere
1294 558 1385 592 puto.
1431 551 1529 593 Regii

829 603 965 634 Codicis
993 603 1172 634 lectionem
1200 602 1378 634 confirmat
1404 603 1530 635 Lovan.

830 654 901 685 Hac
916 653 1023 684 Ιιαὺὶιιι
1037 655 1178 683 oratione
1191 653 1270 690 cons.
1300 664 1338 683 m.
1390 652 1527 684 Aicard.

829 704 981 735 correxit
997 707 1026 734 et
1043 707 1183 734 extrema
1196 714 1239 733 nr.
1276 703 1400 733 Vei-uni
1419 703 1529 742 Bong.

831 766 880 796 pr.
910 756 1006 786 Voss.
1043 765 1092 795 pr.
1135 755 1256 785 Petav.
1302 753 1468 794 ligniund.
1495 758 1532 784 et

829 808 976 848 quinque
993 807 1199 837 recentiores
1224 816 1297 836 cuin
1325 805 1386 835 Eri.
1405 804 1531 835 1nc.ad

829 860 999 887 extremum
1025 857 1206 887 orationem.
1253 856 1351 888 Quod
1379 865 1438 886 cnr
1464 863 1531 885 non

831 907 1059 946 admittamus,
1077 908 1201 937 nullam
1230 906 1325 936 video
1351 915 1530 942 caussam3

830 969 890 999 pro
906 960 946 989 ad
974 958 1125 988 orationis
1139 957 1249 998 finem.
1274 957 1334 987 Gr.
1363 956 1529 986 τελευτῶν.

873 1013 893 1041 ὓ
918 1010 1029 1041 Nihilo
1052 1009 1168 1049 magis]
1212 1009 1268 1039 Sit·
1298 1008 1434 1049 quidem
1461 1006 1532 1037 edi·

830 1061 882 1092 dit
908 1062 1049 1091 Vascos.
1084 1060 1208 1091 Strada
1235 1064 1270 1089 et
1299 1058 1340 1089 R.
1372 1055 1534 1096 Stephan.

831 1121 906 1146 curn
924 1111 1001 1141 Urs.
1027 1115 1062 1141 et
1080 1110 1203 1149 Scalig.
1223 1118 1261 1139 ac
1281 1107 1431 1148 reliquis,
1455 1115 1532 1145 pro—

830 1161 935 1192 bante
955 1161 1184 1199 Hotomanno,
1211 1160 1291 1189 licet
1319 1161 1466 1188 testetur
1500 1156 1534 1186 in

830 1212 914 1242 Mss.
940 1212 1008 1241 suis
1027 1211 1179 1242 omnibus
1197 1209 1298 1241 scribi
1322 1206 1532 1238 nihilominus.

831 1261 1011 1293 Consentit
1029 1261 1174 1300 vulgatis
1189 1259 1441 1298 Memphi-astes
1457 1257 1534 1286 ἐπει-

830 1311 866 1348 δὴ
882 1310 915 1341 δὲ
941 1311 968 1341 οἶ
994 1309 1136 1348 πολέμιοι
1160 1309 1214 1340 οὐκ
1243 1306 1442 1349 ἀντεξῄεσαν.
1466 1307 1533 1336 Ve-

832 1370 904 1391 rum
928 1362 1037 1400 Bong.
1054 1359 1212 1390 Vossiani
1230 1359 1425 1396 Leidenses,
1442 1355 1534 1387 And.

833 1411 946 1441 Oxon.
963 1410 1130 1450 Egmund.
1142 1410 1265 1440 Lovan.
1281 1408 1411 1438 Duker.
1423 1407 1533 1438 Dorv.

833 1460 931 1494 Gott.
961 1465 995 1490 et
1025 1459 1159 1500 reliqui,
1190 1464 1229 1489 ut
1254 1464 1336 1498 puto
1353 1467 1429 1488 cum
1446 1456 1534 1488 Edd.

820 1509 960 1550 primis,
977 1510 1056 1540 item
1084 1508 1177 1548 Aldi,
1205 1507 1362 1548 Gryphii,
1381 1505 1536 1541 Plautini

833 1560 995 1591 exhibent
1006 1559 1225 1590 nihilominus.-
1249 1564 1284 1588 et
1297 1557 1415 1588 Celsus
1439 1555 1535 1595 ‘ipse

834 1611 936 1642 etiam
962 1610 994 1640 in
1013 1610 1116 1649 plana
1141 1607 1340 1639 descendit)
1383 1607 1467 1637 Plus
1485 1610 1535 1636 ta-

834 1669 910 1691 men
941 1660 974 1690 in
1000 1658 1036 1689 τὸ
1060 1659 1162 1697 magis
1189 1658 1326 1695 inclino,
1349 1656 1376 1687 si
1406 1655 1538 1687 idoneis

836 1709 1058 1741 confirmetur
1072 1708 1267 1739 Codicibus.
1314 1706 1442 1737 Eadem
1459 1714 1538 1737 con·

834 1760 921 1791 fusio
937 1760 969 1790 in
987 1760 1038 1790 iiis
1056 1758 1193 1789 vocibus
1210 1767 1241 1788 v.
1261 1761 1290 1788 1.

878 1820 947 1841 mv.
981 1813 999 1840 3
1024 1809 1217 1849 Praecedere]
1269 1808 1436 1847 Bongars.
1482 1815 1535 1846 pr.

836 1860 932 1891 Leid.
963 1869 1014 1900 pr.
1047 1857 1201 1889 Vossian.
1233 1866 1283 1898 pr.
1314 1857 1440 1896 Scalig.
1471 1857 1539 1896 Eg-

834 1910 949 1942 mund.
980 1909 1113 1941 Duker.
1144 1913 1179 1939 et
1205 1911 1225 1938 6
1254 1907 1310 1938 alii
1341 1916 1418 1938 cum
1446 1905 1538 1938 Edd.

837 1962 916 1992 Ber.
940 1960 1041 1991 Vasc.
1058 1960 1126 1990 Str.
1153 1958 1272 1998 Steph.
1299 1957 1432 1998 Gryph.
1446 1960 1536 1997 post.

836 2012 1024 2042 antecedere.
1056 2011 1175 2040 Recte.
1205 2010 1305 2040 c.12.
1339 2009 1348 2023 ‘
1366 2006 1540 2048 equitatus

837 2062 895 2102 qui
941 2070 1061 2101 agmen
1114 2057 1371 2090 antecesserat!
1418 2067 1447 2088 c.
1485 2059 1538 2088 35.

837 2112 845 2127 ‘
862 2111 1127 2151 Vercingetorix
1173 2109 1302 2150 maguis
1358 2107 1539 2139 itineribus

839 2161 1041 2193 antecessit!
1065 2161 1106 2192 B.
1124 2160 1197 2192 Civ.
1212 2169 1250 2190 11.
1263 2162 1316 2195 2-1.
1341 2159 1349 2175 ‘
1365 2158 1446 2198 Ipse
1461 2167 1538 2189 cum

838 2211 994 2252 equitatu
1006 2209 1179 2242 antecedit
1191 2210 1232 2240 ad
1245 2209 1453 2250 exploranda
1469 2217 1540 2240 cas-

839 2261 911 2293 tra!
959 2262 1124 2301 Praegredi
1147 2270 1202 2291 111.
1219 2263 1272 2291 78.
1298 2264 1335 2291 ut
1358 2259 1541 2300 legendum

837 2320 856 2342 e
874 2312 1000 2342 Lovan.
1018 2316 1053 2342 et
1068 2311 1247 2341 antecedere
1265 2319 1380 2340 rursus
1398 2319 1426 2340 e.
1443 2311 1497 2340 79.

881 2366 899 2393 5
927 2362 1032 2392 Caesar
1060 2360 1179 2402 persp]
1226 2360 1266 2391 In
1284 2359 1450 2390 nonnullis
1465 2367 1541 2399 pro-

841 2413 951 2454 prium
977 2422 1100 2444 nomen
1125 2411 1264 2452 ponitur
1290 2414 1369 2440 ante
1386 2409 1455 2440 etsi.
1499 2408 1542 2440 In

843 2463 915 2494 aliis
947 2464 1053 2494 Caesar
1083 2461 1163 2502 perf.
1194 2462 1269 2492 ΔΕΑ.
1296 2459 1363 2490 Sed
1397 2459 1496 2489 abest
1522 2467 1542 2487 a.

842 2514 949 2554 Bong.
976 2523 1029 2554 pr.
1057 2513 1156 2543 Voss.
1188 2520 1240 2552 pr.
1266 2510 1389 2540 Petav.
1414 2510 1542 2540 Lovan.

842 2562 1009 2602 Egmund.
1039 2567 1074 2593 et
1104 2560 1256 2602 plurimis
1284 2559 1369 2595 aliis,
1400 2567 1439 2588 ac
1467 2557 1542 2587 Inc.

843 2612 1013 2644 Editioue.
1041 2613 1159 2644 Recte.
1181 2611 1224 2640 V.
1241 2609 1282 2640 ad
1301 2618 1339 2639 11.
1356 2611 1405 2638 17.
1450 2605 1542 2637 Dein

842 2663 998 2694 maturari
1021 2667 1073 2694 est
1089 2663 1124 2693 in
1141 2661 1251 2692 Oxou.
1277 2659 1311 2689 in
1328 2657 1422 2688 Leid.
1437 2665 1490 2696 pr.
1507 2659 1544 2687 et

842 2713 969 2753 scalig.
991 2712 1181 2744 maturandi.
1227 2709 1266 2740 Iu
1283 2709 1404 2738 Petav.
1433 2706 1473 2736 ad
1489 2715 1542 2735 na-

842 2764 984 2796 turalem.
1029 2763 1150 2795 Fuitne
1173 2760 1338 2792 discessum
1366 2755 1544 2788 ’riatur-andi
