1818 3131
299 224 390 254 [ΑΒ.
425 224 528 252 viii.
559 221 665 250 mi».
697 212 767 252 20.
803 223 864 251 υκ
900 224 1054 252 nunno
1087 223 1315 252 GALlACO.

112 319 301 349 l'cuultiuia
329 329 405 357 vox,
430 328 526 350 sensu
553 317 725 357 exigente,
752 317 807 346 dc»,-

109 370 228 400 leatur.
248 369 404 400 Arbitror
420 380 491 400 eam
506 378 524 400 e
537 373 616 399 nota
634 367 806 406 marginali

110 419 142 450 in
168 425 297 451 textum
323 420 505 460 irrepsisse.
542 419 575 449 Si
602 420 673 449 liare
697 428 806 448 cineu-

110 469 211 500 daudi
240 471 324 501 ratio
347 479 411 500 non
438 470 583 508 placeat,
607 468 707 507 paulo
731 472 807 505 post

110 519 284 557 legendum
311 529 370 550 non
393 519 496 558 potuit
519 517 642 548 adduci.
684 517 805 548 Utram

109 567 215 607 malis,
240 568 340 605 elige,
369 578 445 598 nam
474 568 526 598 vel
558 568 628 597 lia-i·
661 567 715 597 vel
750 567 807 597 illa

108 617 206 656 plano
227 622 279 647 est
301 618 508 654 necessaria,
534 617 620 658 quod
640 626 658 647 a
674 617 806 648 nemine

107 665 323 697 observatum
337 668 452 698 miror.
475 668 584 699 Daris.
610 667 677 698 Aut
692 667 806 698 delen-

107 715 292 756 damjubct
306 718 464 749 Davisius
474 728 591 749 vocem
605 719 723 753 1·ictus;
749 722 806 747 aut

108 766 287 806 legendum
305 767 476 808 deinceps,
488 778 547 798 non
567 768 668 808 potuit
681 767 807 798 adduci.-

110 816 196 846 Nam
209 817 260 846 vel
275 817 357 848 lianc
369 818 420 847 vel
435 818 524 849 illam
536 818 805 848 emendationem

109 866 207 905 plane
245 876 316 897 esso
364 868 603 907 necessariam,
649 868 752 908 idque
791 877 809 898 a

107 917 240 947 nemine
251 917 478 957 observatum,
494 918 644 949 miratur.
681 920 806 949 Verum

105 975 214 1006 neque
231 967 315 1006 lime,
332 978 443 1009 noque
465 969 521 999 illa
537 968 668 999 demum
692 977 807 998 neces—

106 1017 194 1047 saria
219 1024 271 1049 est
297 1018 501 1049 emendatio.
549 1018 698 1056 Etenim,
724 1019 808 1048 nulla

105 1069 282 1098 calamitate
293 1068 389 1098 rictus
401 1069 568 1099 Correus—
574 1069 675 1108 potuit
684 1069 807 1105 adduci,

108 1117 175 1147 tale
191 1122 255 1154 est,
268 1118 366 1157 quale
380 1118 407 1147 si
420 1117 524 1155 dicas,
536 1119 619 1147 nuda
631 1117 808 1147 calamitate

105 1166 178 1196 adeo
197 1165 323 1203 fractus
352 1170 432 1205 erat,
458 1170 492 1197 ut
520 1167 659 1207 potuerit
683 1167 808 1205 adduci,

105 1217 158 1255 ‘5⁸⁶-
191 1217 298 1246 Clark.
338 1216 425 1247 Dele
441 1221 564 1255 notam,
580 1221 615 1246 et
640 1216 710 1256 ejus
734 1217 807 1246 loco

106 1265 215 1297 adde:
251 1266 355 1300 Quum
376 1266 502 1297 interim
525 1266 609 1296 nulla
630 1266 809 1296 calamitate

107 1315 204 1346 rictus
221 1316 353 1346 Correus
367 1317 511 1347 excedere
525 1316 645 1355 proelio,
659 1316 809 1354 silvasque

105 1369 222 1406 petere,
238 1371 294 1396 aut
317 1365 521 1396 imitantibus
543 1365 655 1395 nostris
670 1366 709 1395 ad
724 1365 808 1395 dedi-

107 1416 220 1447 tioncm
229 1416 332 1456 putuit
345 1416 467 1453 addat-i,
482 1415 568 1455 quin,
579 1415 631 1453 &a
663 1413 810 1445 Omnino

107 1465 225 1496 deesse
243 1465 375 1495 videtur
394 1465 560 1504 particula
577 1474 713 1505 negans.
749 1465 812 1495 Be-

107 1514 244 1546 roaldus
275 1520 310 1545 et
344 1515 487 1545 Ursinus
517 1513 700 1545 ediderunt
730 1514 811 1545 haud

109 1566 314 1597 invitantibus
335 1566 471 1602 nostris,·
497 1577 535 1597 ac
558 1567 607 1597 ita
629 1567 755 1603 legitur
777 1567 810 1598 in

109 1617 292 1647 veterrimo
308 1617 434 1647 Lovau.
453 1616 676 1656 'l‘ransposita
694 1618 812 1646 vocula

107 1666 197 1705 lego,
241 1666 344 1700 Quam
367 1666 492 1697 interim
519 1668 603 1697 nulla
635 1668 812 1698 calamitate

109 1716 209 1746 rictus
226 1717 359 1746 Correus
374 1717 517 1747 excedere
529 1718 650 1756 pra-lio,
661 1717 811 1757 silvasque

105 1769 212 1807 petere
225 1777 237 1803 ,·
264 1766 469 1797 invitantibus
492 1769 608 1798 nastris
634 1769 674 1797 ad
697 1768 810 1798 dediti-

107 1825 206 1853 onem,
217 1815 302 1846 haud
309 1816 412 1855 patuit
421 1817 544 1856 adduci,
552 1817 624 1856 quin
625 1816 811 1857 fortissime,

106 1867 158 1906 ἅμ’.
201 1866 312 1897 Davis.
360 1876 430 1897 cur.
465 1876 533 1897 sec.
569 1868 664 1898 Ham!
696 1874 809 1899 exstat

107 1926 237 1958 quoque
254 1916 287 1947 in
308 1917 426 1947 Petav.
449 1918 568 1948 Erant.
594 1918 677 1948 Mss.
701 1917 751 1948 uti
774 1923 809 1948 et

108 1967 195 1998 Edd.
208 1967 380 2007 plerisque
395 1966 629 1998 vetustiorum.
644 1968 711 1998 Sed
724 1968 808 1998 bene

108 2017 221 2049 Ursin.
253 2018 409 2050 Ciaccon.
443 2018 580 2049 Hotom.
607 2023 642 2049 et
668 2019 724 2048 alii
754 2023 808 2049 aut

107 2069 265 2109 legerunt
287 2069 357 2108 jain
388 2068 480 2106 olim,
516 2073 550 2099 et
586 2068 809 2099 restituerunt

107 2119 251 2149 excedere
264 2123 299 2148 et
311 2121 434 2158 petere.-
459 2128 534 2148 cum
548 2118 580 2147 in
594 2118 679 2148 Edd.
693 2118 808 2158 primis

107 2169 263 2199 excederet
280 2173 314 2198 et
329 2170 444 2207 peteret
460 2167 698 2198 excuderetur.
725 2168 810 2198 Cou-

108 2217 251 2248 structio
277 2217 366 2247 euim
392 2217 465 2247 haec
490 2222 560 2246 est:
596 2218 672 2247 Non
697 2219 810 2257 potuit

109 2268 253 2298 Correus
270 2266 515 2297 calamitatibus
531 2267 606 2297 ullis
626 2267 735 2297 victus
753 2267 810 2298 ad-

108 2317 199 2356 duci,
231 2310 268 2348 ut
297 2317 414 2357 proelio
438 2317 633 2356 excederet,
658 2321 715 2346 aut
743 2326 808 2347 non

107 2367 217 2407 potuit
235 2366 370 2404 adduci,
392 2366 594 2397 invitatione
618 2372 808 2397 nostrorum

108 2417 151 2448 ad
167 2417 388 2453 deditionem,
405 2417 495 2456 quin,
512 2419 577 2446 dcc.
614 2417 728 2447 Nullus
743 2427 807 2447 non

107 2476 186 2499 raro
199 2468 231 2498 in
244 2467 495 2498 constructione
508 2466 643 2497 dissolvi
656 2467 758 2498 debet
776 2468 808 2498 in

72 2540 76 2543 «
107 2527 167 2548 non
182 2519 272 2548 ullus.
299 2517 338 2546 V.
355 2515 397 2546 ad
416 2517 541 2547 Lucan.
559 2526 568 2540 ν
587 2541 591 2545 .
611 2519 640 2547 3,
670 2516 811 2548 Infiniti-

109 2578 168 2600 vus
191 2577 251 2609 pro
268 2567 444 2599 Gen-undio
468 2568 517 2597 uti
544 2568 630 2595 am]
651 2567 743 2605 alios,
760 2567 809 2597 sic

109 2622 145 2650 et
162 2619 241 2650 alibi
256 2619 345 2649 hisce
372 2619 404 2648 iu
428 2626 554 2648 comus
586 2617 673 2647 ...tiis
693 2626 808 2648 occur-

110 2667 166 2699 rit.
203 2668 246 2699 V.
262 2668 381 2699 Davis.
405 2668 448 2698 ad
467 2677 530 2698 vu.
549 2670 598 2698 ἐμ.
614 2670 665 2697 71.
696 2669 704 2683 ‘
725 2667 808 2698 Con-

109 2716 221 2750 silium
235 2718 327 2759 capit
341 2719 528 2759 equitatuu-
549 2718 721 2749 dimittere
735 2720 756 2748 :’
773 2722 809 2747 et

110 2766 200 2798 infra
209 2767 250 2798 ad
262 2778 291 2799 c.
300 2770 353 2800 44.
379 2768 452 2799 Non
462 2767 523 2798 ἀπὸ
538 2768 638 2799 κοινοῦ
652 2772 809 2808 repeten—

1442 211 1554 253 1293

859 318 935 348 dum
950 324 1015 357 cst,
1029 323 1062 348 ut
1075 319 1161 348 solet
1175 316 1247 348 fieri
1261 316 1461 347 sexcenties.
1489 316 1556 346 Adi

857 377 990 406 quoque
1021 368 1060 398 ad
1090 369 1215 398 Lucan.
1248 375 1287 396 n.
1316 369 1390 397 373.
1426 366 1556 397 Passim

859 416 961 446 Hirtii
979 418 1085 456 stylus
1108 422 1158 447 ent
1176 416 1375 455 intricatior,
1393 422 1428 447 et
1447 416 1557 447 diver-

857 475 911 495 sus
929 466 1028 505 plane
1043 476 1062 496 a
1077 467 1224 498 Juliano.

899 518 939 545 27
972 516 1083 546 Elaios
1106 516 1284 556 iracundia]
1318 517 1458 547 Exsulat
1474 516 1558 547 Par·

858 565 1011 603 ticipium
1039 565 1081 595 ab
1106 565 1231 596 Audin.
1257 572 1292 598 et
1313 568 1424 598 Oxon.
1459 566 1558 599 Quod

858 620 968 646 tamen
986 626 1051 646 non
1069 617 1183 656 probo.
1209 621 1216 634 ‘
1233 619 1351 648 Elatus
1367 618 1449 658 spe,'
1464 619 1472 635 ‘
1491 617 1559 649 vic·

858 666 965 704 toria‚'
984 668 1034 704 &a
1053 667 1174 706 passim
1192 667 1326 698 dicitur.
1363 668 1429 698 Sed
1449 673 1482 698 et
1499 668 1559 698 ela-

857 719 906 746 tus
920 717 1079 747 iracundia
1108 726 1170 756 pro
1193 717 1348 756 abrepto,
1372 722 1407 747 et
1435 717 1559 755 ablato,

857 767 1230 806 eleganterusurpatur.
1254 766 1412 806 Sopliocl.
1430 767 1557 796 Elei-tr.

857 818 931 846 629.
971 814 1082 855 ἐκφέρῃ
1107 815 1181 855 πρὸς
1220 814 1324 855 ὀργήν.
1370 815 1425 846 Ita
1452 816 1460 831 ‘
1478 816 1557 845 elati

858 866 987 897 studio’
1011 867 1050 896 B.
1067 866 1137 896 Civ.
1152 876 1176 896 1.
1189 869 1241 896 45.
1267 865 1416 906 ‘gloria’
1442 874 1497 896 ιιι.
1509 868 1560 896 79.

858 915 912 947 Sic
931 916 1034 956 Apul.
1061 925 1115 946 111.
1145 925 1179 955 p.
1206 919 1257 947 49.
1291 915 1352 946 Ed.
1375 915 1463 946 Prie.
1494 915 1559 945 ‘ad

852 966 982 1005 justam
1015 966 1280 1006 indignationem
1311 966 1436 996 arrecti
1451 965 1470 995 :'
1502 965 1559 995 ubi

858 1025 923 1045 non
941 1025 1024 1055 opus
1049 1023 1102 1046 est
1125 1017 1218 1046 erecti
1240 1017 1293 1046 vel
1317 1015 1449 1054 abrepti,
1472 1015 1560 1055 quod

859 1065 938 1095 olim
953 1067 1178 1105 conjeceram.
1224 1065 1312 1095 Hinc
1336 1064 1405 1095 fors
1422 1063 1560 1094 defendi

859 1118 976 1153 posset
989 1113 1155 1153 Apuleius
1181 1122 1314 1154 quoque
1337 1114 1359 1144 l.
1375 1122 1421 1143 v1.
1439 1123 1470 1152 p.
1489 1115 1561 1143 117.

857 1166 866 1181 ‘
885 1164 972 1194 truci
1020 1164 1114 1194 rabie
1157 1165 1268 1194 solent
1310 1163 1417 1204 efferri
1435 1164 1454 1194 .·’
1505 1162 1561 1193 ubi

859 1214 1038 1244 emendant
1054 1213 1183 1254 efferari
1197 1213 1260 1244 viri
1273 1213 1379 1251 docti,
1391 1218 1427 1244 et
1440 1213 1560 1243 Barth.

858 1263 1004 1294 Advers.
1017 1272 1130 1294 xxxv.
1147 1267 1200 1295 14.
1211 1273 1263 1294 me
1276 1273 1339 1294 non
1354 1262 1561 1304 refragante.

902 1321 965 1344 xx.
991 1317 1024 1344 4.
1052 1314 1125 1344 Plus
1147 1314 1247 1344 minus
1262 1323 1327 1344 nx.
1349 1313 1472 1344 mitibus
1492 1323 1562 1353 pas·

858 1363 962 1402 suum]
1000 1363 1161 1394 Ultimam
1191 1372 1309 1394 vocem
1349 1372 1415 1393 nou
1445 1372 1564 1403 agnos-

860 1417 940 1443 cunt
953 1413 1039 1443 Mss.
1057 1417 1128 1443 tum
1145 1413 1299 1451 aliorum,
1314 1417 1384 1443 tum
1400 1413 1479 1451 mei,
1497 1422 1563 1443 uno

860 1465 1036 1505 alteroque
1081 1469 1242 1505 excepto,
1283 1464 1333 1495 uti
1371 1473 1435 1495 nec
1472 1463 1563 1495 Edd.

860 1515 989 1555 primae.
1016 1516 1110 1546 Bene
1125 1515 1270 1546 omnino.
1303 1515 1390 1546 Vide
1407 1515 1563 1555 exempla

859 1570 1022 1605 congesta
1037 1565 1079 1596 ad
1097 1574 1121 1595 1.
1138 1568 1192 1596 15.
1223 1566 1384 1596 Ceterum
1397 1566 1485 1596 male
1500 1575 1562 1605 pro

856 1617 927 1655 plus
949 1616 1050 1646 minas
1073 1615 1159 1646 Edd.
1186 1616 1327 1646 Vascos.
1352 1616 1420 1646 Str.
1444 1615 1561 1655 Stepli.

860 1666 1003 1706 Gryphii
1020 1671 1106 1706 post.
1125 1667 1207 1697 dant
1220 1677 1320 1706 quam.
1344 1667 1420 1697 Nec
1432 1666 1561 1704 melius,

860 1717 931 1747 haec
947 1717 999 1747 vel
1017 1716 1053 1747 τὸ
1064 1717 1186 1755 longius
1203 1716 1563 1756 abundare,credebat

861 1767 1040 1797 Gruterus.
1057 1766 1123 1797 Sed
1139 1765 1215 1796 vide
1227 1765 1267 1797 ad
1281 1776 1312 1796 v.
1326 1769 1380 1797 47.
1397 1767 1406 1782 ⁴
1420 1766 1563 1797 nlmilia

861 1825 1016 1855 passuum
1035 1816 1133 1855 longe
1151 1815 1192 1845 ab
1209 1816 1277 1846 suis
1301 1816 1422 1847 castris
1446 1824 1562 1846 conse-

859 1865 971 1896 disse!
1008 1866 1085 1895 Plus
1099 1865 1199 1895 minus
1221 1865 1310 1896 idern
1335 1866 1427 1896 valet
1442 1875 1482 1897 ac
1504 1866 1564 1896 cir-

857 1915 948 1953 citer,
960 1915 1011 1946 ad.
1037 1914 1156 1945 Poetis
1173 1924 1264 1954 serpe
1277 1915 1381 1954 plusve
1392 1915 1539 1946 minusve.

899 1968 920 1995 9
938 1964 1072 2004 Cognita
1087 1965 1279 2005 calamitate]
1305 1964 1377 1995 Has
1392 1974 1490 1996 voces
1507 1974 1562 1996 ex-

858 2015 981 2055 punxit
1019 2015 1126 2046 Gabr.
1156 2015 1327 2053 Faernu53
1367 2021 1403 2046 et
1433 2015 1468 2046 in
1498 2015 1561 2046 hoc

859 2064 993 2105 quidem
1022 2065 1196 2096 verborum
1225 2065 1291 2096 situ
1321 2066 1453 2096 omnino
1483 2070 1563 2097 sunt

858 2124 1132 2154 supervacaneae.
1166 2115 1232 2146 Sed
1247 2125 1322 2146 cum
1337 2125 1393 2146 eas
1407 2120 1563 2147 constan-

860 2171 912 2195 ter
928 2164 1110 2195 exhibeant
1133 2175 1246 2195 omnes
1264 2165 1421 2206 Codices,
1446 2166 1562 2197 viden-

858 2216 950 2255 dum,
965 2226 1006 2246 an
1022 2215 1192 2256 perioduS,
1206 2217 1414 2256 transposita
1427 2226 1491 2248 una
1504 2221 1561 2248 ant

858 2267 966 2297 altera
984 2267 1114 2305 vocula,
1137 2266 1199 2298 hoc
1222 2267 1320 2297 modo
1345 2267 1412 2307 legi
1434 2267 1561 2307 possit:

858 2320 867 2335 ⁴
888 2318 935 2349 At
959 2318 1135 2349 Bellovaci
1161 2318 1367 2359 reliquaeque
1391 2318 1559 2357 civitates,

858 2374 998 2409 repente
1011 2379 1053 2399 ex
1078 2369 1193 2409 paucis
1217 2374 1318 2409 atque
1341 2369 1391 2399 his
1409 2369 1562 2399 vulnera-

859 2419 913 2458 tis,
929 2417 1010 2460 fuga
1034 2420 1192 2459 receptis,
1209 2419 1262 2459 qni
1284 2419 1440 2449 silvarum
1460 2419 1560 2450 bene-

857 2467 933 2499 ficio
950 2479 1063 2500 casum
1083 2470 1303 2504 evitaverunt,
1323 2469 1459 2509 cognita
1474 2470 1562 2500 cala-

857 2519 996 2556 mitate;
1024 2519 1177 2549 omnibus
1197 2516 1358 2557 adversm,
1379 2517 1560 2549 interfecto

858 2569 1006 2607 Correo‚'
1034 2574 1096 2600 eze.
1142 2570 1243 2600 Certe
1280 2569 1351 2599 haec
1386 2568 1560 2608 potissima

859 2618 994 2648 videtur
1013 2619 1115 2649 Hirtii
1129 2619 1331 2650 emendandi
1349 2619 1446 2656 ratio,
1458 2628 1559 2659 quam

859 2669 979 2707 partim
999 2669 1116 2698 vidi-se
1133 2669 1364 2699 d1.ciis>in1um
1384 2668 1487 2698 virum
1503 2668 1558 2698 Fr.

859 2718 1112 2750 Hotomannum
1140 2719 1258 2749 lubens
1286 2717 1407 2749 fateor.
1444 2718 1557 2749 Dacis.

858 2766 1012 2808 ,Iungunt
1034 2767 1089 2798 alii
1113 2768 1184 2798 sine
1206 2767 1330 2807 copula
1348 2766 1486 2798 omnibus
1506 2768 1560 2798 ad·
