1872 3115
414 220 509 249 nin.
541 220 571 249 1.
603 219 708 248 cAi‘.
738 208 809 248 53.
845 220 906 248 nn
940 220 1094 250 nunno
1127 220 1356 251 cAmeo.

167 314 334 346 Hotoman.
359 313 447 344 Huic
455 311 658 343 Hotomanni
671 316 759 343 notae
775 312 861 343 adde

165 365 390 396 Ciacconium.
436 363 557 403 Inepte
588 372 668 393 vero
694 363 861 393 Glandor-

163 416 236 456 pius
261 414 450 456 τριακοσίους
471 413 612 444 σταδίους
638 414 779 454 exponit
800 424 860 454 per

162 467 294 506 triginta
310 467 422 505 stadia,
445 470 480 496 et
499 464 714 505 τετρακοσίους
730 468 861 505 qunam-

156 518 260 556 ginta.
305 517 381 548 Hoc.
407 518 497 547 enim
526 517 680 551 desiffnat
707 515 859 556 τεσσαρά-

158 579 263 607 κοντα,
289 573 325 598 ut
358 568 419 598 hoc
452 568 525 598 loco
552 567 655 598 vertit
685 567 858 607 interpres

159 617 321 648 Graecus:
348 618 435 648 uude
454 622 561 658 patet,
577 627 653 647 eum
670 617 702 647 in
719 626 778 647 suo
800 626 857 647 ex-

158 668 298 708 emplari
339 678 471 708 quoquc
512 668 679 698 invenisse
717 667 857 707 quinque.

156 718 281 748 Verum
298 718 570 757 Jungcrmannus
585 723 620 749 et
643 718 730 748 hunc
747 727 858 748 emen-

157 768 237 799 dare
253 774 393 800 conatur
410 769 604 808 reponendo
618 767 855 808 τετταρακόσια.

158 818 315 849 Ceterum
331 819 416 850 Mss.
434 819 574 849 alioruin
598 823 633 850 et
654 819 717 849 mei
741 828 856 849 omnes

157 874 351 900 constanter
366 874 503 900 servant
515 870 654 910 quinque.
686 870 856 901 Ciacconii

155 923 267 950 tamen
300 925 335 950 et
363 919 568 951 Hotomanni
585 920 855 951 emendationem

157 970 326 1010 praefer03
350 972 436 1003 adde
465 973 598 1003 Cluver.
625 972 741 1004 Germ.
771 971 852 1002 Ant.

154 1021 187 1051 in
203 1031 341 1061 prooem.
358 1032 557 1063 (piamquam
575 1022 633 1052 alii
650 1023 749 1053 aliter
765 1021 855 1062 judi-

153 1075 243 1101 cant.
289 1071 343 1102 Sic
356 1075 487 1112 quatuor
497 1077 533 1103 et
548 1073 757 1112 quadraginta
777 1082 853 1103 con-

153 1118 339 1151 funduntur
358 1122 396 1152 15.
414 1122 486 1152 Civ.
506 1130 529 1152 1.
546 1124 596 1152 17.
620 1126 655 1152 et
671 1122 803 1162 quinque
819 1126 853 1152 et

152 1170 375 1210 quinquaginta
391 1181 420 1202 c.
437 1174 489 1202 23.

195 1224 212 1251 5
239 1222 460 1262 Transuatare]
489 1222 565 1253 Hoc
588 1232 629 1252 ex
654 1222 770 1253 Ursini
787 1222 851 1253 Co-

151 1268 228 1301 dice
253 1271 402 1311 adripuit
423 1272 578 1312 Scaliger
603 1277 640 1303 et
663 1281 758 1313 seqq.
802 1271 852 1302 At

150 1319 182 1350 in
206 1321 297 1351 nullo
320 1330 470 1352 meorum
494 1321 647 1362 adparet.
692 1321 850 1361 Plerique

151 1379 226 1401 cum
244 1370 331 1401 Edd.
348 1371 473 1402 habent
489 1375 624 1402 tranare.
648 1372 756 1412 Bong.
771 1376 850 1403 tert.

150 1423 323 1459 transnare,
339 1425 375 1451 ut
398 1421 498 1461 vulgo
520 1421 554 1451 in
580 1422 713 1452 Caesare
730 1421 850 1452 scribi-

150 1474 205 1500 tur
228 1471 371 1510 passini:
400 1475 561 1502 tranatare
586 1471 730 1502 Andinae
747 1482 849 1502 mein-

148 1519 275 1557 branae,
290 1522 414 1561 Scalig.
439 1521 532 1552 Leid.
552 1531 601 1561 pr.
619 1526 653 1551 ct
670 1526 750 1552 tert.
795 1522 847 1551 Ex

147 1569 300 1610 Anglicis
337 1571 519 1602 Codicibus
544 1570 738 1601 variationis
766 1570 848 1601 nihil

147 1625 328 1652 enotarunt
345 1622 405 1652 viri
419 1621 524 1652 docti.
550 1621 640 1653 Quid
653 1621 846 1661 praeferam,

147 1669 297 1701 incertus
309 1681 393 1710 suni,
404 1677 439 1702 et
456 1681 573 1712 parum
587 1671 705 1703 refert.
733 1673 846 1703 Trans-

146 1725 233 1752 naret
257 1726 291 1753 et
320 1725 527 1753 transnataret
558 1722 698 1753 confusa
730 1723 845 1754 videas

147 1771 247 1802 etiam
275 1772 364 1812 apud
393 1772 482 1803 Hirt.
508 1773 546 1805 B.
570 1772 669 1803 Alex.
687 1783 716 1804 c.
733 1776 786 1804 20.
810 1778 846 1804 et

147 1821 235 1862 apud
261 1822 334 1853 Liv.
367 1831 406 1852 ιι.
438 1826 486 1853 10.
514 1825 576 1854 διο.
602 1823 657 1854 ubi
685 1823 762 1853 vide
791 1825 843 1855 Cl.

146 1871 320 1902 Drakenb.
337 1882 399 1903 nec
424 1882 487 1903 non
510 1873 598 1914 apud
616 1874 729 1904 Valer.
746 1875 844 1905 Max-

144 1921 200 1953 im.
220 1931 244 1953 i.
259 1926 289 1953 8.
306 1926 336 1954 2.

187 1975 207 2003 6
229 1973 409 2013 Petierunt]
433 1975 510 2005 Non
542 1983 629 2014 nego
655 1974 717 2005 hoc
753 1975 842 2005 Lati-

144 2031 223 2053 num
244 2031 337 2061 esse;
361 2033 436 2054 nam
453 2024 502 2055 ita
516 2029 551 2055 et
567 2033 621 2055 111.
650 2027 700 2055 15.
724 2029 758 2055 et
782 2035 841 2056 sae-

144 2072 245 2113 pius;
277 2073 335 2104 sed
365 2075 538 2114 quaeritur,
570 2084 612 2105 an
642 2075 715 2105 heic
731 2075 797 2106 loci
822 2085 842 2106 a

146 2124 281 2154 C‘aesare
311 2123 499 2155 adhibitum
525 2125 592 2156 sit:
618 2125 745 2166 quippe
774 2125 840 2166 pri-

145 2181 234 2203 mum
251 2173 282 2203 iu
297 2165 432 2204 officina
456 2174 579 2205 Aldina
605 2180 721 2206 natum
747 2176 839 2207 vide-

145 2228 211 2255 tur.
257 2225 343 2255 Nam
374 2225 458 2255 Mss.
496 2226 625 2265 Ursini,
663 2231 699 2257 et
723 2236 838 2257 omnes

144 2274 209 2304 mei
226 2283 302 2304 cum
326 2274 412 2304 Edd.
437 2275 565 2315 primis,
590 2275 672 2307 item
699 2276 837 2307 Vascos.

144 2325 302 2364 Grypliii,
323 2325 468 2365 Stradae‚
498 2326 671 2367 Stephani,
698 2327 838 2367 aliisque

142 2378 320 2415 repererunt
353 2376 403 2405 vel
439 2386 526 2416 repp.
553 2377 735 2414 exhibent3
775 2377 838 2408 uisi

143 2424 232 2465 quod
260 2429 327 2455 tres
354 2425 563 2456 recentiores
585 2425 706 2456 vitiose
727 2427 839 2466 reperi-

141 2477 242 2514 erunt,
278 2474 366 2505 unde
404 2473 517 2505 forsan
560 2474 642 2505 illud
683 2476 838 2514 petierunt

142 2534 233 2555 suam
249 2525 413 2566 originem
429 2524 553 2555 hausit.
598 2525 747 2565 Reperire
764 2535 837 2557 sex-

143 2575 270 2606 centies
302 2585 363 2616 pro
400 2575 555 2615 acquirere
592 2575 676 2606 suini
719 2581 836 2607 notum

142 2629 205 2656 est.
248 2627 384 2657 Terent.
404 2626 531 2657 Heaut.
550 2635 573 2656 1.
592 2628 620 2657 1.
638 2629 691 2657 60.
715 2626 723 2642 ‘
736 2626 835 2658 simul

141 2684 211 2705 rem
227 2680 262 2706 et
278 2677 417 2717 gloriam
441 2677 541 2707 armis
568 2676 646 2707 belii
673 2676 834 2716 repperi.'

143 2724 285 2756 Invenire
299 2730 410 2757 autem
427 2732 462 2758 et
483 2727 618 2767 reperire
640 2727 775 2767 juncta,
799 2732 836 2759 ut

141 2773 208 2814 ln’c,
219 2773 295 2806 vide
309 2776 400 2818 apud
412 2777 463 2809 Cl.
478 2777 715 2809 Burmanurad
732 2777 833 2810 Ovid.

1529 213 1613 254 965

916 314 1056 346 Metam.
1088 325 1111 346 i.
1136 318 1167 346 6.
1196 320 1248 347 55.
1272 316 1332 346 ‘tu
1370 326 1436 347 non
1472 315 1610 348 inventa

914 369 1051 402 reperta
1086 366 1212 396 Luctus
1243 376 1316 397 eras
1355 366 1483 398 lcvior.’
1532 368 1609 398 Non

911 424 995 454 opus
1012 415 1123 456 itaque
1142 421 1204 454 est,
1228 421 1265 447 ut
1289 417 1342 447 Ill.
1372 417 1503 448 Heiusii
1531 427 1608 448 con-

903 463 1073 503 jecturam
1087 465 1303 496 admittamus
1316 471 1510 507 pepererant.

953 518 971 544 7
1011 516 1137 555 Equites
1170 518 1337 558 consecuti]
1372 519 1488 559 Longe
1524 529 1609 560 prae-

910 569 999 596 stare
1018 566 1165 596 credidit
1194 567 1374 606 Gruterus,
1405 569 1492 609 quod
1520 580 1606 609 pra·-

911 614 968 646 bet
987 616 1095 656 Boug.
1112 626 1161 656 pr.
1175 622 1210 646 et
1227 618 1478 649 sccuniluscmu
1498 619 1606 650 i’alat.

907 666 1064 705 equitatu:
1102 666 1270 706 quomodo
1311 667 1447 708 insuper
1484 680 1603 701 novcin

908 716 974 746 inei
991 717 1095 747 Codd.
1112 721 1147 747 et
1174 717 1301 747 Clarkii
1325 728 1399 748 cum
1430 720 1515 751 Edd.
1541 722 1606 761 pri-

907 766 968 796 mis
994 767 1176 798 exhibent:
1206 768 1359 807 equitatus
1391 769 1498 809 llong.
1528 776 1604 802 tert.

906 817 1074 857 equitatum
1101 818 1205 858 Lipsii
1243 818 1326 849 cod.
1361 819 1485 850 Lovan.
1514 830 1606 860 vem,

908 867 1062 898 Leideus.
1079 869 1177 908 prim.
1205 869 1328 908 Scalig.
1346 874 1381 899 et
1400 870 1605 902 petavianus

906 917 1024 957 equites
1052 923 1202 957 servant,
1237 919 1299 949 nisi
1328 921 1415 960 quod
1448 921 1479 951 in
1513 922 1606 954 Leid.

905 966 949 997 sit
972 968 1125 998 consecuti
1153 969 1280 1008 equites,
1316 975 1352 1000 ut
1381 970 1484 1009 edidi,
1509 976 1544 1003 et
1570 972 1603 1002 in

905 1016 1026 1047 Petav.
1042 1027 1094 1057 eq.
1118 1019 1216 1048 nostri
1244 1029 1325 1048 cons.
1347 1021 1444 1051 nostri
1471 1022 1604 1053 exsulat

904 1066 946 1097 ab
986 1067 1218 1107 Egmundano.
1264 1069 1387 1099 Forsan
1417 1071 1604 1111 scripserat

904 1122 1022 1148 auctor
1036 1119 1139 1157 equite
1154 1118 1176 1148 i.
1189 1127 1219 1149 e.
1236 1119 1404 1160 equitatu.
1450 1121 1537 1151 Vide
1561 1122 1604 1152 ad

903 1168 1055 1199 Frontin.
1074 1178 1114 1200 11.
1140 1172 1169 1200 3.
1195 1171 1245 1200 17.
1270 1170 1278 1186 ‘
1293 1179 1354 1210 per
1371 1170 1479 1200 levem
1496 1180 1603 1202 arma-

902 1221 1008 1248 turam
1024 1223 1060 1249 et
1082 1218 1265 1259 equitem?
1291 1220 1392 1259 vulgo
1420 1225 1493 1251 erat
1519 1222 1601 1261 equi-

901 1270 1010 1298 tatum.
1057 1269 1150 1299 Hirt.
1180 1269 1220 1299 B.
1238 1268 1347 1300 Afric.
1376 1279 1406 1301 c.
1433 1273 1486 1302 61.
1510 1272 1518 1287 ‘
1535 1270 1602 1303 fre-

901 1323 999 1349 natus
1015 1319 1148 1360 eques:'
1171 1324 1208 1350 ut
1225 1320 1368 1351 Ursinus
1385 1320 1469 1352 bene
1486 1331 1599 1353 emen—

900 1368 1005 1400 davit.
1049 1369 1150 1400 Adde
1176 1371 1218 1401 B.
1248 1371 1347 1411 Hisp.
1371 1381 1402 1402 c.
1431 1375 1484 1404 23.
1529 1372 1597 1404 Adi

899 1419 1001 1450 etiam
1029 1420 1118 1451 viros
1162 1420 1280 1451 doctos
1316 1422 1358 1451 ad
1387 1422 1530 1463 Livium,
1562 1429 1598 1455 et

899 1477 1036 1508 passmi.

941 1522 960 1548 9
986 1519 1087 1552 Quam
1109 1520 1196 1550 domo
1221 1531 1320 1551 secum
1345 1523 1532 1564 adduxerat]
1555 1525 1598 1557 V.

897 1579 926 1600 c.
944 1569 1068 1610 Scalig.
1092 1570 1101 1586 ‘
1113 1580 1210 1611 quam
1224 1581 1242 1601 a
1254 1571 1353 1602 domn
1368 1582 1480 1604 secum
1496 1575 1600 1605 edux-

897 1619 993 1650 erat.’
1032 1619 1248 1660 Anonymus:
1275 1622 1283 1638 ‘
1299 1633 1440 1663 quarum
1454 1625 1597 1664 primum

896 1669 994 1700 domo
1024 1670 1216 1710 digrediens
1242 1672 1430 1705 eduxerat.’
1477 1676 1525 1706 Ut
1548 1677 1597 1707 vi-

896 1721 969 1751 deri
991 1721 1098 1761 possit
1126 1722 1241 1752 Caesar
1260 1723 1446 1763 scripsisse,
1469 1726 1477 1741 ‘
1496 1736 1596 1766 quam

896 1770 994 1801 donio
1026 1780 1140 1802 seeum
1169 1771 1355 1803 eduxerat!
1415 1774 1481 1804 Sed
1513 1776 1595 1807 nihil

895 1826 999 1859 mut0,
1033 1821 1113 1861 quia
1150 1822 1258 1862 proba
1304 1825 1438 1863 vulgata
1476 1825 1593 1858 lectio.

899 1871 1031 1902 Vossius.
1078 1871 1162 1902 Mss.
1185 1872 1269 1913 Reg.
1301 1873 1428 1904 Eliens.
1455 1880 1489 1906 et
1514 1876 1596 1907 Vos-

895 1921 948 1960 sii,
977 1926 1013 1952 et
1043 1921 1133 1953 Edit.
1166 1922 1261 1953 Rom.
1287 1925 1429 1955 duxerat.
1486 1926 1594 1959 Clark.

891 1972 962 2002 Soli
988 1971 1082 2003 Voss.
1100 1982 1169 2003 sec.
1193 1979 1227 2003 et
1251 1974 1383 2005 Duker.
1401 1985 1418 2005 e
1435 1977 1519 2007 meis
1535 1977 1593 2008 ha-

892 2022 974 2054 bent
990 2023 1184 2054 adduxerat.-
1209 2024 1343 2064 piurimi
1358 2026 1492 2057 duxerat
1514 2036 1591 2058 cum

892 2072 979 2103 Edd.
1019 2072 1149 2112 primis.
1208 2073 1275 2103 Sed
1301 2074 1450 2105 eduxerat
1477 2076 1589 2107 inveni

889 2125 922 2156 in
939 2124 1136 2165 Cujaciano,
1154 2124 1311 2155 Leidensi
1332 2125 1450 2165 primo,
1466 2127 1590 2168 Scalig.

890 2176 1054 2206 Vossiano
1071 2175 1190 2216 primo,
1214 2176 1295 2206 iteni
1322 2177 1494 2215 Bet-oaldi,
1515 2178 1590 2209 Ste-

890 2227 1004 2268 phani,
1028 2226 1170 2267 aliisque
1195 2226 1417 2258 editionibus:
1443 2238 1587 2269 quarum

889 2278 1020 2309 idcirco
1039 2277 1243 2308 auctoritate
1258 2277 1291 2308 id
1311 2278 1458 2318 reposui,
1475 2289 1588 2320 qnam·

888 2329 939 2360 vis
966 2334 1002 2360 et
1030 2334 1161 2360 rectum
1187 2330 1231 2360 sit
1256 2331 1398 2361 duxerat.
1443 2331 1589 2364 Consule

888 2379 978 2410 viros
995 2379 1114 2410 doctos
1136 2380 1177 2410 ad
1206 2379 1342 2410 Phaedri
1359 2381 1396 2412 F.
1415 2384 1465 2412 19.
1489 2382 1586 2413 ‘dum

888 2428 1054 2460 firmiores
1098 2434 1214 2469 posset
1261 2431 1392 2462 catulos
1434 2431 1587 2464 ducere?

886 2480 1023 2511 Terent.
1054 2479 1142 2511 Hec.
1173 2489 1228 2511 111.
1261 2483 1291 2511 3.
1316 2484 1347 2512 4.
1378 2481 1504 2512 ‘Eduxi
1531 2492 1585 2514 me

887 2529 997 2560 t'oras.’
1020 2530 1060 2561 B.
1077 2530 1119 2561 G.
1138 2539 1188 2561 1v.
1216 2533 1245 2561 1.
1274 2532 1337 2561 ‘ex
1360 2531 1482 2562 finibus
1507 2532 1586 2564 edu-

886 2580 992 2612 cunt.’
1037 2582 1196 2612 Ceterum
1212 2592 1231 2612 a
1253 2583 1341 2613 domo
1368 2587 1527 2614 exaratur
1550 2584 1586 2616 iu

887 2631 982 2662 Leid.
1018 2632 1137 2672 primo,
1165 2632 1288 2673 Sealig.
1318 2632 1491 2664 Vossianis
1517 2635 1587 2675 pri-

885 2682 1126 2721 mo‚secundo,
1142 2691 1177 2713 et
1205 2683 1406 2722 Cujacian03
1431 2683 1469 2714 ab
1494 2685 1591 2717 domo·

885 2731 918 2762 in
943 2733 1106 2773 Bongars.
1132 2731 1292 2763 secundo.
1339 2732 1440 2764 Quod
1466 2733 1583 2776 itaque

884 2790 926 2812 ex
943 2785 1012 2813 tam
1021 2780 1164 2813 vetustis
1177 2780 1283 2813 Codd.
1301 2781 1474 2823 amplexus
1487 2794 1578 2818 sumi
