1883 3121
448 222 540 252 mu.
572 222 603 252 1.
634 218 742 249 CAP.
771 209 841 250 48.
876 219 937 249 nn
969 218 1125 248 annno
1155 217 1326 248 eivim.

160 313 287 346 cedunt
301 314 512 355 integerrimi
529 314 673 346 Codices
687 313 810 351 Scalig.
827 317 862 343 et

160 362 254 397 Leid.
273 365 370 406 prim.
385 365 557 404 augebatur
570 364 669 405 copia.
699 362 768 394 Adi
786 363 862 393 Vic-

160 420 225 446 tor.
247 415 290 446 ad
315 416 388 447 Cic.
415 415 491 446 Att.
518 423 597 446 vm.
627 416 679 445 12.
712 414 721 430 ‘
738 414 863 446 Quam-

160 465 303 506 primum
319 466 384 496 huc
406 475 482 496 cum
503 465 593 496 omni
608 463 709 505 copia
726 464 864 495 venias!

161 516 256 546 Cort.
287 515 328 546 ad
356 515 493 546 Sallust.
523 514 626 546 Catil.
653 524 683 545 c.
705 517 758 545 56.
795 515 863 544 ‘ex

159 565 248 596 omni
266 566 363 606 copia
379 565 529 606 legiones
545 565 718 606 instituit,’
735 570 770 596 et
785 564 863 596 lud.

164 614 268 645 Wass.
295 625 333 645 ac
357 614 459 646 Fabri
481 615 583 646 Thes.
608 615 684 646 Hoc
707 624 806 646 sensu
830 615 864 646 in

160 665 269 705 Epist.
299 665 404 696 Ovid.
432 674 508 697 xvi.
542 666 626 697 Her.
651 668 726 697 353.
763 666 771 682 ‘
792 666 864 697 Nec

160 714 269 746 minor
295 720 350 747 est
376 715 479 754 Λεία»,
496 725 595 756 quam
620 721 744 746 vestrae
768 716 866 756 copia

161 769 287 796 terrae:
306 765 370 796 llla
387 766 467 796 viris
486 765 590 804 dives,
604 765 699 797 dives
715 765 867 797 abundat

160 814 275 855 equis!
314 814 414 846 Adde
432 816 516 847 Cell.
534 815 574 847 ad
593 816 633 847 B.
648 815 755 847 Afric.
769 825 798 847 c.
815 819 865 849 10.

161 868 196 896 et
212 866 330 897 Davis.
346 866 387 896 ad
404 875 435 896 c.
453 869 504 897 38.

205 926 305 950 xlm.
328 921 348 948 8
372 918 508 957 Dejectis
523 922 577 948 ant
593 918 667 958 ins]
696 919 763 951 Ma.
780 919 866 959 Reg.

161 972 198 999 et
225 968 351 999 Eliens.
377 972 477 1009 atque.
505 969 614 1000 Clark.
643 970 782 1010 Repone
806 971 866 1008 dei.

160 1020 251 1058 utque
276 1018 335 1056 inf.
366 1023 402 1049 ut
431 1023 526 1050 recte
557 1019 664 1050 Norv.
691 1025 724 1050 et
754 1021 864 1051 L'rsin.

162 1067 275 1099 Dat-is.
302 1078 374 1099 cur.
401 1078 470 1099 sec.
514 1069 618 1108 Atque
643 1074 694 1100 est
723 1069 757 1100 in
781 1070 865 1100 Mss.

161 1116 246 1146 meis
273 1118 437 1156 omnibus,
463 1122 498 1147 et
525 1118 612 1148 Edd.
637 1118 766 1157 primis,
785 1119 867 1148 Vas-

161 1175 230 1197 cos.
241 1165 310 1197 Str.
325 1166 443 1207 Steph.
458 1167 605 1207 Gryph.‚
617 1170 678 1198 ὅτε.
696 1172 734 1198 ut
748 1168 866 1207 debet,

161 1216 254 1247 salvo
279 1225 392 1256 sensu,
421 1225 483 1257 pro
512 1227 605 1248 more
632 1218 777 1250 Caesaris
805 1227 867 1260 per

161 1265 400 1306 synonymiam
416 1276 451 1297 se
467 1267 681 1307 explicantis.

209 1319 248 1347 13
284 1317 338 1347 Ex
351 1316 451 1356 primo
477 1317 599 1348 hastato
621 1318 752 1357 legionis
776 1318 867 1358 xum]

166 1366 300 1406 Lipsius
329 1366 422 1398 Dial.
453 1376 494 1398 11.
519 1371 549 1399 8.
574 1368 616 1398 de
646 1368 767 1399 militia
799 1369 867 1399 Ro—

163 1425 262 1447 mana
276 1416 457 1457 legendum
482 1423 580 1458 putat
606 1419 753 1449 Centurio
772 1419 868 1459 primi

163 1467 293 1506 hastati,
321 1473 356 1498 et
383 1477 534 1500 errorem
563 1473 674 1500 ortum
701 1475 801 1509 putat
826 1479 868 1501 ex

164 1522 255 1557 nota,
281 1527 349 1559 qua
375 1518 599 1559 designantur
628 1521 868 1559 Centuriones,

163 1577 238 1608 quae
265 1566 356 1600 flexa
385 1569 428 1600 ad
456 1568 598 1601 formam
625 1570 760 1611 flagelli,
789 1571 868 1612 quia

162 1616 268 1649 vitem
283 1618 501 1650 centuriones
518 1620 709 1660 gestabant.
744 1621 867 1652 Exem-

163 1666 224 1708 pla
249 1667 284 1698 in
313 1672 397 1699 vett.
427 1669 519 1710 lapp.
549 1669 726 1702 innumera
751 1679 868 1702 occur-

165 1721 269 1748 runt:
295 1718 392 1759 quale
407 1718 469 1749 hoc

438 1769 467 1800 Ι.
484 1769 528 1801 Ο.
546 1771 596 1801 Μ.

364 1818 458 1850 IVL.
475 1820 667 1852 PRIMVS.

315 1871 334 1899 7
350 1869 454 1900 LEG.
472 1870 578 1901 XIII.
603 1870 719 1901 GEM.

380 1918 422 1950 V.
439 1919 474 1950 S.
492 1921 529 1951 L.
549 1921 586 1951 L.
604 1920 655 1952 M.

168 1967 269 2000 Ubi?
286 1968 364 2008 Leg.
389 1977 473 2000 xm.
499 1970 589 2000 Gem.
613 1969 767 2009 denotat,
792 1970 870 2001 Cen-

166 2019 250 2051 turio
271 2020 402 2059 legionis
426 2028 496 2051 xnt
522 2020 682 2051 Gemellae.
729 2020 781 2050 Ex
807 2019 871 2049 hac

166 2072 283 2101 nota?
307 2074 408 2110 putat
432 2071 564 2110 Lipsius
585 2070 720 2100 inscitia
743 2068 873 2099 librarii

167 2123 278 2150 ortam
294 2119 447 2150 voculam
463 2129 514 2150 ex.
551 2119 718 2160 Equidem
737 2123 871 2150 acutam

168 2168 398 2208 conjecturam
439 2178 514 2200 esse
554 2178 621 2200 non
651 2168 870 2209 negaverim:

168 2219 253 2250 illud
275 2219 419 2260 ambigo,
435 2230 490 2256 an,
514 2225 550 2251 ut
574 2220 607 2250 in
629 2219 809 2260 lapidibus,
825 2219 874 2250 ita

171 2269 205 2300 in
221 2268 315 2300 libris
332 2279 463 2311 quoque
487 2279 527 2300 ea
550 2274 630 2300 nota
645 2273 805 2309 usurpata
821 2279 872 2300 re-

171 2319 336 2360 periatur.
380 2320 467 2350 Sane
487 2319 634 2350 nondum
653 2328 727 2350 eam
748 2319 872 2349 inveni.

171 2370 213 2401 In
240 2370 341 2402 editis
368 2370 461 2401 libris
487 2369 654 2400 nonnullis
676 2374 728 2401 est
752 2370 875 2410 primus

170 2422 332 2452 hastatus:
369 2420 458 2462 quod
488 2421 514 2451 si
547 2420 729 2452 autoritate
759 2429 873 2451 manu-

169 2471 370 2512 scriptorum
404 2471 604 2511 impressum
635 2477 699 2509 est,
728 2471 872 2501 retineo.

172 2521 262 2552 Nam
273 2522 392 2561 primus
404 2521 557 2557 hastatus,
573 2526 607 2551 et
623 2522 759 2551 centurio
779 2521 874 2560 primi

171 2569 299 2610 hastati,
321 2571 410 2601 idem
435 2578 496 2610 est,
520 2576 556 2601 ut
577 2571 740 2610 Vegetius
763 2570 875 2601 docet.

173 2620 224 2652 At
244 2621 272 2652 si
295 2622 375 2652 nulli
398 2622 446 2652 ita
469 2622 603 2652 codices
621 2620 761 2654 habent.
779 2621 877 2651 relin-

173 2670 342 2712 quendam
353 2681 476 2702 censeo
492 2672 659 2711 vulgatam
677 2672 874 2702 lectionem:

174 2728 251 2750 nam
274 2720 387 2760 potuit
409 2721 581 2761 Fulginius
604 2730 681 2751 esse
702 2721 736 2751 in
759 2721 878 2751 ordine

174 2779 304 2812 eorum,
336 2770 393 2812 qui
421 2771 524 2812 primi
552 2771 679 2803 hastati
706 2781 878 2812 nuncupa-

1505 210 1620 252 1375

915 312 1051 351 bantur,
1068 317 1106 344 ut
1129 312 1292 344 Centurio
1312 321 1379 343 non
1395 309 1513 343 fuerit.
1559 313 1619 344 At-

915 372 980 403 que
999 363 1045 394 ita
1062 369 1158 394 recta
1173 364 1216 394 sit
1233 363 1348 394 lectio.
1373 362 1492 394 Malim
1507 367 1620 394 tamen

914 414 1147 444 centurionem
1172 413 1290 452 fuisse,
1312 414 1392 455 quia
1413 413 1532 445 aubdit
1545 413 1619 444 Cae-

913 471 981 502 sar,
995 467 1123 503 propter
1138 464 1282 494 eximiam
1299 465 1455 495 rit-tutem.
1484 463 1618 495 Vossius.

915 513 955 543 In
971 513 1140 544 nonnullis
1157 514 1258 544 editt.
1280 514 1397 554 (Vasc.
1412 514 1481 546 Str.
1497 514 1617 555 Stepb.

915 563 1044 604 Grypb.
1072 564 1176 604 post.)
1191 570 1308 595 contra
1336 565 1419 596 Mss.
1442 565 1543 596 fidem
1566 568 1620 596 est

911 614 1032 654 primus
1047 614 1197 645 tumulus.
1221 614 1240 646 J
1246 621 1338 646 ustus
1355 622 1469 647 autem
1485 616 1618 656 Lipsius

916 665 990 696 Mil.
1007 664 1107 696 Rom.
1126 665 1217 696 Dial.
1235 668 1319 699 1¹.8.
1336 666 1389 696 bic
1407 666 1472 696 loci
1487 666 1619 706 reponit

918 715 1068 745 Centurio
1087 715 1183 755 primi
1200 716 1328 754 hastati,
1358 720 1522 756 putatque
1545 723 1621 746 cau·

916 774 986 796 sam
1003 765 1215 805 corruptioni
1231 764 1364 796 dedisse
1379 770 1492 796 notam
1510 766 1542 795 in
1555 774 1624 796 mo-

917 815 995 845 dum
1022 815 1101 846 vitei
1124 813 1251 852 flagelli
1274 820 1464 853 curvatam,
1480 824 1546 855 qua
1566 815 1621 846 de-

918 865 1139 905 signabantur
1155 866 1391 898 Centuriones.
1428 866 1526 896 Hanc
1542 875 1621 897 sane

918 918 1148 958 conjecturam
1180 916 1304 956 probat
1330 917 1428 949 Joan.
1450 917 1623 957 Brantius,

919 971 956 998 ut
983 968 1069 998 solet
1097 976 1211 997 omnes
1238 967 1299 997 viri
1329 966 1465 997 maximi
1496 966 1623 998 divina-

918 1017 1039 1048 tiones.
1100 1016 1160 1053 At,
1196 1022 1422 1058 praeterquam
1462 1016 1553 1057 quod
1583 1025 1625 1047 ea

917 1071 1000 1097 nota
1026 1067 1058 1097 in
1084 1068 1163 1098 solis
1187 1067 1366 1107 lapidibus,
1383 1076 1449 1097 non
1475 1067 1506 1096 in
1538 1066 1623 1097 Msn.

917 1121 1124 1157 compareat,
1150 1127 1215 1148 non
1238 1117 1311 1147 vult
1327 1117 1453 1155 Caesar,
1478 1116 1622 1156 primum

917 1167 1085 1198 hastatum
1100 1173 1180 1199 tunc
1195 1167 1311 1206 fuisse,
1323 1168 1380 1198 sed
1396 1167 1624 1207 superioribus

917 1218 1140 1258 temporibus,
1155 1228 1243 1249 nunc
1267 1223 1380 1248 autem
1405 1218 1492 1248 inter
1509 1226 1628 1247 evoca-

919 1273 970 1299 tos
1001 1278 1075 1299 esse
1112 1269 1219 1306 illum,
1259 1268 1315 1309 qui
1358 1265 1436 1298 olim
1479 1266 1624 1307 primum

917 1318 1086 1349 hastatum
1115 1319 1274 1358 duxerat,
1304 1323 1343 1349 ut
1369 1322 1464 1349 recte
1492 1318 1626 1348 notavit

919 1367 951 1400 J.
985 1368 1020 1398 F.
1057 1367 1250 1399 Gronovius
1289 1367 1433 1398 Observ.
1475 1375 1526 1396 lv.
1570 1369 1624 1398 2⁰.

919 1427 952 1458 p.
981 1420 1054 1448 323.
1095 1417 1294 1456 ‘Fulginius
1329 1418 1410 1447 enim
1441 1425 1484 1447 ex
1517 1416 1624 1456 primo

918 1467 1051 1498 hastato
1063 1469 1188 1498 denotat
1200 1477 1279 1505 eum,
1290 1467 1341 1506 qui
1354 1466 1473 1506 primus
1483 1466 1626 1497 hastatus

910 1516 1036 1554 fuerit.¹
1082 1517 1202 1548 Cicero
1215 1526 1276 1557 pro
1293 1518 1460 1555 Muraena,
1477 1527 1509 1557 p.
1526 1519 1622 1548 1781.

919 1567 928 1583 ‘
945 1566 1029 1597 Cum
1045 1567 1248 1607 amplissime
1265 1571 1366 1607 atque
1389 1567 1624 1598 honestissime

918 1627 958 1648 ex
968 1621 1110 1658 praetura
1121 1617 1384 1658 triumpliasset,’
1396 1617 1459 1648 hoc
1473 1622 1538 1657 est,
1548 1621 1625 1658 post

918 1673 1101 1708 praeturam
1132 1672 1274 1708 gestam.
1321 1669 1448 1699 Noster
1481 1668 1624 1708 hujusce

919 1719 996 1751 libri
1013 1728 1043 1750 c.
1059 1722 1111 1750 23.
1147 1719 1347 1750 Prot-inciam
1371 1719 1557 1759 Hispaniam
1582 1727 1625 1749 ex

920 1773 1070 1809 praetura
1084 1768 1243 1800 habuerat.
1265 1769 1320 1799 Sic
1338 1773 1374 1799 et
1390 1768 1512 1799 iterum
1529 1777 1558 1798 c.
1570 1770 1624 1798 31.

921 1824 956 1850 et
978 1822 1030 1850 85.
1061 1819 1176 1850 Dacis.
1211 1819 1267 1850 De
1291 1817 1536 1859 significatione
1560 1818 1624 1848 hac

919 1870 977 1899 τοῦ
1003 1878 1044 1900 ex
1066 1869 1146 1899 vide
1169 1879 1222 1899 me
1249 1868 1292 1899 ad
1318 1870 1444 1899 Lucan.
1472 1877 1523 1900 lv.
1551 1870 1624 1899 719.

920 1920 929 1935 ⁴
947 1918 1089 1949 Incauto
1105 1928 1149 1949 ex
1164 1919 1260 1949 hoste
1277 1918 1412 1949 timeri.’
1610 1912 1619 1926 '

965 1978 1081 2000 xm'u.
1105 1971 1123 1999 3
1152 1968 1265 2000 Tamen
1280 1967 1350 2008 diu]
1396 1968 1480 1999 Mss.
1496 1967 1626 2006 Ursini,

922 2020 1044 2050 Petav.
1061 2019 1185 2059 Scalig.
1202 2023 1238 2050 et
1256 2019 1351 2049 Leid.
1369 2029 1420 2059 pr.
1444 2029 1520 2050 cum
1538 2018 1626 2050 Edd.

923 2069 1086 2109 Scaligeri
1128 2068 1214 2099 Tam.
1253 2068 1409 2108 Optime.
1446 2069 1625 2100 Particula

924 2118 1014 2149 euim
1025 2118 1099 2148 haec
1112 2118 1254 2148 inservit
1272 2119 1531 2159 comparationi,
1545 2119 1627 2150 licet

923 2178 990 2200 non
1006 2174 1169 2209 sequatur
1188 2179 1291 2210 quam.
1338 2169 1478 2200 Scilicet
1504 2169 1630 2200 intelli-

923 2220 1014 2261 gitur
1027 2229 1118 2260 quam
1148 2224 1226 2250 ante
1243 2224 1428 2251 narratum.
1483 2218 1552 2250 Adi
1569 2219 1624 2249 Ill.

924 2270 1046 2302 Heius.
1062 2270 1104 2301 ad
1119 2269 1233 2301 Ovidii
1247 2270 1356 2311 Epist.
1369 2278 1423 2300 111.
1437 2273 1490 2300 67.
1505 2269 1624 2300 Burm-

924 2325 960 2352 et
974 2321 1069 2351 Voss.
1086 2320 1128 2351 ad
1147 2320 1267 2351 Vellei.
1297 2320 1433 2351 Patere.
1462 2329 1501 2350 11.
1518 2322 1572 2350 88.
1589 2323 1625 2350 et

924 2373 977 2401 89.
1001 2370 1085 2401 Tam
1102 2374 1300 2401 constanter
1324 2369 1474 2409 repulit!
1518 2369 1574 2400 lta
1589 2372 1625 2399 et

922 2423 1058 2459 tantum,
1075 2420 1117 2451 de
1140 2429 1207 2461 quo
1224 2419 1300 2450 vide
1325 2420 1366 2450 ad
1383 2429 1448 2452 vn.
1469 2422 1524 2451 77.

967 2479 1096 2501 vaui.
1119 2472 1139 2500 4
1165 2470 1262 2502 Nives
1285 2469 1418 2510 proluit]
1462 2470 1503 2501 In
1526 2469 1626 2500 editt.

924 2520 1023 2551 Rom.
1056 2521 1140 2551 Ven.
1172 2520 1330 2551 Beroald.
1356 2521 1414 2551 nix
1437 2519 1568 2560 proluit,
1592 2518 1626 2549 in

925 2570 999 2600 aliis
1021 2571 1078 2601 nia·
1097 2569 1240 2611 profluit,
1257 2570 1346 2600 unde
1370 2570 1455 2601 Gab.
1475 2568 1624 2599 Faernus

927 2619 1185 2650 rescribendum
1216 2620 1347 2651 censuit
1380 2620 1435 2649 nix
1462 2618 1628 2658 proflua-it.

926 2670 1134 2707 Lecfionem,
1157 2680 1256 2711 quain
1287 2671 1319 2700 in
1338 2679 1395 2699 sua
1412 2669 1561 2700 editione
1575 2678 1627 2700 se-

927 2724 1027 2750 cutus
1053 2725 1108 2751 est
1121 2721 1194 2752 Jos.
1211 2720 1378 2759 Scaliger,
1403 2722 1629 2760 repraesenta-

928 2769 977 2801 vit
1003 2770 1120 2802 Codex
1153 2769 1248 2803 Fulv.
1279 2769 1406 2812 Ursini,
1431 2769 1490 2812 qni
1511 2774 1624 2803 tamen
