1818 3131
228 226 339 269 12:36

226 334 331 365 Insula
347 332 423 363 siu-a
439 331 590 370 Siqumiu.
630 330 670 361 In
692 330 818 361 Lovan.
839 330 867 361 Ι.
887 330 930 361 in.

223 383 299 414 sitm
312 383 461 422 Sequana·
473 392 483 412 .-
507 380 541 411 in
558 381 665 421 Bong.
681 390 730 420 pr.
747 381 774 411 I.
790 381 834 411 in.
847 381 933 411 silva»

227 432 385 472 Sequunoe.
425 430 465 461 In
479 431 575 462 Voss.
593 441 644 472 pr.
662 431 694 461 in
711 431 769 462 ins.
783 430 853 472 Seq.
878 430 932 462 An

227 485 312 514 latet
330 480 453 523 fluvii?
484 482 572 523 quod
595 482 650 513 vix
679 482 783 514 credo
809 486 932 513 tamen.

225 533 292 564 Sed
308 534 341 564 in
357 532 569 573 ins.stuminis
582 532 730 574 Sequana?
748 532 851 563 habet
869 533 933 571 Eg-

224 583 340 614 mund.
366 588 404 614 ut
429 594 459 615 c.
485 584 633 624 pravced.
667 583 721 614 Αιι
750 583 791 613 de
821 583 933 623 palude

225 635 280 664 liic
297 644 431 674 quoque
453 634 658 665 mentionem
677 633 781 665 fecit?
806 638 843 664 ut
867 638 934 664 sta-

226 685 287 716 tim
303 687 311 702 ‘
332 686 480 726 protecti
499 696 517 716 a
535 686 679 726 palnde.'

270 738 289 766 7
313 736 417 776 Atque
432 746 466 766 eo
482 736 632 766 militibus
642 735 808 775 impositis]
837 734 933 765 Fulv.

228 786 370 818 Ursinus
395 786 428 816 iu
451 796 514 817 suo
539 787 664 817 Codice
690 786 818 825 reperit
835 785 935 815 itu-ec-

227 837 280 876 11¹⁸,
293 836 380 867 unde
396 837 534 875 trnjectis
549 835 803 866 rescribendum
821 834 936 865 existi-

228 887 354 917 mavit:
394 887 453 917 sed
481 886 655 917 Librarius
688 889 936 925 repraesentare

227 937 343 968 debuit
361 937 494 976 injectis,
511 936 793 977 quemadmodum
813 936 936 975 lcfsitur

230 987 264 1017 iu
284 987 350 1017 Ms.
379 987 517 1018 Norvic.
542 996 580 1017 ac
605 986 704 1017 editt.
731 980 826 1017 R‘om.
851 987 936 1016 Vcn.

230 1036 390 1067 Beroald.
415 1037 524 1068 Daris.
557 1036 719 1067 Davisius
741 1042 835 1067 recte
853 1036 938 1067 xidit

230 1087 423 1127 legendum,
448 1087 579 1125 injectis,
596 1097 638 1117 cx
663 1087 728 1117 Ms.
752 1086 877 1117 Elicnsi
903 1093 939 1117 et

231 1138 340 1169 Editt.
371 1139 467 1168 vett.
516 1137 695 1170 Quomodo
724 1142 758 1166 ct
791 1137 825 1167 in
856 1137 937 1167 Mss.

234 1189 318 1229 lit-g.
351 1193 386 1219 ct
411 1188 521 1218 Vossii
547 1188 712 1228 scriptum
738 1192 800 1218 e<t.
846 1187 937 1217 Dein

230 1238 419 1279 Resectoque
464 1239 532 1269 Ms.
572 1239 657 1277 Reg.
703 1237 758 1268 Al.
799 1237 936 1274 Refecto.

233 1288 341 1319 Clark.
387 1288 581 1328 Adscripsit
602 1297 663 1318 suo
688 1286 774 1317 libro
797 1287 936 1317 vossius

230 1339 270 1370 L.
286 1339 417 1377 injectis,
435 1343 471 1368 ut
494 1338 527 1368 in
550 1342 666 1368 nostro
690 1342 752 1368 est.
791 1337 939 1376 Inpositis

231 1389 367 1429 quidem
390 1392 527 1419 servant
555 1387 633 1427 Cuj.
657 1387 745 1417 Scal.
772 1385 866 1417 Leid.
885 1395 936 1426 pr.

233 1438 323 1469 And.
348 1442 382 1469 et
407 1438 519 1469 Oxou.
547 1436 608 1467 sed
631 1435 751 1476 reliqui
778 1439 846 1466 tam
861 1435 940 1466 alio-

233 1499 319 1528 rum,
344 1498 445 1530 quam
472 1487 540 1518 mei
563 1491 599 1518 et
624 1486 711 1517 Edd.
734 1486 828 1517 vett.
855 1487 939 1517 dant

230 1539 363 1579 injectis.
408 1536 766 1575 Leid.tcrt.inqjectis.
814 1537 939 1574 Inieclz's

231 1590 258 1621 si
275 1590 430 1621 adhibuit
447 1593 579 1629 auctor,
595 1587 638 1618 ad
662 1587 874 1618 celeritatem
892 1587 940 1616 in-

232 1640 409 1671 dicandam
427 1639 560 1670 fecerit.
607 1637 809 1678 Exemplum
828 1642 939 1668 tamen

231 1690 332 1731 hujus
359 1690 539 1721 locutionis
567 1698 692 1730 quaero.
738 1688 875 1727 Nescio,
899 1697 940 1718 an

232 1752 298 1773 non
325 1745 504 1783 praestaret
526 1740 665 1771 invectis.
711 1740 870 1770 Ceterum
894 1748 940 1769 re-

226 1793 371 1833 fectoque
397 1803 474 1824 cum
497 1791 636 1823 Clarkio
659 1791 731 1830 Jam
759 1789 940 1819 ediderunt

233 1845 336 1875 Vasc.
348 1844 416 1874 Str.
434 1841 552 1881 Stepli.
570 1841 630 1872 Gr.
651 1843 737 1880 post.
769 1839 837 1869 Sed
854 1847 942 1869 meo-

233 1903 306 1924 rum
323 1894 432 1924 nullus
448 1892 549 1922 habet
566 1901 633 1931 que.

278 1947 314 1975 ll
351 1941 552 1980 Transducit]
597 1941 690 1980 Lege
720 1940 877 1978 traduxit,
906 1943 942 1970 ut

234 1994 337 2025 habet
350 1992 514 2033 Egmond.
533 1991 644 2021 Dacis.
661 2000 732 2021 cur.
744 2000 812 2021 sec.
827 1991 939 2021 Male:

235 2045 317 2075 licet
334 2049 494 2085 sequatur
519 2044 620 2083 carpit.
668 2042 757 2073 Nihil
781 2042 941 2084 frequen-

237 2095 304 2125 tius
330 2095 392 2124 bac
411 2099 597 2134 temporum
616 2093 817 2132 variatione,
849 2103 940 2134 sirpe

236 2145 434 2176 monuimus.
478 2143 564 2175 Vide
580 2143 622 2174 ad
638 2153 661 2174 ι.
679 2146 708 2175 8.
733 2149 768 2175 et
785 2144 825 2175 B.
843 2144 941 2176 Alex.

237 2205 269 2226 c.
290 2198 342 2226 77.

283 2249 319 2276 13
346 2246 470 2276 lucendi
485 2248 513 2276 et
531 2245 792 2285 rescindijubent]
818 2245 941 2277 l‘etav.

236 2301 273 2327 ct
302 2296 456 2327 Leidens.
483 2296 579 2335 prim.
607 2295 771 2325 incendunt
795 2299 822 2325 el
847 2306 873 2326 r.
889 2296 942 2334 ju-

236 2348 318 2378 bent.
348 2348 448 2381 Quod
467 2348 578 2378 verius
594 2352 629 2378 et
642 2348 829 2386 elegantius
847 2354 940 2389 puto.

238 2397 410 2438 Metaplu·.
429 2396 599 2436 ἐνέπρησαν
621 2396 671 2427 καὶ
694 2396 848 2428 διέλυσαν.
890 2398 940 2429 Ac

238 2448 377 2479 celsus:
404 2448 480 2478 vide
505 2449 546 2478 ad
575 2457 608 2479 v.
628 2451 677 2478 ll.
703 2449 711 2464 ‘
730 2447 840 2479 fabros
861 2449 941 2480 ‹leli-

239 2497 303 2537 git,
328 2503 364 2528 et
390 2498 472 2527 alios
500 2498 655 2529 arcessiri
671 2497 796 2538 jubet.’
843 2499 943 2530 Cete-

239 2557 312 2579 rum
329 2548 391 2587 qius
407 2548 502 2579 abest
527 2549 567 2578 ab
591 2549 700 2579 Oxou.
722 2549 776 2589 qui
794 2559 870 2579 mox
887 2550 943 2580 lia-

239 2598 298 2629 het
328 2603 435 2630 contra
466 2599 637 2630 Labienum
666 2609 748 2629 cons.
777 2599 942 2639 quomodo

238 2650 341 2680 etiam
370 2650 501 2680 vai-iant
525 2650 603 2680 libri
635 2659 665 2680 c.
689 2653 742 2680 62.
788 2652 796 2665 ⁴
814 2651 942 2681 Contra

240 2704 352 2730 castra
372 2700 511 2731 Labieni
528 2705 625 2731 erant
643 2700 776 2730 relicti.'

285 2751 322 2779 11
350 2749 413 2789 Ipsi
432 2748 562 2790 projecti
577 2749 702 2789 palude]
741 2749 808 2779 M..
826 2754 942 2781 noster

238 2803 398 2840 perspecta
413 2802 537 2841 palude.
582 2801 724 2832 Graecuz
752 2801 806 2838 τῆς
834 2800 942 2838 λίμνης

682 234 824 266 No'rAE
865 234 1017 265 mmo
1028 236 1131 266 RUM
1175 234 1223 264 IN

985 329 1169 369 ἐξελθόντες.
1227 327 1428 360 Ciacconius
1455 325 1590 365 legebat
1613 335 1683 365 pro·

983 381 1057 412 tecti
1071 382 1194 420 palude,
1211 379 1300 421 quod
1321 387 1385 409 uon
1403 377 1575 418 displicet.
1611 377 1683 408 Vns-

981 432 1055 462 sius.
1102 432 1223 462 Placet
1239 430 1371 461 omnino
1389 428 1558 460 Ciacconii
1575 435 1686 457 emou—

984 480 1077 512 datio
1113 481 1246 521 protecti
1273 480 1381 520 palude
1419 479 1487 510 sive
1523 478 1636 519 potius
1666 487 1685 508 a

981 532 1114 571 palude.-
1138 540 1239 571 quam
1266 529 1540 570 praepositionem
1557 528 1686 560 addunt

986 581 1105 620 Cujac.
1123 580 1245 610 Petav.
1261 580 1387 620 Scalig.
1405 578 1502 610 Leid.
1521 589 1571 620 pr.
1597 578 1685 610 Edd.

985 630 1132 660 Vascon.
1148 630 1214 659 Str.
1229 629 1348 670 steph.
1363 629 1494 670 Grypli.
1509 629 1687 670 posterior.

987 679 1102 720 Atque
1120 679 1197 709 binc
1214 683 1324 709 ortum
1341 683 1438 718 puto,
1463 679 1554 718 quod
1581 678 1614 709 in
1637 688 1688 709 re-

986 730 1085 770 liquis
1099 730 1184 760 Mss.
1210 733 1337 768 praeter
1354 727 1443 759 And.
1461 734 1496 758 et
1513 729 1625 760 Oxou.
1649 733 1687 759 ut

987 785 1022 810 et
1039 779 1125 810 Eud.
1144 780 1259 819 primis
1282 779 1450 810 scribatur
1471 782 1631 819 prospecta
1655 789 1687 820 p.

987 831 1020 860 in
1038 831 1168 861 duobus
1182 841 1284 870 persp.
1331 831 1469 860 Mutare
1495 839 1562 860 non
1591 839 1688 861 ausus

989 891 1060 912 sum
1089 886 1202 912 tamen
1223 881 1379 921 1›rnj‘ecli;
1402 880 1461 911 scd
1480 880 1690 921 praepositio-

989 940 1064 962 uem
1082 931 1208 962 addidi.
1245 931 1336 962 Dein
1351 930 1473 961 maluit
1490 930 1689 962 Ciam-onius

988 993 1024 1013 ac
1038 982 1137 1022 ripis.-
1161 982 1240 1023 quia
1257 982 1290 1012 in
1318 982 1443 1013 Codice
1471 991 1530 1012 suo
1559 981 1690 1012 invenit

989 1033 1144 1072 adripus:
1172 1032 1221 1063 uti
1251 1041 1332 1062 sanc
1360 1031 1486 1062 habent
1515 1036 1585 1063 tum
1609 1032 1690 1063 alio-

993 1094 1077 1120 ruin,
1095 1088 1163 1114 tum
1181 1083 1244 1114 mci
1270 1083 1356 1114 Mss.
1385 1083 1492 1123 Rong.
1520 1082 1690 1122 Vossiani,

993 1135 1119 1164 Lovan.
1144 1139 1178 1164 ct
1195 1137 1225 1163 5.
1243 1133 1298 1163 alii
1316 1142 1390 1163 cuin
1411 1132 1494 1163 Eud.
1514 1142 1572 1173 pp.
1591 1133 1689 1164 Leid.

990 1185 1087 1224 prim.
1105 1185 1135 1214 in
1151 1184 1230 1224 ripa.
1265 1182 1310 1214 At
1327 1184 1419 1214 nulla
1436 1184 1490 1214 hic
1504 1185 1691 1216 mutatione

991 1245 1075 1274 opus
1097 1239 1161 1266 est.
1208 1235 1247 1265 In
1264 1234 1340 1273 ripis
1362 1234 1447 1264 idem
1463 1239 1528 1272 ost,
1544 1235 1632 1276 quod
1650 1236 1691 1265 ml

988 1286 1092 1325 ripas;
1115 1284 1164 1315 uti
1194 1284 1378 1324 saepissime
1406 1284 1438 1314 in
1463 1284 1555 1315 undis
1576 1293 1636 1326 pro
1651 1286 1691 1315 ud

988 1337 1095 1366 undas.

1034 1394 1106 1416 mx.
1131 1388 1151 1416 2
1186 1385 1325 1415 Secundo
1345 1385 1386 1416 G.
1402 1386 1500 1426 motu]
1537 1386 1615 1417 Non
1635 1395 1692 1416 nu-

989 1446 1083 1467 mero
1100 1440 1136 1467 et
1151 1435 1281 1474 ordine,
1298 1435 1356 1466 sed
1375 1440 1500 1466 eventu
1514 1439 1549 1466 et
1563 1446 1694 1467 succes-

991 1498 1048 1518 su:
1075 1497 1150 1518 nam
1168 1487 1274 1517 multo
1292 1487 1406 1527 plures
1434 1487 1556 1518 Galliae
1579 1492 1691 1518 motus

990 1537 1125 1568 fuerant
1152 1543 1187 1569 et
1210 1538 1425 1568 rebelliones.
1466 1537 1592 1569 Hotom.
1637 1537 1693 1568 Ita

991 1594 1084 1621 certe
1106 1589 1201 1628 cepit
1217 1588 1483 1628 Metaphrastcs,
1507 1587 1565 1629 qui
1589 1587 1693 1618 habet

991 1638 1021 1669 οἵ
1043 1651 1078 1669 τε
1113 1637 1227 1669 Γάλλοι
1256 1639 1342 1678 νικᾷν
1373 1636 1533 1676 ἐλέγοντο.
1579 1639 1691 1670 Dacis.

995 1689 1124 1720 Passim
1148 1690 1312 1720 secundum
1332 1689 1480 1729 proelium
1504 1689 1594 1729 apud
1618 1698 1692 1721 nos·
1739 1695 1741 1697 ’

991 1744 1091 1771 trum.

1034 1794 1054 1820 6
1093 1790 1157 1824 Qui
1187 1791 1275 1830 zoile]
1313 1790 1410 1820 Voss.
1441 1799 1492 1829 pr.
1523 1799 1543 1820 a
1570 1800 1614 1821 m.
1639 1800 1691 1831 pr.

992 1842 1088 1881 Egin.
1106 1841 1231 1871 Lovan.
1254 1845 1290 1871 et
1314 1844 1460 1880 quatuor
1476 1841 1533 1871 alii
1555 1841 1624 1881 quia
1639 1852 1694 1872 αη-

990 1894 1040 1920 re:
1067 1891 1154 1921 unde
1171 1895 1264 1921 recte
1290 1891 1344 1921 ΙΙΙ.
1366 1890 1526 1921 Heinsius
1543 1892 1693 1932 conjecit

990 1941 1044 1980 qui
1065 1941 1133 1979 J'nm
1163 1944 1253 1971 ante.-
1298 1941 1464 1981 quomodo
1492 1951 1584 1981 saepc
1612 1942 1692 1973 alibi

991 1990 1106 2021 Ca‘sar
1122 1991 1241 2021 scribit
1255 2001 1329 2022 cum
1344 1991 1469 2022 ceteris
1485 1992 1693 2024 auctoribus.

1036 2042 1098 2072 Per
1111 2052 1142 2072 se
1159 2041 1310 2082 infideles]
1342 2041 1468 2072 Eodem
1491 2051 1592 2073 sensu
1616 2043 1694 2074 ulti-

991 2103 1078 2124 mam
1094 2103 1212 2125 vocem
1235 2093 1373 2124 adhibet
1390 2094 1510 2124 Cicero
1528 2094 1634 2134 Epist.
1651 2094 1693 2126 ad

994 2145 1085 2174 Fam.
1103 2153 1163 2174 xv.
1179 2147 1210 2175 4.
1225 2145 1233 2161 ‘
1253 2145 1304 2175 Ex
1321 2144 1555 2183 alienissimis‚'
1573 2145 1695 2186 inquit,

993 2196 1002 2211 ‘
1020 2195 1118 2225 sociis
1140 2195 1372 2233 amicissimos,
1395 2204 1437 2225 cx
1455 2194 1693 2227 infidelissimis

992 2243 1199 2276 firmissimos
1225 2244 1425 2276 redderem?
1468 2245 1524 2277 Sic
1550 2250 1586 2278 et
1616 2246 1694 2277 Hir-

995 2295 1060 2325 tius
1077 2295 1115 2326 B.
1133 2294 1232 2326 Alex.
1246 2304 1275 2326 c.
1292 2297 1345 2325 43.
1394 2295 1507 2326 Datis.

1038 2355 1094 2378 Lx.
1114 2349 1129 2377 l
1158 2345 1312 2386 Concilio]
1351 2345 1459 2377 Immo
1475 2355 1555 2378 vero
1570 2346 1692 2378 consilio

993 2396 1143 2434 militari,
1182 2397 1316 2428 scilicet
1354 2397 1607 2435 Romanorum3
1643 2396 1692 2427 uti

993 2451 1154 2478 exaratur
1170 2447 1202 2476 in
1224 2448 1331 2487 Bong.
1359 2457 1411 2487 pr.
1428 2448 1525 2478 Voss.
1551 2455 1601 2486 pr.
1629 2447 1693 2487 Eg-

993 2498 1108 2529 mund.
1141 2499 1265 2529 Lovan.
1294 2502 1329 2528 et
1358 2501 1377 2528 5
1405 2497 1476 2528 aliis
1503 2506 1578 2528 cum
1597 2496 1692 2540 Jidd.

993 2548 1090 2578 Rom.
1111 2547 1250 2578 Mediol.
1266 2551 1302 2578 et
1314 2547 1458 2577 Veneta.
1497 2544 1563 2576 Adi
1576 2546 1617 2576 ad
1637 2555 1692 2577 ιιι.

992 2600 1023 2629 3.
1047 2600 1055 2615 ‘
1071 2598 1220 2630 Consilio
1243 2597 1402 2628 celeriter
1413 2595 1632 2628 convocat0:’
1657 2601 1693 2627 et

993 2658 1025 2680 v.
1042 2651 1093 2679 28.
1109 2649 1118 2664 ‘
1138 2647 1191 2679 Ad
1217 2646 1392 2678 consilium
1414 2645 1492 2676 dein
1511 2645 1693 2686 deferunt‚'

993 2697 1125 2738 aliaque
1142 2697 1227 2728 loca.

1033 2752 1051 2780 5
1077 2748 1214 2780 Secundo
1219 2746 1368 2787 flumine]
1391 2746 1565 2778 Secundum
1570 2747 1692 2788 flumen

992 2800 1046 2832 hic
1064 2805 1161 2831 vocat
1177 2808 1250 2830 cam
1266 2803 1410 2840 partem,
1438 2798 1471 2829 in
1486 2807 1584 2839 quam
1605 2807 1691 2839 aqua
