1818 3131
265 214 377 256 1264

265 318 408 361 gentian.
469 317 585 349 Caesar
615 317 705 346 amat
735 313 962 354 inpersonatia

263 365 564 411 passivadeiemuri,
583 364 732 405 pugnari,
756 363 865 400 veniri,
893 372 961 394 con-

262 419 345 450 curri
370 422 405 448 et
428 415 549 447 similia
579 418 752 446 sexcenta.
800 412 888 444 Vide
919 412 960 442 ad

264 478 312 500 tv.
343 470 396 498 20.
427 476 489 498 nec
517 465 649 496 variant
677 465 742 495 mei
777 463 861 495 Mss.
899 463 962 493 nisi

263 517 354 559 quod
370 516 506 558 quidam
529 516 699 547 invertant
727 514 891 546 ordinem.
921 514 960 544 B.

265 567 338 599 Civ.
356 576 380 598 1.
393 569 445 598 43.
468 567 476 582 ‘
495 565 724 597 Contenditur
742 564 883 605 prmlio.y

306 620 326 648 8
352 617 511 655 Exiguum
526 616 583 647 loci
599 617 639 646 ad
655 615 860 646 declivitatem
867 613 964 651 sasti-

261 667 366 708 giam]
390 668 452 699 Vv.
477 676 528 698 cc.
553 666 695 706 Iniquum
718 665 789 703 loci,
811 666 863 703 ὅγε.
901 663 964 693 Ur-

263 718 354 748 sinus
370 722 405 749 et
423 717 626 748 ciacconius
643 724 758 746 vocem
784 714 841 744 Ioci
871 712 965 743 indn-

264 767 408 798 cendam
432 766 608 807 putabant.
656 764 745 796 Quid
763 763 788 793 si
814 763 964 801 legamus

267 817 428 855 Exiguum
457 817 526 854 loci,
554 815 590 844 ob
618 814 836 850 declivitatem,
870 811 967 849 susti-

262 867 361 906 gium.
419 866 465 896 Ut
496 865 590 895 dicat
622 864 749 901 carsar,
781 862 847 892 loci
873 860 966 892 fasti·

266 917 368 954 glum,
399 914 552 955 quamvis
583 913 755 953 exiguum,
783 917 894 941 tamen
925 910 966 941 ob

265 966 496 997 declivitatem
526 973 683 1003 maguum
721 962 874 992 habuisse
898 970 967 991 mo-

264 1020 425 1046 mentum.
465 1014 601 1046 Vossius.
654 1012 719 1043 sed
744 1013 784 1042 ad
812 1011 967 1041 declivita-

269 1070 328 1096 tem
347 1066 434 1097 idem
453 1069 517 1104 est,
534 1069 635 1105 atque
652 1064 752 1094 etiam
777 1062 967 1101 elegantior

265 1116 404 1147 locutio,
431 1116 539 1146 Clark.
586 1115 624 1144 In
639 1115 713 1144 decl.
739 1112 875 1143 volebat
899 1111 968 1142 Ho-

253 1172 454 1196 .10111a11n118.
509 1165 576 1195 Sed
607 1164 693 1194 bene
724 1164 850 1194 retinet
875 1162 966 1193 Clar-

266 1216 352 1247 kius.
398 1215 485 1246 Vide
517 1214 558 1245 ad
592 1224 624 1244 v.
651 1217 702 1245 40.
735 1218 771 1244 et
797 1213 837 1244 Β.
866 1211 966 1243 Alex.

267 1278 294 1298 c.
309 1269 358 1298 16.
385 1267 559 1306 Frequens
573 1272 623 1295 est
637 1265 669 1295 in
683 1262 872 1294 adhibenda
883 1271 967 1302 prae-

268 1317 436 1356 positione
481 1317 522 1345 ad
551 1320 682 1352 auctor,
719 1318 755 1343 ut
788 1313 853 1343 suis
886 1312 968 1342 loeis

269 1366 470 1398 ostenditur.
518 1364 585 1394 Adi
603 1364 764 1395 Iudicem.
793 1362 898 1392 Porro
914 1371 967 1392 en:-

266 1418 372 1455 iguum
388 1414 522 1446 invenio
536 1414 569 1444 in
594 1413 672 1444 solis
688 1412 778 1443 And.
796 1415 830 1442 et
856 1411 968 1441 Oxou.

267 1472 302 1497 et
332 1465 420 1496 Edd.
454 1464 539 1495 Ven.
569 1466 660 1495 1517.
692 1461 782 1501 Auli,
812 1461 970 1502 Gryphii,

267 1515 381 1546 Plant.
400 1518 434 1545 et
451 1523 543 1555 seqq.
563 1513 641 1543 item
666 1511 764 1542 Vasc.
778 1511 887 1550 Man-g.
906 1511 968 1541 Re-

267 1564 350 1605 liqui
365 1573 480 1595 omnes
495 1573 570 1594 cum
596 1562 683 1593 Edd.
702 1561 824 1593 ceteris
841 1566 875 1592 et
893 1561 968 1592 Me-

268 1615 443 1654 tapliraste
470 1614 614 1653 Iniquum
641 1622 683 1643 ex
713 1622 741 1642 c.
770 1613 821 1642 83.
843 1612 850 1627 ‘
870 1621 967 1651 paene

269 1665 383 1706 iniquo
401 1664 474 1695 loco
499 1668 533 1694 et
558 1663 680 1694 leniter
705 1661 852 1693 declivi.'
900 1661 968 1693 Sed

267 1714 393 1746 rectius
418 1718 470 1744 est
487 1713 558 1744 sine
581 1712 684 1743 dubio
707 1711 870 1751 exiguum:
902 1721 967 1752 quo

269 1764 439 1800 ostendat,
464 1774 506 1794 ex
533 1773 631 1804 quam
656 1762 767 1803 parvis
791 1761 968 1793 momentis

269 1826 397 1848 summa
425 1816 456 1846 in
485 1815 573 1846 bello
610 1814 805 1845 discrimina
843 1814 968 1854 depen-

271 1868 386 1904 deant,
411 1872 447 1898 ut
465 1866 545 1897 alibi
563 1867 694 1906 plenius
717 1865 852 1905 ingerit.
901 1865 967 1905 Ag-

269 1929 383 1956 §.zerem
416 1923 528 1948 autem
559 1916 722 1956 intelligit
745 1926 764 1946 a
791 1916 900 1947 Gallis
925 1916 968 1947 ad

271 1969 501 2000 Romanorum
532 1966 736 1997 munitiones
762 1965 967 2005 confectum,

271 2023 309 2049 ut
338 2017 424 2048 bene
455 2017 596 2058 exponit
631 2015 861 2056 Glandorpius
892 2026 967 2047 cum

270 2067 526 2107 Metaphraste:
551 2066 607 2097 alii
624 2066 794 2097 haesitant.

316 2121 353 2149 10
378 2118 414 2148 In
432 2117 540 2157 vicem]
586 2116 729 2147 Duabus
755 2115 893 2147 vocibus
918 2125 968 2146 se-

273 2169 416 2209 paratim
448 2177 464 2198 e
495 2168 578 2198 Mss.
611 2166 774 2198 exhibui:
809 2167 864 2197 adi
895 2167 967 2198 Cel.

272 2220 387 2249 Burin.
405 2217 446 2247 ad
464 2216 596 2247 Puaedr.
621 2225 676 2247 111.
691 2219 721 2247 7.
745 2220 753 2232 ‘
765 2215 919 2246 Salutant
936 2216 969 2246 in

274 2269 408 2299 vicem!
453 2267 541 2298 Item
565 2275 644 2297 vlu.
662 2269 692 2296 0.
716 2266 776 2296 ‘In
795 2266 902 2296 vicem
924 2267 969 2296 le-

274 2317 428 2358 gionibus
441 2326 521 2348 onus
539 2316 758 2357 injungebat.'
802 2315 901 2347 Adde
918 2316 969 2348 el.

272 2368 381 2398 Drak.
399 2367 440 2397 ad
458 2367 530 2398 Liv.
549 2376 571 2397 1.
588 2369 639 2397 40.
655 2367 671 2405 ξ
685 2368 715 2396 6.

315 2425 466 2448 Lxxxvr.
484 2420 503 2447 2
529 2416 586 2446 Er.
612 2415 744 2456 pugnet]
789 2414 844 2446 Ita
876 2416 970 2447 resti-

273 2467 435 2499 tuendum
467 2467 617 2507 postulat
650 2471 839 2505 temporum
873 2467 971 2496 ratio.

278 2518 328 2549 Al.
344 2520 510 2557 pugnaret.
529 2517 636 2546 Clark.
663 2516 834 2555 Eruptione
849 2526 975 2556 pugna-

274 2574 345 2605 ret;
371 2568 413 2606 id,
425 2567 487 2597 nisi
502 2566 682 2601 necessario,
699 2566 885 2602 nonsuciut:
909 2567 973 2598 Ur·

274 2619 338 2649 sini
369 2618 454 2648 liber
480 2619 608 2657 pugnet,
638 2616 672 2646 id
703 2616 792 2656 quod
825 2617 973 2656 postulat

275 2675 463 2708 temporum
478 2669 576 2698 ratio.
623 2668 706 2697 Cum
725 2674 835 2697 tannen
853 2667 973 2708 reliqui

277 2719 357 2750 Msti
389 2718 471 2749 dent
502 2720 666 2758 pugnaret,
703 2717 820 2747 Pctav.
849 2722 974 2757 autem,

278 2768 416 2801 Non-xic.
442 2768 603 2808 Gottorp.
625 2767 723 2798 Voss.
749 2772 784 2798 et
807 2767 973 2808 Egmond.

724 218 866 249 NOTAE
899 218 1118 250 VARIORU
1129 219 1161 247 M
1195 218 1208 248 1
1220 218 1245 248 N

1011 312 1157 344 habeant
1188 313 1221 343 id
1247 312 1307 343 nisi
1333 312 1503 343 necessario
1526 320 1570 343 ne
1587 310 1711 350 saciet.-

1013 368 1104 394 totus
1117 364 1209 393 locus
1223 361 1358 392 videtur
1372 361 1420 391 sic
1434 361 1713 393 constituendus:

1015 413 1163 453 Imperat,
1177 415 1202 443 si
1219 413 1368 442 sustinere
1385 422 1441 442 uon
1455 411 1564 452 possit,
1579 412 1714 442 diductis

1012 463 1194 501 cohortibus,
1219 464 1375 502 eruptioutx
1405 471 1575 502 pugnare;
1599 466 1712 492 tamen

1013 512 1226 551 (abbreviato
1242 510 1292 550 tu)
1320 512 1362 548 id,
1384 511 1441 540 uisi
1465 510 1646 544 necessario.
1671 518 1713 540 ne

1006 560 1119 598 saciat.
1152 561 1265 591 Duris.
1297 571 1368 592 cur.
1399 570 1466 591 sec.
1527 561 1642 591 Primo
1672 563 1715 600 et,

1015 610 1104 650 quod
1122 611 1285 641 edebatur
1301 617 1378 642 autc
1399 611 1437 641 τὸ
1453 613 1596 651 imperat,
1619 616 1714 642 reete

1016 660 1208 690 auctoribus
1227 660 1308 690 Mss.
1323 661 1476 691 omnibus
1493 662 1621 693 delerit
1635 663 1715 692 Sca-

1016 710 1113 749 liger.
1146 709 1223 740 (lein
1255 710 1411 740 Clarkius
1445 709 1531 741 bene
1563 711 1715 741 restituit

1011 764 1143 800 pugnet,
1157 759 1244 800 quod
1256 758 1455 790 confirmant
1471 759 1716 791 Andin.0xon.

1017 815 1052 841 et
1081 810 1176 840 Leid.
1205 810 1303 849 prim.
1332 819 1406 839 cum
1424 819 1441 839 e
1459 809 1629 840 contrario
1652 818 1715 849 pro

1013 862 1109 901 possit
1130 862 1254 891 Loran.
1273 860 1359 891 male
1376 860 1478 891 habet
1488 863 1600 900 posset.
1633 860 1718 891 Per·

1018 922 1134 952 peram
1151 921 1230 942 vero
1258 911 1416 942 Davisius
1443 912 1582 952 conjicit
1604 912 1717 951 legeu-

1017 963 1094 993 dum
1112 973 1267 1002 pugmn'e:
1290 972 1364 992 euni
1382 962 1508 992 elurtuu
1525 962 1580 1002 sit,
1604 971 1622 992 a
1644 962 1718 993 Cae-

1017 1022 1092 1043 sare
1110 1013 1276 1053 scriptum
1295 1013 1433 1052 Imperat
1454 1015 1582 1051 pugnet,
1605 1011 1718 1042 subin-

1018 1062 1158 1092 tellecta
1171 1062 1410 1102 conjunctione
1426 1064 1472 1099 ut,
1486 1070 1584 1101 quam
1601 1069 1718 1101 supra-

1017 1111 1155 1151 scripsit
1179 1112 1314 1152 quidam
1341 1111 1375 1141 in
1402 1112 1510 1151 Boug.
1535 1119 1586 1150 pr.
1631 1110 1718 1141 vide

1018 1161 1060 1192 ad
1079 1171 1127 1193 ιν.
1144 1165 1193 1193 16.
1218 1162 1342 1193 Nescio
1357 1171 1417 1192 cur
1433 1171 1498 1191 nou
1516 1161 1629 1201 potius
1646 1165 1717 1192 tum

1018 1213 1166 1244 retinere
1184 1213 1325 1243 voluerit
1346 1216 1520 1253 pug-naroc:
1543 1212 1622 1253 quia
1636 1211 1720 1242 mul-

1020 1263 1062 1293 tis
1084 1263 1165 1293 locis
1181 1263 1263 1293 illud
1280 1263 1521 1303 inpeit'ectum‚
1539 1263 1618 1293 lieet
1635 1271 1720 1303 prae-

1018 1322 1094 1343 sens
1122 1313 1309 1352 proecedat,
1335 1313 1367 1343 in
1399 1314 1544 1353 vulgatis
1574 1312 1719 1343 Caesaris

1019 1362 1107 1392 Edd.
1123 1363 1332 1402 aliorumque
1350 1367 1537 1402 auctorum,
1550 1366 1719 1404 occurrat.

1021 1412 1166 1443 Consule
1184 1418 1301 1443 notata
1315 1412 1355 1443 ad
1372 1422 1397 1443 1.
1414 1416 1444 1443 8.
1469 1413 1546 1443 Non
1559 1421 1643 1452 opus
1655 1418 1720 1452 est,

1021 1463 1122 1493 immo
1138 1462 1239 1503 friget
1255 1462 1292 1492 τὸ
1308 1466 1422 1494 tumen.
1465 1463 1515 1493 Ne
1530 1467 1642 1493 autem
1658 1471 1719 1502 pro

1020 1523 1081 1544 non
1124 1513 1255 1554 reposui
1299 1513 1471 1553 eleganter
1516 1512 1720 1544 auctoritate

1022 1564 1188 1595 Mstorum
1205 1564 1363 1603 omnium,
1386 1562 1475 1604 quod
1499 1563 1602 1594 etiam
1619 1563 1719 1593 Vasc.

1019 1613 1154 1654 Strada,
1184 1614 1374 1654 Stephanus
1404 1613 1526 1654 aliique
1553 1613 1626 1654 jam
1653 1620 1720 1643 am-

1021 1665 1113 1705 plexi
1131 1670 1222 1696 sunt.

1067 1717 1105 1745 10
1129 1714 1256 1753 Aggere
1283 1717 1314 1745 et
1341 1711 1476 1744 cratibus
1501 1711 1606 1742 aditus
1631 1720 1720 1751 expe-

1020 1763 1126 1804 diunt]
1155 1764 1294 1795 lnvMss.
1311 1763 1423 1794 Ursin.
1440 1762 1558 1793 Brant.
1579 1761 1718 1793 Norvic.

1022 1818 1056 1844 et
1073 1813 1172 1844 editt.
1191 1815 1286 1844 Rom.
1303 1813 1390 1843 Ven.
1413 1811 1570 1842 Beroald.
1596 1811 1722 1851 legitur

1020 1873 1136 1902 aggere
1151 1866 1180 1893 ct
1207 1861 1344 1893 cratibus
1359 1861 1462 1899 sessus
1487 1861 1620 1900 explent.
1666 1861 1720 1892 Sic

1021 1912 1122 1942 etiam
1139 1912 1170 1942 in
1188 1921 1247 1942 suo
1267 1910 1393 1942 Codice
1413 1910 1539 1950 reperit
1557 1910 1720 1942 Graccus:

1020 1961 1125 1992 habet
1141 1961 1229 1992 enim
1254 1960 1375 1999 χώματί
1390 1972 1425 1991 τε
1441 1960 1489 1990 καὶ
1507 1958 1651 2000 ἐσχάραις
1667 1961 1722 1991 τὰς

1021 2009 1154 2050 τάφρους
1185 2008 1414 2050 ἀνεπλήρωσαν.
1453 2020 1515 2041 nec
1552 2010 1721 2050 improbat

1019 2061 1111 2093 Just.
1130 2060 1260 2100 Lipsius
1274 2060 1421 2091 Poliorc.
1437 2069 1459 2090 1.
1472 2060 1562 2092 Dial.
1577 2063 1608 2090 7.
1632 2060 1720 2092 Mihi

1021 2120 1102 2141 vero
1129 2110 1268 2141 dubium
1292 2120 1358 2141 non
1387 2110 1534 2150 videtur,
1558 2111 1638 2151 quin
1663 2111 1722 2141 illa

1021 2161 1122 2192 lectio
1139 2161 1343 2192 Glossemati
1359 2161 1535 2200 debeatur,
1558 2171 1624 2202 quo
1649 2162 1722 2203 quis

1023 2211 1197 2251 explicare
1222 2211 1339 2251 voluit,
1363 2221 1431 2252 qna
1460 2211 1590 2243 ratione
1620 2213 1722 2244 aditus

1023 2262 1218 2302 expedierint
1247 2262 1356 2300 Galli3
1379 2262 1442 2293 nisi
1473 2261 1601 2302 forsan,
1631 2268 1720 2294 utra-

1023 2322 1089 2354 qne
1112 2311 1259 2343 lectione
1274 2317 1425 2352 recepta,
1449 2322 1525 2343 cum
1542 2312 1597 2343 Fr.
1614 2313 1720 2344 Hoto-

1022 2372 1142 2393 manno
1157 2362 1285 2393 scribas
1298 2363 1425 2402 Aggere
1437 2366 1467 2393 et
1479 2362 1613 2393 cratibus
1619 2361 1722 2400 fossas

1023 2414 1161 2453 explent,
1187 2413 1292 2444 aditus
1324 2413 1500 2453 expediunt.
1556 2411 1622 2443 Sed
1656 2413 1719 2443 hoc

1023 2462 1184 2502 frigidum
1210 2467 1284 2500 est;
1308 2463 1382 2503 quis
1411 2462 1497 2492 euim
1523 2461 1644 2499 nescit,
1662 2471 1718 2492 ex-

1024 2513 1126 2554 pletis
1149 2512 1259 2553 fossis,
1283 2513 1393 2543 aditus
1409 2511 1582 2552 expediri?
1628 2512 1719 2543 Prac-

1025 2564 1139 2603 placet
1153 2564 1258 2604 igitur
1271 2564 1363 2603 prior
1377 2562 1473 2593 ratio.
1488 2561 1596 2592 Daris.
1621 2562 1721 2593 Codi-

1025 2624 1082 2646 ces
1111 2613 1275 2651 nonnulli,
1297 2612 1400 2650 fossas
1427 2613 1560 2652 esphnl.
1619 2611 1719 2645 Quod

1025 2664 1115 2695 idem
1140 2669 1205 2695 cst.
1245 2663 1351 2693 Clark.
1411 2663 1510 2693 Hauc
1539 2662 1719 2694 lectionem

1025 2716 1167 2756 primum
1196 2713 1328 2754 reperio
1358 2713 1390 2743 in
1421 2712 1482 2744 Ed.
1507 2713 1591 2743 Veu.
1625 2715 1720 2756 151⁷.

1025 2775 1124 2807 quam
1139 2763 1259 2802 Aldus,
1273 2763 1405 2794 Manut.
1422 2763 1609 2805 Gryphius,
1622 2763 1720 2794 Plan-
