1883 3121
486 238 577 267 ι.ιιι.
611 237 641 267 ι.
674 236 778 265 ου’.
810 225 878 266 81.
914 237 976 266 nn
1011 234 1165 265 amno
1198 233 1370 264 civim.

193 341 272 365 sunt
290 346 295 365 :
322 335 368 364 sic
385 337 486 365 costra
503 335 675 364 convertere
689 330 811 369 castris,
839 330 892 361 liic

196 388 313 416 Caesar
337 384 462 425 posuit,
486 393 548 425 pro
579 380 697 414 castris
725 379 894 420 prioribus

194 436 322 467 relictis
342 445 429 467 nova
443 434 569 465 habere
584 436 707 464 castra.
757 431 892 461 Vossius.

194 487 262 518 Me.
280 486 354 517 Pal.
373 487 586 522 convenerunt,
617 482 756 514 Norvic.
773 482 892 520 conjun-

193 544 282 579 tjwtt,
310 541 384 571 Pet.
412 543 525 569 autem
553 535 754 567 Ciacconius
780 534 892 574 conje-

192 589 241 620 cit
256 594 414 629 castraque
430 587 540 619 castris
555 585 727 624 conserunt,
751 589 786 616 et
813 594 892 616 sane

193 641 238 670 ita
268 640 359 680 loqui
390 643 479 670 amat
505 638 638 675 Caesam
672 636 753 667 mihi
781 640 892 666 tamen

193 688 328 721 ridetur
353 689 434 720 nihil
457 698 529 720 esse
554 696 691 729 prorsus
707 687 738 718 in
757 687 892 726 vulgata

192 739 353 778 lectione,
375 738 465 781 quod
485 739 563 779 jure
587 738 708 769 merito
730 735 892 768 offendat.

195 790 320 820 Locum
346 790 429 820 mire
456 789 704 829 interpretatur
728 786 890 824 Vossius;

193 844 294 881 putat
320 839 410 871 enim
438 839 573 880 phrasin
601 838 689 868 hanc
718 835 892 876 denotare,

191 888 396 921 Afranhnos
420 890 482 929 'pro
509 887 679 928 prioribus
700 886 818 917 castris
840 896 890 917 re·

190 938 280 969 lictis
298 948 384 969 nova
400 937 524 968 habere
550 940 672 973 castra,
695 940 731 967 et
755 935 890 976 quidem

189 999 210 1018 a
236 989 371 1020 Caesare
400 988 508 1029 magis
535 987 676 1025 dissita;
713 996 790 1018 cum
816 986 892 1017 illos

189 1045 303 1069 castra
331 1048 391 1069 sua
417 1038 559 1070 Caesaris
600 1037 719 1069 castris
760 1037 893 1077 propin-

189 1089 307 1128 quiora
333 1088 455 1119 fecisse
484 1087 676 1119 necessario
700 1086 890 1125 significet:

188 1147 266 1168 uam
296 1138 385 1168 hosti
415 1136 470 1177 ad,
499 1135 784 1176 progrediendum
826 1145 891 1166 non

189 1188 262 1219 dari
284 1187 499 1227 facultatem,
521 1187 660 1227 hujusce
685 1185 808 1225 capitis
832 1186 893 1216 ini-

189 1239 238 1271 tio
263 1244 406 1271 testatus
438 1243 490 1269 est
516 1239 644 1276 Caesar,
668 1242 702 1268 et
724 1247 766 1268 ex
790 1247 820 1268 c.
839 1240 891 1269 82.

187 1293 336 1328 constat,
361 1289 464 1320 breve
478 1289 629 1330 spacium
645 1288 734 1319 inter
748 1294 891 1329 utraque

188 1346 302 1372 eastra
328 1339 431 1371 fuisse
463 1340 639 1380 positum;
674 1338 763 1369 unde
790 1338 892 1369 etiam

189 1396 290 1432 paret
314 1399 373 1421 eos
395 1398 514 1421 versus
535 1390 706 1421 Ca’sarem
731 1389 891 1428 movisse,

188 1447 239 1479 ut,
263 1441 289 1470 εἰ
315 1441 458 1480 ρηεᾶιιιη
483 1439 738 1477 committeretur,
766 1438 890 1478 propin-

188 1490 294 1531 quitas
319 1493 489 1520 castrorum
513 1489 641 1519 celerem
670 1489 824 1528 superatis
851 1498 891 1519 ex

182 1541 266 1581 sugo
293 1543 446 1580 receptum
469 1540 570 1570 daret.
617 1537 772 1579 Apparet
788 1539 889 1569 etiam

189 1600 232 1622 ex
261 1590 368 1622 Hirtii
396 1589 493 1621 B.G.
522 1598 603 1620 v111.
626 1592 657 1620 9.
683 1594 718 1620 et
742 1591 794 1619 10.
819 1589 891 1620 (2ae-

190 1651 301 1673 ¹sarem
327 1645 442 1671 castra
463 1639 584 1671 castris
608 1639 753 1670 hostium
775 1645 891 1670 coutu-

190 1692 280 1730 lisse,
302 1691 406 1722 etiam
423 1699 500 1721 cum
528 1690 683 1721 timorem
707 1689 891 1721 simularet.

184 1741 301 1773 Dat-is.
348 1741 562 1771 Convenerunt
583 1740 686 1772 etiam
704 1740 831 1770 Lovan.
856 1744 892 1770 et

184 1792 299 1823 ·Dorv.
326 1790 387 1821 sed
414 1790 513 1821 male.
560 1789 750 1820 conuertunt
780 1794 893 1821 castra

188 1841 264 1872 aliis
291 1840 430 1878 castris3
469 1839 590 1871 eastris
629 1838 739 1879 factis,
775 1848 890 1870 rursus

187 1895 301 1922 castra
315 1888 458 1930 faciunt,
474 1894 511 1921 et
526 1889 575 1920 sic
592 1887 770 1929 proferunt
786 1888 891 1919 muni-

188 1942 307 1980 tiones,
339 1948 405 1972 non
429 1940 471 1970 ad
496 1939 666 1971 Caesarem
694 1948 824 1979 versus,
853 1943 892 1970 ut

186 2001 266 2023 cum
295 1991 436 2029 Davisio
463 1994 561 2031 putat
588 1989 758 2029 Clarkius‚
787 1989 848 2021 sed
871 1999 891 2020 a

189 2042 326 2073 Caesare
355 2041 508 2082 longius:
555 2045 623 2071 tam
664 2049 773 2080 prope
801 2040 889 2070 enim

185 2097 266 2123 ante
301 2091 413 2122 fuerat
447 2100 563 2122 eorum
603 2090 724 2121 castris
746 2090 890 2122 Caesaris

186 2142 372 2180 exercitus,
395 2145 432 2172 ut
460 2145 533 2172 tota
553 2146 652 2171 nocte
667 2145 704 2171 ct
724 2145 798 2172 toto
814 2150 889 2181 pos-

190 2195 265 2221 tero
283 2191 338 2221 die
352 2200 418 2221 non
436 2190 609 2231 potuerint
625 2191 659 2221 in
681 2199 723 2222 ea
740 2200 776 2221 re
800 2190 889 2221 labo-

187 2251 277 2273 rare.
324 2242 368 2273 Et
391 2251 516 2282 quaeso,
549 2242 605 2272 cui
630 2241 730 2279 bono,
753 2241 795 2272 ad
820 2251 889 2272 cas-

188 2297 242 2323 tra
259 2291 403 2323 Caesaris
426 2291 631 2323 munitiones
658 2292 890 2332 protulissent,

186 2351 264 2372 cum
290 2351 411 2382 aquam
435 2341 657 2382 quaerebaut?
690 2342 809 2373 Vossio
833 2351 887 2373 ac-

187 2391 282 2423 cedit
302 2400 436 2432 quoque
451 2391 630 2423 Cetlarius,

232 2446 271 2474 14
295 2443 447 2472 Proximo
467 2442 530 2481 die,
549 2442 695 2482 praeside'o
720 2443 753 2473 in
778 2444 889 2474 castris

185 2493 311 2533 relicto]
354 2492 472 2523 Verba
488 2492 632 2523 Caesaris
650 2493 774 2524 invasit
788 2493 888 2524 Glos-

187 2551 336 2573 sa:nam
352 2541 532 2581 legendum
555 2542 749 2582 posteroctie,
776 2553 890 2584 quem-

188 2591 369 2622 admodum
416 2591 498 2622 dant
534 2591 715 2622 Petavian.
749 2592 888 2624 Norvic.

188 2647 226 2672 ct
261 2642 419 2673 Beroald-
450 2642 641 2673 sexcenties
680 2642 727 2674 ita
756 2643 888 2673 locutus

185 2699 242 2723 cst
258 2698 383 2734 noster,
397 2699 436 2725 ut
451 2699 486 2726 et
501 2694 572 2726 alii.
595 2695 709 2725 Daris.
731 2703 802 2725 cur.
821 2703 888 2725 sec.

191 2744 269 2774 Non
312 2743 484 2776 adsentior
521 2744 674 2783 Davisio,
700 2754 731 2775 e.
755 2748 775 2776 2
806 2745 888 2775 Mss.

186 2793 316 2834 tegenti
339 2797 470 2835 postero.
516 2797 605 2827 Nam
628 2796 789 2836 proximus
810 2796 888 2836 dies,

1528 224 1544 262 1
1555 222 1638 264 397

945 336 996 362 est
1012 332 1049 362 de
1074 331 1308 370 nuestvolgende
1322 330 1395 369 dag.
1434 328 1490 360 Sic
1509 329 1549 358 B.
1567 329 1640 359 Cir.

945 389 1002 411 ιιι.
1022 382 1095 412 10.6
1114 381 1226 412 triduo
1253 381 1406 421 proximo
1417 379 1436 410 ι’
1448 379 1547 409 immo
1563 378 1640 418 jun-

946 432 1057 470 git,ut
1077 432 1144 469 hic,
1163 435 1249 462 nocte
1271 436 1305 462 et
1327 431 1468 470 proximo
1489 429 1538 460 «ne
1560 429 1640 459 Sue-

947 486 1016 511 ton.
1043 481 1128 521 Aug.
1145 491 1176 512 c.
1192 484 1245 512 94.
1265 481 1362 512 Adde
1379 481 1486 519 Calig.
1499 490 1529 511 c.
1543 482 1596 510 25.

988 534 1028 562 16
1053 531 1116 561 His
1128 540 1178 561 eos
1190 532 1339 571 supplices
1354 532 1430 561 male
1452 530 1557 561 Imber-i
1576 529 1642 560 Cae—

942 590 995 612 sar
1015 584 1044 611 et
1080 581 1294 620 necessarium]
1349 581 1401 611 lta
1430 580 1538 611 edidit
1567 579 1641 611 Jos.

943 631 1156 672 Scaliger,et
1173 633 1221 662 sic
1236 632 1299 662 Ms.
1318 631 1457 662 Norvic.
1476 630 1536 660 nisi
1552 629 1640 671 quod

945 682 978 713 in
995 692 1035 713 ea
1051 691 1230 722 perperam
1245 682 1413 713 scribatur
1424 682 1511 712 molle
1526 681 1642 711 haberi.

945 732 1009 763 Sed
1039 732 1157 763 vitiosa
1181 738 1233 763 est
1264 732 1368 763 lectio
1398 737 1549 771 recepta,
1577 740 1643 761 non

943 784 1032 814 enini
1048 782 1224 814 Afraniani
1240 783 1313 824 jam
1337 787 1434 814 erant
1462 782 1643 822 supplices.

943 834 1110 866 Rescribe
1123 834 1172 864 his
1186 843 1236 864 eos
1248 833 1423 874 suppliciis
1437 833 1513 863 mate
1524 832 1643 871 haberi,

943 896 1040 927 aqua-z
1081 886 1242 916 videlicet
1280 893 1319 915 ac
1363 884 1479 924 pabuli
1515 883 1641 923 inopi’z.

942 936 1052 968 Editt.
1082 941 1195 967 tamen
1232 936 1326 967 Rom.
1357 935 1442 965 Ven.
1484 933 1641 964 Beroald.

941 987 1060 1028 Steph.
1092 996 1158 1018 non
1188 987 1275 1017 male
1303 986 1466 1016 exhibent
1496 984 1559 1014 His
1592 993 1639 1014 ως

941 1039 1091 1079 supplices
1102 1037 1192 1068 malis
1209 1037 1315 1067 Coesar·
1324 1034 1526 1066 necessariam
1539 1033 1641 1064 subire

941 1089 1150 1124 deditionem5
1173 1092 1231 1118 aut
1255 1087 1369 1125 etiam,
1392 1086 1551 1126 quoniam
1574 1094 1642 1123 sup-

940 1139 1036 1179 plices
1058 1140 1135 1169 male
1158 1137 1265 1168 haberi
1288 1137 1320 1167 in
1337 1136 1409 1167 aliis
1427 1135 1535 1166 Codd.
1552 1135 1642 1165 tec-a-

945 1194 1011 1228 tur,
1025 1189 1144 1229 reponi
1163 1191 1278 1228 potest
1293 1187 1342 1217 his
1354 1196 1403 1217 eos
1417 1185 1567 1224 supptices
1579 1194 1641 1214 maz-

943 1239 983 1268 lt's
1010 1237 1121 1271 habere
1152 1238 1258 1268 Caesur
1290 1239 1321 1266 et
1349 1234 1563 1272 necessariam,
1589 1235 1641 1273 &··.

943 1288 1073 1319 Harum
1103 1287 1287 1318 lectionum
1316 1285 1480 1316 utramvis
1516 1283 1640 1323 eligas:

942 1347 1058 1368 omnes
1071 1337 1161 1368 enim
1174 1337 1321 1377 vulgatae
1337 1339 1515 1376 praestant.
1531 1334 1641 1366 Davo.

942 1388 1008 1419 Hes
1029 1397 1078 1418 eos
1098 1387 1250 1427 supplices
1266 1385 1360 1416 malis
1376 1383 1493 1415 haberi.
1537 1383 1644 1415 Scall-

942 1448 1002 1476 gger
1018 1437 1139 1476 edidit,
1156 1436 1219 1467 His
1240 1446 1290 1467 eos
1307 1435 1459 1475 supplices
1473 1433 1560 1464 male
1587 1434 1640 1464 ha-

941 1487 1016 1519 beri.
1061 1487 1161 1520 Quod
1177 1487 1248 1518 sine
1263 1485 1367 1516 dubio
1382 1484 1552 1516 vitiosum.
1589 1484 1643 1515 Ex

942 1538 1010 1569 Ms.
1023 1539 1108 1578 Reg.
1121 1542 1157 1568 et
1169 1537 1276 1568 Editt.
1286 1536 1383 1566 Vett.
1397 1534 1531 1565 omnino
1545 1534 1642 1565 resti-

942 1588 1116 1628 tuendum,
1131 1588 1280 1628 supplices
1296 1586 1393 1617 malis
1408 1584 1526 1616 haberi.
1565 1584 1641 1615 Nou

942 1643 1075 1676 autem;
1110 1637 1278 1679 quomodo
1304 1636 1463 1667 Davisius
1492 1635 1639 1675 reponit.

940 1688 1093 1728 supptices
1116 1687 1205 1718 malis
1228 1686 1367 1718 habere.
1427 1685 1516 1717 Illud
1551 1686 1638 1716 enim

942 1738 1064 1778 habere,
1081 1738 1246 1778 respiciet
1258 1738 1440 1776 Caesarem,
1463 1736 1640 1777 minusque

942 1789 1122 1820 conveniet
1137 1798 1215 1819 cum
1231 1797 1271 1819 eo
1286 1787 1377 1829 quod
1390 1787 1556 1828 sequitur,
1572 1787 1641 1818 sub-

940 1839 998 1870 ire.
1056 1838 1177 1877 Porro,
1197 1837 1356 1869 Davisius
1376 1838 1476 1868 aliter
1491 1837 1642 1878 conjecit

941 1888 1134 1929 legendum.
1158 1889 1223 1919 His
1243 1897 1293 1919 eos
1308 1888 1483 1929 suppliciis
1498 1888 1575 1918 male
1589 1887 1641 1918 ha-

941 1938 1019 1969 beri.
1064 1939 1150 1972 Quae
1174 1938 1380 1976 emendatio,
1396 1943 1435 1968 ut
1459 1947 1525 1968 non
1541 1938 1640 1977 mala,

941 1989 989 2020 ita
1012 1998 1076 2020 nec
1099 1989 1290 2020 necessaria
1310 1993 1374 2020 est.
1410 1988 1518 2019 Clark.
1566 1988 1641 2019 Nec

940 2039 1020 2069 mihi
1036 2039 1151 2079 placet
1172 2039 1286 2077 lectio,
1302 2048 1400 2079 quam
1418 2038 1570 2078 Scaliger
1593 2048 1642 2069 re-

941 2089 1064 2130 posuit,
1079 2088 1160 2120 licet
1176 2088 1208 2119 ei
1219 2087 1436 2129 suffragetur,
1454 2088 1552 2127 plane
1575 2087 1641 2119 Pe-

941 2143 1008 2170 tav.
1022 2143 1058 2170 et
1073 2139 1139 2170 alii.
1151 2138 1242 2170 Ante
1255 2139 1365 2179 ipsum
1381 2138 1561 2177 edebatur,
1576 2138 1640 2168 His

937 2199 989 2220 cos
1001 2189 1152 2230 supplices
1167 2189 1256 2219 malis
1282 2189 1389 2219 Coesar
1412 2198 1477 2218 nec.
1495 2189 1548 2227 ἱγε.
1576 2197 1638 2228 pro

938 2248 1004 2280 quo
1012 2239 1083 2280 jam
1101 2239 1299 2270 Ciacconius
1311 2238 1458 2279 conjecit
1472 2238 1641 2278 suppliciis.

937 2289 1097 2330 Vulgaris
1110 2289 1209 2320 lectio
1222 2288 1440 2320 confirmatur
1454 2289 1537 2319 Mss.
1556 2289 1637 2319 Lov.

939 2340 1013 2371 Pal.
1030 2341 1137 2380 Bong.
1154 2340 1251 2371 Leid.
1279 2350 1346 2371 sec.
1365 2340 1461 2370 Voss.
1490 2338 1638 2370 Dorvill.

939 2395 976 2422 et
1003 2390 1090 2431 aliis,
1120 2391 1182 2421 nisi
1213 2390 1303 2431 quod
1328 2391 1362 2420 in
1391 2389 1562 2430 plerisque
1592 2388 1637 2419 sit

938 2441 1020 2472 enim
1034 2451 1095 2482 pro
1111 2451 1172 2472 eos,
1218 2440 1266 2471 At
1281 2440 1314 2470 in
1329 2440 1447 2480 Cujac.
1465 2445 1500 2469 et
1515 2438 1638 2478 Scalig.

943 2495 1004 2526 His
1018 2504 1067 2525 eos
1075 2494 1228 2535 supplices
1243 2493 1319 2523 »nale
1335 2492 1458 2529 habere,
1474 2494 1504 2521 et
1520 2501 1551 2520 η.
1574 2490 1640 2520 Ye-

940 2554 1012 2576 rum
1041 2545 1074 2576 in
1101 2544 1196 2576 Leid.
1215 2544 1335 2583 primo,
1358 2543 1488 2581 optimo
1505 2541 1560 2570 illo
1584 2548 1640 2570 co-

939 2595 1017 2625 dice
1045 2599 1158 2625 exs·at
1187 2595 1297 2634 plane,
1324 2598 1359 2622 ut
1391 2591 1536 2631 conjecit
1573 2590 1640 2620 Da-

939 2644 1041 2675 visius
1078 2644 1141 2675 His
1170 2654 1219 2674 eos
1239 2642 1397 2683 suppliciis
1423 2642 1500 2671 male
1532 2640 1639 2671 haberi

943 2694 1049 2724 Caesur
1063 2698 1094 2724 et
1116 2704 1148 2724 n.
1166 2699 1203 2724 ut
1219 2702 1250 2724 c.
1263 2694 1316 2722 63.
1333 2692 1342 2707 ‘
1360 2699 1478 2731 agmen
1491 2689 1636 2721 hostium

939 2744 1027 2774 male
1051 2743 1216 2775 haberet.’
1259 2741 1308 2772 At
1333 2740 1476 2781 supplicii
1496 2750 1559 2770 vox
1583 2739 1637 2771 liic

940 2794 1048 2825 minu-s
1061 2793 1232 2826 convenit.
1263 2793 1377 2824 Quare
1389 2790 1549 2831 arbitror,
1565 2800 1636 2822 cain
