1818 3131
238 226 351 270 1342

238 331 340 363 fuisse
356 332 465 362 nullus
482 330 614 369 dubito,
632 330 710 371 quia
733 331 768 361 in
801 332 936 372 epistol.

239 383 394 422 Pompeii
413 381 454 412 ad
480 390 565 412 coss.
584 381 720 412 invenio
737 382 877 413 militem
895 382 938 412 ab

238 443 277 463 eo
296 433 433 462 lectum.
462 431 567 461 Extat
584 440 623 461 ea
641 431 661 461 l.
677 440 755 462 wu.
770 432 873 471 epist.
888 435 937 463 17.

241 483 330 522 apud
374 483 573 514 Ciceronem
604 485 645 515 ad
678 484 828 516 Atticum
846 497 852 516 2
889 486 937 516 ait

237 533 344 563 enim:
371 532 469 563 ‘cum
496 533 534 563 iis
556 534 732 574 militibus,
757 545 838 576 quos
855 536 938 566 Fau-

236 589 307 613 ›tus
323 582 429 623 legit.’
474 583 542 613 Sed
569 585 615 614 ait
639 586 763 623 Caesar,
782 585 843 614 ‘de
863 585 938 615 reli-

236 635 309 675 quis
326 635 426 666 rebus
438 635 500 666 SC.
519 636 777 675 perscribuntur
789 636 808 665 :’
823 636 938 675 itaque

235 685 418 716 ostendunt
441 686 512 717 baec
545 686 659 725 verba,
675 687 737 716 hoe
755 685 796 715 (le
814 686 935 715 Fausto

237 740 346 765 ratum
364 744 428 765 non
442 734 557 774 fuisse,
572 741 673 776 atque
693 736 738 766 ita
755 740 788 765 et
803 736 934 773 Cacsar,

237 790 271 815 et
288 785 409 816 Cicero
423 790 517 816 recte
534 785 680 816 babeat:
706 786 862 815 nimirum
880 794 934 814 vo-

236 834 353 864 lebant
387 835 514 874 Syllam
549 836 671 865 Patres
700 844 760 874 pro
790 841 936 874 pastore

234 885 372 916 mittere
390 885 422 914 in
448 885 703 922 Mauritaniam,
720 884 779 914 sed
803 884 937 914 obstitit

232 935 421 965 Tribunus:
451 944 555 975 quare
571 943 632 973 pro
656 938 826 974 quaestore
840 935 934 965 abiit.

241 985 374 1015 Vossius.
419 986 578 1024 Propi-at.
603 988 655 1014 est
671 983 864 1015 emendatio
879 984 936 1014 Al-

234 1034 266 1064 di
282 1035 438 1065 Manutii.
471 1035 510 1065 In
529 1035 611 1065 Mss.
630 1033 784 1065 omnibus
799 1039 831 1065 et
851 1035 934 1065 [edd.

234 1093 291 1124 pp.
304 1094 451 1124 propere.-
469 1084 533 1114 nisi
548 1084 638 1125 quod
657 1085 791 1115 exsulet
805 1094 823 1115 a
841 1085 935 1115 Vati-

235 1144 319 1164 cano
335 1139 370 1164 et
386 1134 484 1164 Voss
502 1134 669 1164 sollemnis
697 1134 768 1164 hare
787 1138 839 1164 est
863 1144 934 1165 cor-

235 1184 359 1223 ruptio.
405 1183 493 1214 Vide
510 1183 551 1213 ad
571 1184 612 1213 B.
627 1184 669 1214 G.
687 1192 709 1214 1.
725 1186 776 1213 21.
794 1184 935 1223 Proproe-

235 1236 300 1263 tere
325 1237 436 1263 exstat
454 1233 487 1262 in
512 1232 693 1263 Pulmanni
711 1232 854 1263 schedis.

279 1285 315 1312 123
341 1283 514 1312 Provinciae
545 1282 677 1321 privatis
710 1283 933 1322 ‹let-eruuntur]

232 1332 331 1362 More
348 1333 496 1362 Romano
514 1332 648 1361 locutus
663 1336 715 1361 est
733 1342 741 1361 :
766 1341 842 1361 nain
867 1342 935 1362 mo-

230 1382 274 1411 ris
298 1386 383 1419 erat,
399 1381 590 1420 priusquam
614 1381 766 1410 consules
782 1381 857 1411 novi
877 1382 933 1412 de·

233 1431 460 1469 signarentur,
479 1435 515 1460 ut
546 1430 623 1468 illis,
642 1430 698 1470 qui
728 1435 807 1460 tunc
839 1440 932 1471 rege-

232 1481 327 1519 bant,
351 1480 543 1511 consulibus
568 1480 836 1510 decernerentur
859 1490 934 1520 pro-

232 1531 352 1562 vinciae
384 1530 592 1569 consulares,
630 1530 664 1560 in
703 1539 785 1570 quas
818 1531 933 1561 statim

233 1581 429 1620 exspirante
452 1580 650 1619 magistratu
674 1578 934 1619 proficisceban-

235 1634 300 1660 tur.
358 1629 425 1660 Sed
451 1629 629 1660 accidebat
661 1638 765 1668 saepe,
796 1635 833 1660 ut
867 1639 933 1660 non

231 1681 450 1712 mitterentur
477 1690 562 1711 coss.
581 1680 614 1719 ii,
629 1685 665 1710 et
688 1689 779 1719 saepe
800 1679 934 1711 demum

233 1731 348 1769 tertio,
373 1735 430 1761 aut
449 1735 570 1771 quarto
585 1735 662 1769 post
687 1739 774 1761 anno
800 1730 832 1760 in
860 1739 934 1770 pro-

233 1781 362 1811 vincias
387 1781 498 1811 irent:
530 1780 618 1810 uude
645 1780 705 1818 illi,
729 1780 785 1820 qui
802 1780 933 1811 interea

231 1831 393 1871 temporis
411 1832 442 1861 in
466 1831 657 1870 provincias
682 1830 785 1868 missi,
810 1830 932 1869 privati

230 1881 502 1922 appellabantur.
528 1880 593 1910 Sed
609 1880 778 1910 lraecnota.
799 1880 931 1911 Vossius.

276 1935 314 1963 14
339 1933 420 1963 Duae
436 1941 517 1961 cons.
537 1932 590 1961 rel.
606 1930 714 1969 μικτὰ]
748 1930 819 1960 Has
833 1940 932 1961 voces

233 1993 298 2014 uon
324 1984 412 2014 male
429 1983 595 2013 Octavius
613 1982 846 2023 Pantagathus
864 1992 933 2013 sus-

230 2039 348 2074 pectas
365 2033 523 2070 habebat,
540 2037 577 2062 nt
590 2033 841 2072 supposititias:
856 2033 934 2072 quia

232 2084 298 2113 illae
328 2083 408 2113 satis
434 2082 671 2123 intelliguntur
693 2091 734 2112 ex
763 2092 856 2123 seqq.
874 2084 882 2098 ⁶
899 2082 931 2112 in

231 2134 378 2174 reliquas
395 2143 488 2173 prov.
505 2138 669 2173 praetores
687 2132 888 2163 mittuntur!

276 2188 313 2216 15
350 2185 515 2225 Philippus
543 2188 573 2215 et
601 2185 769 2215 Illarcellus
807 2184 933 2224 privato

232 2235 356 2266 consilio
371 2236 612 2275 pratereuutur]
644 2236 751 2266 Locus
769 2234 857 2264 haud
876 2235 933 2264 du-

236 2285 291 2316 bie
337 2290 528 2326 corruptus.
594 2285 826 2324 Pantagathus
872 2294 932 2324 pro

234 2336 386 2376 Philippo
422 2335 593 2376 rescripsit
632 2335 786 2366 Paullum.
846 2336 935 2366 Nam

231 2386 414 2425 superioris
452 2386 530 2416 anni
562 2393 675 2417 necin
707 2395 791 2415 eosS.
824 2384 931 2425 fuere,

232 2437 272 2467 L.
288 2436 438 2466 AEmilius
450 2437 602 2474 Paullus,
614 2437 651 2467 C.
669 2435 829 2466 Claudius
844 2436 933 2467 Mar-

232 2486 349 2517 cellum.
397 2487 451 2519 De
477 2486 597 2517 Paullo
630 2486 794 2516 rationem
824 2487 933 2526 capio,

235 2546 296 2567 eur
313 2537 404 2567 illum
416 2537 641 2576 praeterierint
656 2537 870 2576 Pompeiani:
885 2537 932 2566 ni-

230 2586 351 2617 mirum
375 2586 453 2627 quia
469 2591 647 2626 corruptus
662 2595 735 2616 erat
750 2596 769 2618 a
787 2586 932 2626 Caesare,

232 2640 269 2667 ut
287 2636 368 2666 satis
383 2646 424 2667 ex
442 2636 553 2667 Dione
569 2640 603 2667 et
629 2636 785 2676 Appiano
802 2642 838 2668 et
854 2637 933 2667 Plu-

232 2687 350 2717 tarcho
386 2692 526 2717 constat.
591 2686 659 2719 Sed
695 2696 798 2727 quare
841 2687 932 2717 Mar-

231 2737 366 2776 cellum,
396 2737 561 2768 hominem
597 2737 722 2768 Caesari
757 2737 932 2768 infestissi-

230 2796 320 2819 mum
348 2787 616 2830 praeterierunt?
658 2788 748 2821 Nam
771 2793 807 2821 et
830 2789 879 2821 M.
895 2793 931 2822 ct

710 239 852 268 NOTAE
887 239 1149 271 VARIORUM
1184 241 1235 271 IN

987 333 1025 364 C.
1058 334 1244 364 Marcellus
1283 333 1419 365 inimico
1456 335 1489 365 in
1520 335 1689 367 Caesarem

987 383 1096 414 animo
1123 388 1241 415 eraut:
1269 384 1357 415 unde
1379 385 1499 416 Cicero
1523 386 1626 426 epist.
1647 386 1689 416 ad

988 433 1144 465 Atticum
1183 443 1232 465 ix.
1252 437 1281 465 l.
1311 436 1320 452 ⁴
1339 435 1497 465 Marcelli
1529 435 1689 476 quidem,'

988 483 1108 524 inquit,
1125 485 1133 501 ‘
1146 485 1208 515 nisi
1223 485 1372 523 gladium
1398 485 1543 515 Caesaris
1563 485 1691 516 timuis-

988 539 1076 571 sent,
1110 535 1310 565 manerent)
1383 536 1496 568 Quare
1527 535 1691 576 displicet

988 584 1195 623 Pantagatlii
1224 586 1427 625 conjectura.
1512 585 1551 616 ln
1584 586 1686 616 Mstis

989 633 1109 670 tribus,
1134 638 1260 672 nostm,
1280 636 1422 674 Cujacii,
1439 640 1473 667 et
1499 636 1689 668 Petaviauo

988 683 1199 723 reperiebam
1213 693 1272 723 pro
1289 685 1468 724 Marcellus,
1483 686 1587 725 Cotta,
1599 694 1691 715 men-

988 733 1066 763 dose
1084 743 1092 770 ;
1118 743 1194 763 uam
1213 733 1328 772 Cotta,
1346 739 1384 765 ut
1406 735 1469 765 hoc
1493 735 1580 765 libro
1607 735 1691 766 dici-

987 786 1056 819 tur,
1071 782 1259 812 Sardiniam
1272 783 1431 814 obtinuit.
1476 784 1548 823 Ego
1565 793 1690 816 censeo

987 831 1128 871 Philippi
1155 841 1276 862 nomen
1294 832 1346 863 hic
1371 837 1502 863 rectum
1520 841 1604 872 esse,
1631 834 1692 866 sed

987 881 1073 911 illud
1099 882 1243 912 Marcelle
1272 887 1467 922 suspectum
1498 882 1623 914 habeo:
1656 888 1691 915 et

987 931 1062 970 lego
1088 932 1302 961 Illurcellinus.
1359 932 1446 963 Nam
1478 942 1565 963 anno
1598 932 1690 964 urbis

988 991 1135 1013 Dcxcvu
1162 983 1318 1013 consules
1346 982 1483 1013 fuerunt
1511 984 1546 1013 L.
1566 983 1691 1014 Corne·

986 1033 1049 1064 lius
1068 1033 1231 1063 Lentulus
1250 1033 1483 1071 Marcellinus,
1495 1037 1529 1062 et
1546 1032 1583 1063 L.
1599 1033 1691 1063 Mar-

988 1083 1054 1113 tius
1078 1082 1269 1123 Philippus.
1328 1083 1394 1113 Eos
1415 1087 1579 1122 sequente
1604 1092 1689 1114 anno

986 1133 1158 1173 profectos
1190 1134 1223 1162 in
1264 1134 1456 1163 consulares
1497 1133 1688 1172 provincias

985 1187 1204 1223 oportuerat:
1255 1182 1311 1212 sed
1351 1181 1439 1212 domi
1481 1188 1687 1221 manserunt,

985 1233 1063 1274 quia
1075 1233 1266 1273 provincias
1280 1242 1336 1262 eas
1348 1232 1512 1263 Gabinius
1530 1238 1564 1264 et
1575 1234 1690 1264 Caesar

985 1284 1194 1315 obtinebant.
1246 1284 1368 1322 Itaque
1397 1283 1476 1323 qnia
1503 1283 1612 1315 adhuc
1644 1284 1691 1314 illi

986 1334 1018 1363 in
1034 1332 1224 1372 provincias
1243 1331 1392 1372 profecti
1413 1342 1477 1362 nou
1489 1339 1600 1371 erant,
1617 1343 1692 1374 pos-

985 1383 1087 1413 cebat
1107 1383 1260 1422 aequimS,
1288 1391 1402 1412 eorum
1419 1392 1507 1413 minc
1524 1384 1689 1415 rationem

984 1432 1113 1463 haberi.
1159 1431 1222 1463 Sed
1242 1441 1306 1462 non
1326 1432 1455 1471 placuit
1472 1432 1505 1463 id
1532 1433 1689 1473 Pompei-

984 1483 1066 1521 anis,
1085 1491 1146 1512 nec
1164 1481 1309 1512 obscura
1327 1487 1377 1512 est
1394 1483 1496 1512 ratio:
1522 1492 1596 1514 nam
1614 1484 1694 1514 Phi·

985 1532 1096 1572 lippus
1110 1532 1244 1572 quidem
1267 1530 1428 1562 affinitate
1447 1532 1573 1563 Caesari
1592 1533 1692 1573 junc-

986 1589 1039 1614 tus
1053 1588 1145 1621 erat3
1159 1583 1377 1614 Marcellinus
1390 1583 1420 1613 ei
1435 1583 1598 1624 infensus,
1612 1594 1689 1616 nam

986 1632 1075 1664 bello
1091 1632 1183 1664 civili
1199 1632 1295 1662 stetit
1309 1641 1327 1661 a
1354 1632 1507 1671 partibus
1529 1633 1687 1664 Caesaris.

987 1682 1041 1712 Ob
1084 1682 1168 1712 hanc
1197 1690 1350 1712 caussam
1392 1682 1507 1712 Caesar
1549 1681 1691 1722 subjicit

985 1732 1190 1763 mentionem
1227 1731 1419 1762 Marcellini
1449 1737 1484 1762 et
1524 1732 1689 1773 Philippi,

985 1782 1062 1821 quia
1086 1791 1152 1812 non
1177 1781 1358 1819 Marcello,
1388 1786 1424 1812 et
1448 1781 1568 1812 Paullo
1591 1790 1689 1821 supe-

985 1832 1082 1863 rioris
1097 1833 1173 1863 anni
1191 1832 1398 1869 consulibus,
1412 1831 1470 1862 sed
1488 1831 1690 1863 Marcellino

985 1887 1019 1912 et
1036 1883 1208 1922 Philippo,
1225 1882 1280 1921 qui
1305 1881 1570 1921 quinquennium
1587 1885 1623 1912 et
1647 1890 1687 1912 eo

987 1933 1130 1972 amplius
1143 1937 1217 1972 post
1234 1932 1442 1962 consulatum
1460 1931 1584 1970 privati
1600 1932 1689 1962 vixe-

985 1987 1074 2017 rant,
1091 1987 1247 2022 tauquam
1262 1981 1457 2012 Senioribus
1474 1979 1586 2012 offerri
1612 1991 1688 2021 pro-

984 2032 1112 2062 vincias
1129 2042 1190 2072 par
1214 2037 1298 2063 erat.
1347 2032 1443 2062 Nune
1473 2031 1570 2062 video
1597 2031 1687 2062 idem

985 2091 1119 2122 quoque
1148 2082 1244 2121 Pigio
1273 2081 1458 2121 placuisse:
1485 2091 1590 2122 quare
1615 2091 1688 2112 sen-

985 2132 1127 2162 tentiam
1154 2132 1239 2161 hanc
1264 2131 1404 2162 retineo.
1435 2132 1566 2162 Vossius.
1611 2132 1689 2162 Plu-

983 2182 1064 2221 Iippo
1078 2184 1107 2211 et
1127 2183 1219 2212 Cotta
1235 2182 1298 2212 Ms.
1318 2182 1439 2212 Brant.
1456 2183 1552 2213 Cart.
1570 2182 1686 2222 anac.

983 2232 1104 2262 Petav.
1133 2231 1253 2271 scalig.
1283 2232 1365 2262 Lov.
1392 2231 1484 2263 Leid.
1513 2242 1564 2273 pr.
1592 2233 1687 2265 Voss.

984 2282 1071 2312 Edd.
1094 2282 1185 2313 Flor.
1205 2282 1376 2320 Beroaldi‚
1391 2284 1457 2313 dcc.

1027 2336 1066 2363 16
1093 2333 1220 2363 precato
1243 2333 1384 2374 consilio]
1417 2333 1593 2365 Privatum
1609 2343 1686 2365 con-

983 2384 1093 2414 silium
1119 2389 1218 2415 vocat
1235 2385 1351 2416 Caesar
1376 2384 1422 2424 id,
1450 2385 1539 2426 quod
1562 2394 1684 2425 pauco-

985 2445 1057 2465 rum
1075 2437 1251 2466 voluntate
1269 2441 1381 2467 actum
1395 2447 1402 2467 :
1418 2436 1610 2477 sequeipse
1628 2445 1684 2467 ex-

983 2486 1090 2525 plicat
1106 2486 1168 2517 sul)
1184 2486 1284 2518 finem
1302 2487 1398 2527 liujus
1416 2487 1507 2526 libri,
1524 2496 1599 2517 cum
1613 2487 1682 2519 ait:

982 2539 991 2552 ⁴
1010 2537 1043 2566 in
1060 2546 1094 2567 se
1106 2537 1186 2577 jura
1203 2538 1458 2577 magistratuum
1471 2537 1684 2577 commutari,

983 2596 1024 2617 ne
1042 2597 1082 2618 ex
1099 2594 1247 2627 praetura
1269 2592 1305 2618 et
1328 2587 1518 2625 consulatu,
1545 2591 1581 2617 ut
1598 2596 1682 2617 sem-

984 2646 1058 2676 per,
1073 2637 1131 2667 sed
1150 2647 1210 2677 per
1224 2645 1347 2676 paucos
1365 2635 1496 2675 probati
1515 2641 1548 2666 et
1567 2635 1682 2676 electi,

983 2687 1015 2717 in
1035 2687 1224 2727 provincias
1242 2685 1441 2716 mittantur.y
1468 2687 1552 2716 Voss.

1026 2740 1064 2769 17
1088 2738 1246 2769 Praetores
1259 2736 1440 2776 mittuntur]
1463 2736 1581 2777 Pigius
1597 2735 1682 2777 legit

977 2786 1134 2829 pra’torii,
1150 2786 1227 2829 quia
1243 2787 1370 2819 SCtum
1387 2785 1515 2819 factum
1543 2790 1626 2828 erat,
1642 2790 1680 2821 ut
