1818 3131
338 192 431 223 mn.
464 193 549 223 vu.
581 191 686 221 cAr.
707 180 775 221 23.
810 191 871 220 DE
906 193 1060 222 nanno
1091 193 1319 223 οΑωΛοο.

101 283 195 316 Leid.
218 295 287 316 sec.
312 290 392 317 tert.
418 291 453 317 et
478 284 562 316 Edd.
587 283 716 324 primis,
732 283 796 313 ne-

99 335 205 366 roaldi
222 341 256 367 et
273 336 345 366 aliis
364 334 624 372 vetustioribu33
648 333 747 363 immo
764 336 800 362 et

99 394 118 414 a
143 384 379 425 Metaphraste
411 385 553 415 Graeco:
588 382 677 413 unde
704 385 800 422 patet

99 444 173 465 eum
202 445 267 465 non
295 435 432 475 optimis
450 433 558 465 Codd.
576 441 670 463 nsum
687 431 800 462 fuisse.

101 485 233 525 Aper-tos
245 486 398 516 cuniculos
414 484 534 515 absunt
550 492 569 514 a
586 483 679 514 Carr.
693 482 786 514 Duk.

144 537 181 564 14
206 535 340 574 Apertos
355 532 521 572 cuniculos]
542 533 633 564 Nota
648 532 801 573 duplices

99 583 272 614 cuniculos·
289 587 398 614 tectos
415 587 450 613 et
464 587 610 623 apertos.
650 584 801 615 Quorum

100 632 132 664 hi
161 632 286 664 similes
308 633 478 664 intestinis
510 632 700 673 itineribus,
727 643 801 674 quae

98 682 196 714 hodie
219 683 387 723 approches
411 693 589 715 vocamus:
614 684 688 723 nisi,
712 683 802 725 quod

100 742 186 764 nunc
204 743 266 774 per
280 733 453 766 anfractus
471 734 549 773 itur,
563 734 651 775 qnod
668 744 708 765 an
723 734 803 765 olim

98 782 242 815 fecerint
278 784 457 815 incertum.
500 785 683 816 'rectorum
711 785 803 816 cuni-

100 833 252 865 culorum
284 835 437 865 meminit
476 834 606 866 Hirtius
638 843 716 866 v111.
750 838 802 866 41.

98 884 106 899 ‘
125 884 248 916 Tectos
275 885 446 916 cuniculos
485 890 590 926 agunt
621 885 664 916 ad
699 891 803 926 capnt

97 932 213 972 fontis,
242 935 331 975 quod
361 945 465 975 genus
495 936 607 976 operis
636 935 706 967 sine
735 937 802 967 ullo

100 984 263 1024 periculo,
281 991 315 1015 et
345 985 416 1015 sine
446 986 631 1026 suspicione
657 986 803 1017 hostium

98 1032 207 1065 faeere
223 1035 374 1066 licebat.'
399 1035 464 1067 Sed
481 1037 588 1077 quaeri
607 1037 722 1077 possit,
738 1047 802 1078 quo

99 1083 165 1116 fine
197 1086 306 1126 aperti
335 1086 483 1117 cuniculi
508 1087 576 1118 acti
608 1087 686 1118 sint.
730 1088 803 1127 Ego

99 1134 175 1174 nisi,
190 1140 228 1166 ut
254 1135 352 1166 hodie
382 1135 432 1176 fit,
458 1136 582 1167 sinuati
603 1146 665 1176 per
681 1141 803 1176 artem,

102 1189 137 1217 et
154 1184 290 1226 objecto
315 1195 437 1227 aggere
457 1185 589 1217 defensi
605 1186 743 1226 fuerint,
759 1185 804 1218 fa-

102 1239 176 1266 teor
201 1244 255 1266 me
281 1236 410 1267 nullum
438 1246 534 1268 usum
562 1237 690 1268 videre.
728 1237 804 1269 Hoc

102 1284 210 1324 ipsum
227 1290 341 1316 autem
357 1294 399 1317 ex
415 1286 586 1318 veteribus
610 1297 700 1329 aegre
717 1297 806 1319 com-

101 1333 240 1374 probari
258 1335 376 1375 possit.
412 1335 535 1377 Itaque
552 1337 747 1376 videndum,
763 1347 805 1368 an

102 1393 168 1415 non
182 1385 264 1415 velit
279 1385 395 1416 Caesar
409 1386 583 1416 cuniculos
601 1396 692 1418 more
707 1388 806 1418 solito

102 1444 119 1464 a
152 1434 310 1466 Romanis
339 1440 445 1473 actos,
467 1435 525 1466 sed
556 1436 597 1466 ab
628 1435 805 1476 oppidanis

101 1493 257 1515 saxorum
267 1486 365 1525 jactu
381 1485 530 1525 humum,
542 1485 603 1516 sub
619 1496 718 1527 qnam
731 1496 806 1525 age-

102 1533 237 1572 bantur,
256 1533 464 1574 perfractam
482 1545 566 1575 esse,
583 1536 631 1566 ita
656 1541 705 1576 ut,
729 1546 806 1568 cum

104 1583 270 1623 viderent,
301 1595 369 1626 quo
395 1586 471 1616 loco
498 1586 611 1617 hostes
641 1587 806 1617 moenibus

101 1635 431 1676 appropinquarent,
472 1636 532 1666 tali
577 1642 653 1667 arte.
691 1646 806 1668 eorum

102 1694 208 1724 opera
222 1691 446 1717 morarentur.
493 1687 596 1718 Certe
615 1687 806 1722 deliberan-

103 1734 182 1765 dum
199 1735 343 1775 amplius
362 1745 493 1767 censeo.
524 1736 659 1768 Vossius.
696 1737 805 1768 Labo-

104 1788 180 1814 rant
197 1783 268 1815 Viri
292 1785 398 1822 docti,
423 1786 556 1826 quinam
583 1786 651 1817 sint
674 1787 805 1818 cuniculi

102 1836 212 1876 aperti,
227 1836 399 1877 (nimirum
415 1838 567 1868 cuniculis
590 1839 680 1869 tectis
702 1847 806 1878 oppo-

101 1885 185 1925 siti,)
199 1891 234 1918 et
251 1887 305 1918 cui
323 1887 406 1918 usui.
452 1887 517 1918 Sed
545 1888 659 1919 Caesar
680 1888 806 1929 simpli—

102 1935 188 1968 citer
204 1936 366 1977 intelligit
378 1937 562 1978 cuniculos,
577 1942 738 1979 postquam.
753 1940 806 1970 vel

102 1996 162 2026 qua
174 1989 262 2026 purte.
278 1993 393 2018 essent
408 1988 545 2020 tandem
558 1990 670 2029 aperti.
697 1990 804 2020 Clark.

144 2046 254 2069 xxm.
280 2041 294 2069 l
322 2039 427 2069 Muris
452 2043 555 2070 autem
573 2040 715 2071 omnibus
732 2041 807 2071 Gal-

104 2087 172 2119 licis
187 2089 251 2119 hoec
259 2088 331 2126 sere
345 2090 452 2126 forma
468 2090 530 2130 est]
555 2091 636 2122 Mss.
651 2092 806 2132 plerique

105 2143 141 2169 et
165 2139 273 2170 Editt.
291 2140 385 2170 vett.
409 2140 523 2170 ‘Muti
550 2147 664 2172 autem
691 2152 807 2172 omnes

106 2187 232 2219 Gallici
249 2189 311 2219 hac
329 2188 401 2219 fere
428 2189 538 2220 forma
560 2191 659 2222 sunt.’
707 2192 808 2224 Quod

108 2238 248 2279 perinde
265 2244 331 2270 est.
358 2241 465 2270 Clark.
508 2241 694 2281 Vulgatum
711 2252 729 2273 e
746 2252 807 2273 suo

106 2288 161 2319 vel
178 2289 292 2319 Ursini
309 2289 434 2320 Codice.
453 2290 580 2329 primus
609 2292 706 2323 dedit
729 2293 809 2324 Sca-

105 2339 213 2379 liger:
253 2344 289 2370 ct
320 2340 538 2371 consentiunt
561 2340 686 2372 Audin.
714 2342 807 2373 Leid.

108 2389 207 2430 prim.
224 2390 336 2421 Oxou.
356 2390 490 2431 Reliqui
507 2401 620 2421 omnes
637 2401 713 2422 cum
730 2397 809 2423 aute

107 2439 209 2470 editis
237 2440 336 2470 aliam
363 2440 524 2471 exhibent
550 2440 692 2472 formam
710 2442 810 2474 orati-

111 2489 196 2520 onis.

149 2542 169 2570 2
196 2539 309 2571 Trabes
323 2541 449 2571 directoe
471 2545 628 2582 perpetua>
650 2542 683 2572 in
714 2543 811 2581 longi-

109 2591 261 2631 tudinem]
295 2592 372 2623 Hoc
401 2592 494 2631 dicit,
521 2593 632 2623 trabes
660 2593 810 2624 directas

108 2639 144 2670 iu
171 2641 240 2671 solo
269 2641 398 2681 positas
429 2641 461 2671 in
498 2642 649 2682 longum,
680 2652 745 2672 nou
777 2642 810 2673 iu

110 2689 234 2728 altuin3
261 2691 294 2722 id
312 2696 376 2730 est,
393 2692 760 2733 planasjacentesqne,
776 2698 810 2723 et

113 2738 247 2779 quidem
269 2744 432 2782 pevpctuas
462 2742 665 2782 solidasque,
699 2751 766 2773 non
793 2753 811 2773 e

114 2788 269 2829 partibus
296 2789 416 2832 factas,
444 2796 495 2823 tot
525 2792 662 2833 pedum.
709 2792 811 2826 Quod

1438 183 1551 226 1207

850 287 961 315 autem
979 286 1028 316 sic
1047 286 1206 326 accipere
1233 289 1404 327 oporteat,
1421 295 1486 316 non
1509 287 1552 319 de

851 334 969 365 ordine
995 337 1139 367 trabium
1169 341 1263 367 recto
1291 340 1326 367 et
1349 337 1431 376 alto,
1447 337 1553 368 verba

851 386 1032 425 sequentia
1067 396 1145 417 mox
1176 387 1351 426 evincunt,
1379 387 1437 428 qui
1467 396 1553 427 opus

853 439 1048 472 aggoi-atum
1067 435 1182 473 fuisse,
1206 442 1241 466 et
1268 436 1428 475 crevisse,
1451 435 1553 476 ‘dnm

844 483 939 523 justa
955 484 1039 514 muri
1057 485 1202 516 altitudo
1222 485 1441 526 expleretur!
1488 486 1552 518 At-

853 533 909 574 qui
940 533 967 563 si
995 534 1108 564 trabes
1138 540 1240 565 rectae
1274 537 1408 576 positae,
1430 537 1501 577 jam
1528 545 1550 568 a

852 582 1018 623 principio
1034 583 1282 624 altitudojusta
1292 584 1423 617 fuisset.
1472 586 1550 627 Lip-

853 632 920 662 sius
933 633 1284 666 Poliorc.l.n1.Dia1.
1302 640 1332 667 5.
1353 637 1467 668 Dacis.
1500 637 1555 668 Ita

854 682 998 721 scilicet,
1037 687 1075 714 ut
1099 692 1215 714 earum
1247 685 1438 725 Longitudo
1462 691 1554 718 esset

853 733 945 764 Muri
970 733 1182 765 Crassitudo.
1228 734 1276 765 Ut
1293 740 1436 775 apparet
1452 746 1493 767 ex
1510 746 1552 768 eo

854 783 943 824 quod
959 793 1035 814 mox
1052 784 1223 824 sequitur:
1249 784 1258 801 ‘
1271 785 1358 817 Quae
1376 786 1554 825 perpetuis

854 833 1006 864 trabibus
1035 834 1141 874 pedes
1160 834 1394 875 quadragenos
1411 834 1558 874 plerum·

855 893 919 924 que
955 884 1104 914 introrsus
1142 884 1308 923 revincta,
1341 893 1451 925 neque
1481 893 1557 924 per-

855 935 963 974 rumpi
981 944 1090 976 neque
1107 935 1246 966 distrahi
1262 934 1401 975 potest-¹
1447 935 1557 967 Clark.

857 985 968 1015 Trabes
1006 988 1163 1025 perpetuae
1218 985 1342 1017 Graece
1392 990 1557 1017 vocantur

854 1035 999 1071 διηνεκεῖς
1022 1035 1076 1065 vel
1110 1036 1296 1074 προσεχεῖς;
1336 1035 1385 1066 uti
1417 1035 1557 1076 egregio

853 1084 995 1124 Josephi
1013 1085 1168 1124 exemplo
1186 1085 1229 1115 de
1245 1085 1287 1114 B.
1306 1084 1388 1116 Jud.
1412 1093 1477 1116 vu.
1502 1087 1556 1115 33.

855 1133 1004 1164 illustrat
1031 1134 1082 1164 Cl.
1106 1133 1229 1164 Bosius
1257 1133 1439 1165 Animadv.
1464 1134 1507 1165 ad
1521 1134 1557 1168 J.

857 1185 979 1215 Caesar.
999 1194 1032 1224 p.
1049 1187 1102 1216 21.

897 1237 917 1265 4
942 1234 1005 1265 Ha>
1031 1235 1244 1266 revinciuntur
1270 1235 1437 1276 introrsus]
1460 1235 1560 1268 Codi-

855 1293 912 1315 ces
936 1285 1086 1316 nonnulli
1109 1296 1170 1316 oere
1192 1286 1371 1317 vinciuntur
1387 1290 1559 1318 extrorsus.

855 1334 923 1365 Sed
949 1344 1031 1366 vera
1058 1340 1110 1367 est
1137 1336 1274 1377 vulgata
1301 1337 1414 1369 lectio.
1447 1337 1558 1369 Clark.

857 1385 933 1415 AEre
960 1386 1014 1415 vel
1041 1386 1105 1416 Ere
1132 1387 1212 1418 vinc.
1244 1392 1296 1419 est
1331 1389 1366 1419 in
1403 1398 1558 1420 meorum

859 1435 960 1466 Mstis
977 1440 1121 1476 septem,
1145 1442 1180 1468 et
1204 1438 1337 1469 Carrar.
1354 1450 1363 1476 ;
1389 1439 1448 1470 sed
1464 1439 1557 1470 clare

858 1490 966 1524 patet,
990 1495 1064 1517 eam
1089 1486 1269 1518 lectionem
1295 1492 1410 1519 natam
1442 1497 1514 1519 esse
1538 1497 1559 1520 e

856 1535 1026 1575 scriptura
1042 1536 1151 1568 oesine
1168 1536 1410 1577 adspiratione.
1459 1538 1560 1578 Opti·

857 1585 901 1615 mi
915 1586 1036 1625 quivis,
1049 1591 1086 1618 ut
1099 1587 1208 1628 Bong.
1222 1597 1271 1627 pr.
1284 1587 1377 1618 Leid.
1392 1597 1442 1628 pr.
1457 1589 1557 1619 Voss.

857 1645 908 1676 pr.
923 1636 1035 1667 Oxon.
1049 1637 1172 1678 Scalig.
1187 1642 1222 1668 et
1234 1638 1290 1668 alii
1305 1638 1354 1668 hoe
1366 1639 1422 1669 vel
1435 1648 1478 1669 θα»
1490 1648 1554 1669 rev.

857 1685 1028 1717 exhibent.
1059 1687 1121 1717 Ed.
1148 1691 1262 1718 autem
1289 1688 1451 1728 Scaligeri
1471 1688 1559 1719 hoec:

856 1741 893 1767 ut
910 1746 1012 1777 supra
1024 1737 1203 1778 aliquoties
1230 1737 1398 1769 variatum
1419 1743 1485 1778 est,
1500 1747 1560 1769 an-

857 1787 951 1827 tique
967 1797 1027 1827 pro
1043 1788 1105 1817 lue:
1131 1797 1166 1818 ca
1182 1786 1245 1818 Ed.
1269 1787 1385 1818 Plant.
1403 1787 1481 1818 dein
1503 1796 1560 1818 ex·

856 1841 973 1867 irorsns
990 1838 1023 1868 in
1042 1839 1125 1868 Mss.
1143 1837 1215 1868 fere
1233 1838 1387 1868 omnibus
1405 1843 1441 1869 et
1469 1837 1558 1869 Edd.

856 1889 952 1919 Vett.
976 1888 1113 1928 legitur.
1166 1888 1291 1918 Verum
1319 1888 1453 1928 optimi,
1485 1888 1562 1920 Lei-

857 1938 951 1969 deus.
1003 1939 1101 1978 prim.
1149 1938 1273 1979 Scalig.
1323 1939 1438 1978 Cujae.
1482 1948 1558 1969 cum

857 1989 1026 2029 Egmund.
1058 1989 1152 2020 Carr.
1180 1989 1341 2020 Ciaccon.
1369 1993 1404 2020 et
1430 1990 1561 2021 Lovan.

856 2038 1007 2069 introrsus
1029 2042 1178 2077 servant,
1205 2039 1255 2069 uti
1281 2038 1353 2079 jam
1377 2039 1562 2072 ediderunt

857 2089 997 2119 Vas-cos.
1021 2088 1091 2119 Str.
1121 2088 1240 2129 Steph.
1272 2093 1309 2119 et
1337 2089 1400 2120 Ed.
1428 2090 1560 2130 Gryph.

858 2144 948 2178 post.
973 2148 1012 2169 ac
1028 2137 1190 2178 deinceps
1215 2148 1290 2169 curn
1318 2139 1432 2179 Lipsio
1458 2139 1562 2180 Poly-

858 2198 926 2220 ore.
954 2197 1009 2219 ui.
1040 2192 1071 2219 5.
1097 2189 1153 2220 ubi
1179 2189 1243 2220 boe
1267 2194 1376 2220 totum
1401 2190 1563 2222 inlustrat

858 2244 981 2280 caput:
1027 2239 1098 2269 εἵσω
1135 2239 1401 2279 Metaphrastes.
1459 2239 1562 2271 Adde

859 2292 998 2322 Hotom.
1023 2296 1060 2322 et
1083 2291 1171 2322 infra
1201 2293 1209 2307 ‘
1226 2292 1382 2332 materia,
1413 2302 1488 2334 quae
1516 2292 1563 2324 iu-

859 2345 987 2372 trorsus
1001 2341 1173 2373 revincta.'

901 2394 922 2422 6
943 2391 1035 2422 Alius
1048 2393 1172 2432 iusuper
1183 2394 1256 2424 ordo
1272 2393 1435 2434 adjicitur]
1458 2394 1562 2426 Saxo-

860 2451 944 2472 rum.
992 2443 1081 2473 Duae
1113 2443 1242 2482 trabes,
1272 2443 1439 2475 distantes
1471 2444 1562 2475 inter

860 2501 897 2522 se
921 2492 1016 2522 binos
1043 2493 1160 2533 pedes,
1187 2494 1284 2524 initio
1302 2501 1491 2534 ponuntur;
1515 2495 1563 2524 in-

861 2543 1038 2573 tervallum
1061 2544 1232 2583 complent
1260 2554 1361 2575 saxa:
1388 2549 1465 2584 post
1482 2545 1563 2574 ista-

862 2601 933 2623 rum
965 2594 1110 2624 trabium
1148 2595 1330 2625 secundam
1363 2596 1446 2625 alius
1478 2593 1562 2624 ordo

861 2652 1017 2674 saxorum
1040 2645 1214 2685 adjicitur,
1237 2655 1274 2676 ne
1300 2645 1482 2683 contingant
1498 2648 1564 2675 tra-

862 2692 922 2731 bes,
946 2703 1004 2724 seu
1022 2699 1058 2724 ut
1075 2695 1270 2725 alternatim
1297 2695 1410 2724 trabes
1438 2694 1505 2725 sint
1527 2697 1565 2725 et

861 2753 952 2774 saxa.
996 2744 1088 2775 Nihil
1111 2744 1166 2775 hic
1194 2744 1279 2774 vidit
1304 2744 1395 2775 Just.
1417 2744 1563 2785 Lipsius,

862 2793 919 2835 qui
943 2794 1016 2826 haee
1042 2794 1145 2826 verba
1174 2794 1215 2825 de
1240 2793 1392 2825 trabibus
1416 2794 1562 2836 accepit.
