1872 3115
294 201 465 231 1.113.11.
499 201 604 229 mr.
627 188 695 230 19.
733 198 794 228 Du
830 199 985 228 ummo
1018 199 1251 229 GALLICO.

47 298 136 324 «erte
154 292 333 324 Vossianus
349 294 475 334 primus
490 302 509 323 a
523 301 620 323 manu
641 291 745 331 prima

46 343 163 374 habuit
179 345 257 383 quod
275 344 314 373 ad
335 343 431 374 hostis
457 342 687 382 suprascripto
711 351 747 372 e:

45 393 145 424 hostes
161 393 263 423 etiam
289 393 351 424 Ed.
382 391 530 430 Incerta,
562 391 621 422 sed
651 391 748 422 hastis

45 448 97 473 est
114 442 346 478 retinendum3
371 441 427 482 qui
444 441 656 471 accusativus
673 450 748 471 cor-

46 492 225 533 rumpendi
243 492 352 522 locum
370 500 525 522 caussam
543 491 702 531 praebuit.

88 544 127 572 12
167 541 313 571 Pon-ecta
342 550 377 570 ac
409 543 516 580 aperta
548 541 628 581 loca]
670 541 747 572 Hoc

47 590 146 622 modo
165 590 268 620 verba
286 590 490 620 collocamus
511 589 612 620 fidem
637 590 747 621 secuti

43 641 144 672 editt.
159 641 255 671 Rom.
269 645 304 670 ct
319 640 403 671 Ven.
419 650 520 680 quum
539 640 747 672 recentiores

44 700 120 722 cum
137 690 219 720 Mss.
244 689 397 730 plurimis
427 690 574 721 habeant
601 692 747 730 porres-la

43 739 157 770 acloca
183 742 301 778 aperta,
328 740 385 779 qui
414 739 549 779 quidem
581 739 662 770 ordo
693 745 747 770 est

46 789 254 820 durissimus.
300 789 469 820 Videntur
499 789 645 820 Librarii
671 789 747 819 ulti·

45 848 133 868 mam
151 848 281 874 vocem,
296 848 393 879 quam
408 838 536 870 incuria
548 840 745 877 omiserant,

46 889 154 919 alieno
165 889 240 919 loco
252 888 393 919 donasse
411 889 442 918 in
457 897 569 919 eorum
589 889 746 929 gratiam,

47 938 104 979 qui
121 939 130 954 ⁴
145 939 302 978 pulchros
320 938 442 970 habere
455 939 583 970 malunt
602 938 746 970 Codices

45 997 144 1028 quani
175 988 398 1027 cinendatos,'
422 994 458 1019 ut
486 989 635 1030 loquitur
665 989 747 1020 Hie-

46 1046 205 1077 ronymus
229 1037 333 1068 Praef.
362 1038 404 1068 ad
434 1038 559 1070 Jobum
584 1049 602 1070 e
631 1038 746 1070 Graec.

45 1096 131 1117 vers·
148 1092 183 1118 et
200 1087 335 1118 emend.
381 1088 434 1118 Ex
459 1088 522 1118 hac
540 1087 746 1118 observatio-

44 1146 87 1167 ne
105 1136 326 1177 corrigendus
343 1141 395 1168 est
420 1137 520 1168 Corn.
543 1138 689 1168 Severus
712 1137 746 1167 in

43 1187 156 1225 AEtna,
168 1196 216 1218 vs.
230 1189 305 1218 27¹4.
335 1187 392 1218 ubi
409 1187 458 1218 sic
475 1188 616 1228 legitur:
634 1190 643 1204 ⁴
660 1187 745 1219 Haec

44 1245 155 1267 rerum
178 1237 322 1268 maxima
339 1247 470 1269 merces
484 1238 579 1269 Scire
596 1237 678 1279 quid
691 1247 746 1269 oc-

43 1286 135 1317 culto
158 1291 290 1317 natura:
309 1290 401 1317 terra
417 1287 574 1318 coercet!
613 1287 746 1328 Legen-

43 1334 122 1367 dum
137 1338 231 1366 terroe
246 1338 371 1375 natura,
385 1336 449 1368 hoc
467 1342 534 1376 est,
550 1337 623 1377 ipsa
640 1342 745 1377 terra,

43 1389 82 1416 ut
107 1385 197 1426 apud
226 1387 433 1423 Lucretium,
459 1387 468 1403 ‘
486 1387 591 1417 omnis
622 1392 746 1418 natura

43 1435 279 1466 animantium’
310 1437 433 1475 passim
471 1437 615 1468 denotat
645 1447 747 1468 omnes

43 1485 225 1515 animantes.
270 1485 370 1524 vide,
403 1486 429 1516 si
459 1496 544 1526 opus
572 1490 636 1524 est,
662 1487 746 1517 Tan.

44 1534 192 1566 Fabi-um
211 1534 255 1565 ad
271 1544 294 1565 1.
313 1537 384 1566 132.
430 1535 481 1565 Ex
497 1534 595 1565 simili
618 1535 747 1565 incuria

43 1589 158 1616 natum
176 1590 228 1616 est
245 1584 402 1616 mendum
417 1584 508 1625 apud
530 1584 746 1615 Lactantium

44 1635 86 1666 de
102 1636 152 1666 ira
174 1636 242 1667 Dei
258 1645 289 1666 c.
306 1638 338 1666 4.
361 1636 370 1652 ⁴
390 1635 474 1667 Cum
500 1640 640 1676 putaret
666 1635 746 1675 Epi-

45 1695 145 1717 curus
170 1686 314 1716 alienum
331 1695 405 1717 esse
430 1695 449 1716 a
465 1686 542 1717 Deo
557 1686 679 1717 malum
700 1684 747 1716 fa-

45 1745 125 1767 cere
149 1741 252 1777 atque
272 1735 568 1767 nocere-ademit
588 1736 617 1766 ei
644 1737 746 1767 etiam

46 1786 321 1824 beneficentiam,
343 1786 500 1826 quoniam
517 1786 654 1816 videbat
668 1795 746 1817 con-

46 1846 189 1878 sequens
199 1845 283 1875 esse,
299 1841 349 1875 ut,
363 1837 389 1867 si
402 1836 528 1867 habeat
539 1836 623 1866 iram
638 1836 746 1874 Deus,

47 1887 170 1919 habeat
186 1892 222 1918 et
246 1886 411 1927 gratiam!
455 1884 677 1918 Manifestum
693 1891 747 1918 est

49 1936 118 1977 legi
134 1941 292 1977 oportere
316 1939 325 1953 ‘
344 1936 393 1966 Ut
417 1936 444 1967 si
464 1936 588 1967 habeat
604 1936 746 1976 gratiam

46 1987 156 2026 Deus,
180 1986 304 2017 habeat
330 1990 367 2017 et
391 1985 497 2024 iram,’
522 1985 612 2026 quod
636 1990 672 2016 et
696 1995 746 2016 se-

47 2038 185 2078 quentia
201 2037 338 2068 docent.
361 2037 474 2068 Daris.
518 2037 601 2067 Loca
627 2039 744 2076 aperta.

46 2087 101 2118 Sic
118 2087 199 2118 Mss.
220 2087 377 2118 Davisius
393 2087 545 2118 ordinem
565 2087 653 2117 hunc
673 2097 746 2117 ver-

54 2135 172 2168 borum
198 2136 410 2167 durissimum
437 2136 628 2175 existiman
653 2136 745 2168 ideo-

48 2196 113 2227 que
127 2187 244 2218 scribit
255 2190 399 2226 porrecta
410 2196 445 2217 ac
457 2189 564 2226 aperta
580 2187 655 2217 loca.
700 2187 746 2216 Et

48 2237 75 2267 si
92 2246 157 2267 vox
177 2239 318 2276 porrecta
342 2235 508 2267 referatur
532 2235 573 2266 ad
600 2237 675 2274 loca,
689 2235 747 2266 du-

49 2284 199 2316 rissimus
211 2285 345 2326 quidam
359 2290 450 2316 esset
463 2285 640 2316 verborum
653 2286 745 2316 ordo.

49 2333 176 2365 Verum
201 2344 277 2365 cnm
298 2337 443 2374 porrecta
459 2344 549 2375 sa’pe
566 2340 747 2375 usurpetur

48 2383 215 2422 absolute,
234 2385 305 2426 jam
320 2388 463 2424 porrecta
482 2395 518 2415 ac
539 2386 604 2416 loca
625 2389 746 2425 aperta,

48 2435 115 2467 tale
129 2440 195 2475 est,
208 2436 305 2477 quale
320 2436 347 2466 si
364 2436 505 2466 dixisset
519 2435 664 2475 Auctor,
677 2448 748 2477 por·

47 2489 132 2516 recta
156 2496 362 2527 camporum,
389 2497 425 2516 ac
452 2488 517 2516 loca
544 2490 667 2526 aperta:
690 2487 747 2527 qui

49 2536 130 2568 ordo
147 2537 326 2568 verborum
339 2547 552 2578 nequaquam
565 2537 667 2568 durus
684 2543 748 2569 est.

52 2586 157 2618 Clark.
210 2587 401 2618 Verborum
435 2593 548 2618 tamen
586 2587 750 2626 ordinem,

51 2644 151 2676 quem
166 2637 316 2676 praetulit
334 2638 504 2676 Davisius,
519 2637 656 2668 firmant
679 2639 750 2668 Du-

50 2684 126 2716 ker.
149 2686 216 2718 Ms.
242 2693 279 2718 et
301 2687 388 2718 Edd.
413 2688 508 2718 Med.
537 2697 575 2719 ac
589 2688 746 2719 Veneta:

52 2744 157 2777 quare
171 2745 246 2769 eum
261 2747 329 2769 nou
345 2742 443 2770 tanto
460 2748 564 2780 opere
587 2738 748 2769 damnare

1422 188 1507 228 935)

799 300 959 330 possum:
984 292 1158 324 debuisset
1191 294 1292 324 etiam
1315 293 1369 324 Cl.
1386 292 1503 324 Clark.

797 342 989 381 exemplum
1019 344 1212 382 protulisse,
1233 344 1288 374 ubi
1305 343 1370 374 duo
1386 342 1501 382 adjec-

801 391 873 420 tiva
899 391 931 421 in
949 392 1067 422 eodeni
1097 402 1218 426 genere
1236 393 1501 433 conjungantur,

799 449 941 479 quorum
958 441 1102 471 alterum
1120 441 1160 471 ad
1176 441 1427 472 substantivum
1443 440 1501 470 ad-

800 489 947 528 positum
974 499 1039 519 nou
1069 491 1252 529 pertineat.
1299 490 1390 522 Quid
1411 489 1500 531 quod

799 538 831 568 in
851 539 923 569 istis
941 539 1092 569 omnibus
1106 541 1213 579 plana,
1229 545 1382 580 por-recta,
1399 541 1502 570 ‹leser-

799 592 843 626 ta,
871 589 956 619 ιἠτίιι
984 593 1018 619 et
1047 589 1168 619 similia
1192 590 1402 629 intelligatur
1427 589 1502 619 sub-

799 639 985 669 stantivum
1002 640 1077 670 loca.
1123 639 1249 669 Verum
1268 640 1299 669 in
1318 640 1503 670 Davisiana

799 688 946 719 lectione
963 688 1079 719 durius
1097 694 1149 720 est
1173 700 1209 719 ac
1233 692 1352 728 aperta.
1399 690 1502 719 Forte

796 737 874 769 hinc
891 748 966 769 cum
982 739 1201 770 Hotomanno
1228 744 1262 770 et
1280 739 1430 770 Grutero
1447 739 1504 769 ali·

798 789 872 829 quis
905 789 1074 826 crederet,
1099 792 1207 829 aperta
1238 799 1256 820 e
1285 789 1408 819 Glossa
1432 797 1505 819 esse

797 843 925 878 natum,
951 839 1143 878 praesertim
1169 849 1245 870 cum
1274 847 1341 869 non
1368 847 1505 878 compa-

800 894 874 918 reat
892 889 926 919 in
943 889 1142 925 petaviano,
1167 889 1222 930 qui
1240 888 1344 919 habet
1361 890 1505 927 porrecta

795 939 834 968 ad
847 939 924 968 loca.
968 937 1010 968 In
1027 938 1100 969 aliis
1115 939 1269 969 etiamad
1283 937 1423 977 reperiri
1436 946 1506 968 mo-

797 994 857 1020 net
875 988 1013 1019 Hotom.
1059 989 1126 1019 Sed
1151 989 1200 1019 ita
1214 997 1261 1018 tv.
1278 990 1330 1018 23.
1352 990 1361 1004 ‘
1381 992 1502 1027 aperto

797 1046 835 1067 ac
851 1037 951 1077 plano
968 1037 1095 1067 litore:'
1119 1038 1152 1067 in
1168 1037 1337 1067 nonnullis
1359 1036 1457 1067 abest
1472 1047 1505 1066 α-

793 1091 894 1128 pcrto.
920 1088 1026 1118 Plura
1038 1087 1116 1118 vide
1133 1087 1191 1118 ibi.
1206 1096 1271 1117 vu.
1288 1089 1339 1117 18.
1352 1087 1361 1102 ‘
1374 1087 1407 1116 in
1424 1086 1501 1117 loco

797 1137 890 1168 edito
918 1143 1021 1178 atque
1050 1137 1189 1178 aperto!
1216 1138 1254 1168 B.
1273 1138 1309 1168 C.
1326 1146 1351 1168 1.
1366 1139 1419 1167 71.
1442 1138 1450 1153 ‘
1467 1137 1501 1168 in

796 1187 871 1218 loco
886 1197 982 1228 aequo
996 1192 1032 1218 et
1048 1187 1191 1228 aperto!
1237 1187 1271 1218 Si
1285 1188 1317 1218 in
1332 1187 1501 1228 aliquibus

797 1238 880 1268 Mss.
899 1237 1030 1268 idoneis
1045 1237 1179 1269 abesset
1195 1239 1273 1278 loca,
1289 1237 1388 1269 facile
1405 1243 1501 1279 pate-

800 1297 866 1318 rer.
913 1287 979 1318 Sed
997 1292 1068 1319 tum
1084 1298 1146 1328 pro
1169 1299 1205 1320 ac
1221 1290 1286 1320 loca
1310 1289 1385 1330 lege
1400 1292 1503 1328 atque.

796 1337 885 1368 Vide
900 1337 940 1368 ad
957 1347 992 1369 v.
1009 1341 1040 1369 7.
1065 1348 1114 1369 v1.
1133 1342 1184 1370 38.
1203 1344 1239 1370 et
1257 1339 1392 1379 saepius.

840 1390 879 1417 17
909 1387 951 1418 [ἐ
968 1388 1053 1419 intra
1068 1388 1192 1429 silvam]
1241 1389 1318 1420 Hoc
1335 1392 1399 1427 est,
1419 1391 1505 1428 post-

797 1448 910 1478 quam:
934 1439 983 1468 sic
1008 1438 1124 1469 Livius
1151 1447 1192 1468 11.
1213 1441 1266 1469 47.
1289 1440 1297 1455 ‘
1316 1439 1364 1469 Ut
1381 1438 1506 1470 cessit!

797 1487 885 1518 Vide
902 1492 936 1518 et
952 1498 981 1519 c.
999 1491 1030 1518 3.
1077 1488 1118 1518 Iu
1134 1488 1234 1519 editis
1250 1487 1433 1528 legebatur
1454 1488 1505 1518 ita.

797 1539 832 1566 ut
856 1537 941 1567 intra
966 1537 1087 1576 silvam,
1111 1538 1162 1576 &a
1189 1537 1247 1567 sed
1264 1538 1417 1568 voculam
1433 1537 1502 1577 pri-

797 1595 895 1622 mam,
927 1596 1003 1627 quae
1031 1596 1163 1617 sensum
1192 1586 1363 1626 turbabat,
1387 1586 1503 1617 delen-

797 1635 874 1666 dam
891 1636 1093 1674 ceusuimu=‚
1109 1635 1177 1667 fide
1193 1636 1262 1666 nixi
1277 1636 1343 1667 Ms.
1362 1637 1504 1668 Norvic.

797 1689 831 1715 et
844 1685 956 1716 Graeci
972 1685 1193 1725 Interpretis,
1207 1686 1296 1726 quod
1309 1686 1414 1717 etiam
1426 1686 1507 1718 Pet.

796 1734 981 1765 Ciacconio
996 1744 1039 1766 ex
1051 1735 1252 1775 conjectura
1268 1736 1410 1776 placuit.
1436 1737 1507 1767 Da-

795 1785 852 1815 cis.
897 1785 955 1826 Ita
971 1784 1079 1816 edidit
1095 1786 1272 1824 Davisius,
1300 1786 1506 1826 interpreta-

796 1840 917 1876 turque
940 1838 1114 1875 postquam.
1160 1835 1256 1866 Editi
1283 1835 1437 1876 plerique
1464 1841 1501 1867 et

797 1885 881 1916 Mas.
911 1886 956 1916 ita
984 1889 1032 1925 ut,
1063 1887 1128 1917 hoc
1157 1891 1223 1924 est,
1254 1897 1287 1917 eo
1318 1887 1405 1917 modo
1432 1895 1501 1926 quo.

795 1935 880 1967 Quae
896 1936 1000 1967 lectio
1016 1935 1098 1967 ferri
1115 1946 1247 1977 quoque
1265 1941 1387 1977 potest.
1411 1936 1497 1968 Mn.

796 1986 921 2017 Eliens.
939 1991 975 2017 et
988 1987 1101 2018 Vossii
1121 1987 1164 2017 Ut
1180 1987 1266 2017 iutra
1280 1988 1389 2018 silvam
1403 1987 1504 2019 aciem

795 2037 974 2078 ordinesque
990 2038 1036 2068 ita
1051 2037 1176 2068 constit.
1199 2038 1251 2076 85⁶.
1299 2037 1406 2068 Clark.
1453 2037 1503 2069 Ut

796 2088 861 2119 Ms.
890 2087 1016 2119 Eliens.
1043 2087 1091 2118 sic
1117 2087 1220 2118 etiam
1246 2087 1372 2118 habeut
1395 2088 1505 2128 Bong.

797 2147 848 2177 pr.
865 2147 934 2168 sec.
954 2139 1076 2169 Petav.
1093 2138 1221 2168 Lovan.
1239 2138 1337 2178 Egm.
1353 2138 1450 2170 Gott.
1464 2143 1500 2170 et

798 2189 892 2220 Leid.
917 2194 996 2220 tert.
1023 2199 1098 2220 cum
1122 2189 1187 2220 Ed.
1221 2189 1294 2220 Inc.
1320 2188 1379 2220 sed
1405 2189 1504 2222 Leid.

797 2239 896 2279 prim.
913 2249 980 2270 sec.
1008 2239 1119 2271 Oxon.
1149 2239 1303 2270 Vossiani
1330 2249 1348 2269 a
1371 2249 1424 2270 me
1452 2239 1501 2271 in·

798 2289 909 2329 specti
936 2289 1060 2330 aliique
1084 2288 1234 2320 retinent
1261 2289 1309 2319 ita
1334 2292 1390 2319 ut.-
1413 2288 1504 2329 quod

798 2340 966 2371 revocavi.
1034 2340 1138 2371 Certe
1168 2342 1203 2370 ut
1231 2349 1297 2370 non
1328 2339 1427 2379 capio
1458 2339 1502 2371 de

801 2395 964 2430 tempore,
991 2390 1049 2421 sed
1074 2389 1192 2421 modo:
1219 2399 1296 2420 nam
1319 2389 1419 2420 aliter
1435 2388 1501 2428 ubi,

798 2443 832 2470 ut
848 2439 968 2470 eodem
991 2449 1090 2470 sensu
1115 2439 1336 2480 subjungeret
1357 2439 1503 2471 Auctor.

798 2498 864 2520 vn.
890 2493 943 2520 76.
971 2491 979 2506 ‘
996 2490 1054 2520 Ita
1079 2495 1117 2521 ut
1150 2496 1230 2520 ante
1259 2489 1504 2520 demonstravi-

799 2549 871 2571 mus
887 2540 908 2570 :'
933 2540 989 2571 ubi
1006 2540 1126 2571 itidem
1153 2540 1186 2570 iu
1211 2540 1293 2570 Mss.
1310 2539 1426 2570 multis
1443 2537 1501 2568 de-

800 2595 852 2620 est
868 2590 926 2619 ita.

843 2642 883 2670 18
909 2640 1161 2680 Constituerant]
1184 2639 1331 2679 Conjicit
1343 2637 1502 2669 Ciaccon.

799 2689 1013 2721 scribendum
1051 2699 1125 2721 esse
1158 2689 1425 2720 Construxeraut:
1457 2686 1501 2718 de

800 2749 867 2781 qua
892 2739 1066 2773 locutione
1091 2740 1250 2782 quaedam
1279 2737 1322 2770 ad
1351 2738 1395 2770 B.
1423 2736 1502 2770 Civ-
