1818 3131
236 196 349 238 1084

236 300 323 330 Ven.
339 309 379 330 ea:
392 299 514 336 Belgis,
529 302 563 328 et
589 297 635 328 ita
653 297 743 338 loqui
759 298 845 329 solet
864 307 937 329 nos-

235 354 310 380 ter:
357 349 471 388 itaque
511 347 742 387 reponendum
777 347 935 386 videtur;

237 409 346 440 neque
376 397 463 429 enim
489 397 654 428 credibile
681 402 746 436 est,
768 398 935 430 Caesarem

236 449 278 479 de
295 448 365 478 solo
382 447 502 487 Belgio
518 457 630 487 agere,
653 447 696 479 de
712 458 777 489 quo
802 447 890 480 infra
905 459 935 480 c.

239 502 292 530 24.
310 498 400 539 quod
429 503 540 529 tamen
558 499 664 529 Hadr.
689 499 842 530 Valesius
864 504 935 530 not.

239 549 328 581 Gall.
356 559 389 590 p.
419 551 471 580 80.
503 549 688 581 arbitratus
716 555 777 582 est.
823 550 937 582 Daris.

239 597 361 638 Bclgis.
421 598 478 630 Sic
496 599 580 630 Mss.
600 600 682 640 Reg.
698 605 733 631 et
751 601 878 631 Eliens.
895 601 938 631 al.

237 659 276 679 ezr
306 649 430 689 Belgio.
488 650 597 681 Clark.
656 651 778 682 Monet
805 660 938 691 quoque

238 701 428 732 Glareanus
461 701 495 731 in
527 701 601 732 aliis
640 701 814 732 codicibus
837 701 940 731 scribi

240 751 364 791 Belgis,
381 756 415 782 et
441 752 490 782 ita
513 752 580 792 legi
609 757 729 783 contra
757 761 833 782 suos
856 752 939 782 Mss.

232 803 303 842 Jam
321 802 425 833 voluit
441 803 689 833 Hotomannus.
733 802 861 832 Verum
878 801 940 832 hoc

238 853 313 882 loco
330 852 414 882 Msti
434 852 500 882 mei
518 852 667 883 retinent
684 851 798 890 Belgio
814 857 942 891 praeter

238 901 458 940 recentiores,
471 901 604 932 Duker.
620 901 784 942 Gottorp.
799 906 834 933 et
846 902 940 933 Voss.

240 952 392 983 tertium.
446 951 494 983 At
512 962 542 983 c.
559 955 612 983 24.
637 955 645 969 ‘
662 952 744 983 Tres
760 952 942 993 (legiones)

238 1003 271 1033 in
302 1003 424 1043 Belgio
460 1002 677 1042 conlocavit,’
713 1002 839 1034 babent
873 1001 942 1033 fere

240 1062 355 1084 omnes
383 1052 460 1083 libri
486 1053 605 1092 Belgis.
660 1053 770 1084 Iidem
798 1063 878 1085 vero
902 1064 943 1084 ex

240 1103 352 1142 Belgio
380 1103 530 1134 retinent
559 1113 587 1134 c.
615 1106 668 1135 25.
722 1104 840 1135 Medio
869 1105 943 1135 loco

241 1152 369 1184 rectius
387 1153 546 1183 Davisius
572 1162 591 1183 e
619 1154 777 1185 Cluverio
797 1155 944 1194 Belgium

241 1202 333 1243 capit
348 1202 390 1234 de
405 1203 555 1243 Belgicae
573 1203 694 1234 Galliae
710 1205 845 1245 regione
869 1214 944 1244 pro-

241 1253 314 1293 prie
331 1253 426 1284 dieta
441 1253 564 1292 Belgio.
612 1254 656 1284 Et
673 1263 752 1285 sane
768 1264 833 1285 non
845 1255 944 1285 aliter

242 1305 440 1336 sumendum
468 1309 542 1335 est:
582 1314 657 1335 nam
682 1305 886 1345 Glareanus,
910 1311 944 1337 et

242 1355 430 1394 Glandorp.
479 1364 657 1394 perperam
702 1356 944 1388 intellexerunt

241 1404 415 1446 oppidum.
483 1406 584 1437 Quod
621 1406 844 1447 reprehendit
873 1407 945 1447 jam

241 1456 318 1486 olim
336 1456 460 1487 Petrus
475 1457 615 1488 Divaeus
628 1458 713 1489 libro
730 1459 852 1490 Galliae
869 1459 947 1489 Bel-

243 1506 327 1547 gicae
345 1505 516 1548 Antiquit.
533 1507 626 1539 edito
644 1507 748 1540 Autv.
768 1512 862 1540 1566.
881 1510 902 1540 l.
921 1519 944 1540 1.

244 1567 276 1596 p.
296 1559 346 1587 10.
364 1557 420 1587 ubi
444 1557 637 1589 inbecillem
654 1563 765 1590 tamen
783 1549 879 1590 addit
896 1569 947 1590 ra-

242 1606 389 1637 tionem:
429 1607 519 1648 quod
554 1608 701 1639 addatur
739 1610 947 1650 prmposifio,

243 1667 342 1698 quarn
371 1667 391 1688 a
418 1658 549 1688 nemine
576 1659 694 1689 Latine
723 1660 823 1691 docto
849 1665 948 1701 putat

243 1707 395 1739 additam
412 1709 601 1740 nominibus
615 1710 758 1741 urbium.
805 1711 947 1742 Contra-

245 1758 331 1788 rium
349 1762 447 1798 patet
464 1767 505 1788 ex
521 1758 595 1798 ipso
609 1760 744 1790 Caesare
761 1760 853 1790 alibi.
880 1760 947 1791 Hic

245 1807 358 1846 Belgis
373 1817 391 1838 e
416 1808 550 1838 novitiis
567 1808 649 1839 licet
672 1809 854 1839 Codicibus
871 1819 947 1840 cum

245 1857 326 1888 viris
352 1857 462 1888 doctis
493 1863 569 1897 post
596 1858 766 1889 Clarkium
795 1859 945 1889 retinui:

246 1917 323 1938 nam
340 1907 441 1938 etiam
459 1907 636 1938 Cluverius
653 1908 787 1948 putavit
803 1909 857 1938 hie
875 1909 948 1940 Bel-

244 1958 296 1997 gIs
317 1967 391 1988 esse
419 1957 678 1995 restituendum,
698 1958 776 1998 quia
800 1959 949 1998 loquitur

248 2009 365 2040 Caesar
381 2008 422 2039 de
441 2008 591 2048 pluribus
613 2008 804 2047 civitatibus,
829 2009 950 2050 iisque,

249 2059 305 2100 qui
323 2059 436 2099 Belgis
461 2064 557 2089 eram
584 2058 763 2098 adtributi,
785 2063 822 2089 ut
849 2059 949 2090 Atre-

247 2109 344 2140 bates
361 2110 496 2150 aliique.
543 2109 630 2140 Vide
657 2109 774 2140 Germ.
802 2109 883 2141 Ant.
909 2119 950 2141 n.

247 2162 277 2191 2.
324 2160 398 2190 Nec
426 2168 493 2189 non
521 2160 572 2190 Cl.
590 2160 790 2199 Wesseling.
814 2159 855 2190 ad
884 2159 950 2191 An-

248 2215 321 2242 ton.
339 2209 460 2241 Itiner.
479 2220 509 2249 p.
527 2213 600 2240 478.
626 2209 682 2239 ubi
699 2210 809 2249 Belgoe
826 2210 858 2239 in
878 2211 949 2241 Bri-

247 2261 362 2292 tannia
378 2267 610 2292 recensentur.

290 2316 308 2342 5
347 2313 390 2342 Ec
423 2311 496 2342 bello
528 2312 616 2341 illuto
639 2310 682 2340 ibi
724 2311 950 2351 remanserunt]

246 2361 397 2402 Operam
424 2361 511 2391 ludit
530 2362 584 2391 Fr.
603 2360 850 2399 Hotomannus,
872 2361 949 2391 dum

249 2412 399 2452 reponit,
428 2411 503 2441 bello
537 2411 622 2441 illato
658 2410 699 2440 ibi
734 2416 950 2450 perrenerunl.

249 2461 360 2492 Recte
377 2460 531 2491 sehabet
558 2461 695 2500 vulgata
723 2461 837 2491 lectio.
887 2461 951 2491 An-

250 2510 412 2542 tecedens
430 2514 482 2540 est
499 2519 559 2549 pro
576 2514 817 2549 consequi-ute.
844 2511 952 2542 Duris.

251 2561 411 2601 Plerique
423 2559 564 2591 Codices
580 2565 825 2600 permanserant.
846 2562 952 2593 Clark.

252 2611 489 2642 Hotomannus
521 2619 584 2640 non
618 2615 819 2649 peffenerunt
851 2612 953 2642 scribi

251 2661 370 2699 voluit,
383 2661 443 2691 sed
461 2670 500 2690 ea·
514 2660 573 2690 civ.
590 2660 662 2690 bello
680 2661 764 2691 illuto
790 2672 822 2692 eo
847 2673 951 2702 parru-

251 2714 366 2741 εον-σπι.
405 2709 453 2741 At
468 2709 595 2741 refellit
607 2710 676 2751 jam
692 2721 767 2741 eum
788 2713 955 2744 ssrantius.

253 2760 394 2792 Rectius
408 2763 521 2791 autem
537 2763 749 2793 remanserunt
763 2766 815 2793 est
828 2761 860 2793 iu
872 2763 955 2795 Mss.

707 203 846 235 No'rAE
879 204 906 232 V
917 203 1099 234 AR10RU
1111 203 1141 232 M
1178 203 1226 233 ΙΝ

988 298 1065 338 Cuj.
1083 297 1173 328 Scal.
1191 295 1287 327 Leid.
1306 295 1403 336 prim.
1420 296 1532 327 Ox-on.
1549 299 1586 326 et
1602 293 1687 326 Edd.

988 347 1210 389 quibusdam:
1251 356 1326 377 nam
1358 346 1465 377 ceteri
1496 355 1572 376 cum
1598 344 1687 376 Edd.

988 399 1106 440 primis
1123 399 1204 429 dant
1222 407 1318 438 perm.
1364 397 1485 428 Paullo
1503 401 1578 436 post
1595 405 1689 430 revo-

989 450 1063 480 cavi
1087 448 1123 478 τὸ
1147 458 1289 488 pecorum
1316 457 1357 478 ex
1385 448 1466 478 Mss.
1493 446 1638 483 cunctis,
1664 445 1691 477 si

989 498 1079 530 forte
1095 500 1326 530 Oxoniensem
1351 498 1514 538 excipiaS,
1541 502 1577 528 et
1603 496 1691 528 Edd.

990 550 1117 590 primis.
1174 549 1243 580 Cur
1269 549 1302 579 id
1330 549 1492 579 mutarint
1519 557 1560 577 ex
1590 546 1690 578 unico

991 600 1101 630 L'rsini
1120 599 1257 638 Codice,
1274 600 1399 630 nescio.
1444 598 1571 630 Eadem
1589 597 1694 628 varia-

992 650 1039 680 tio
1055 648 1142 679 int'ra
1161 658 1196 680 v.
1210 651 1262 679 21.
1280 649 1338 678 sed
1356 654 1468 680 tamen
1492 658 1525 680 v.
1547 651 1577 679 8.
1604 654 1639 679 et
1661 650 1690 678 6.

993 701 1000 716 ‘
1021 700 1148 739 Magno
1164 699 1296 738 pecmis
1321 704 1423 739 atque.
1450 699 1618 730 bominum
1635 707 1694 728 nu-

993 759 1086 781 mero
1101 750 1121 780 :’
1157 750 1205 780 uti
1223 754 1257 781 ct
1272 758 1304 780 v.
1322 752 1372 780 35.
1390 749 1447 780 ubi
1469 750 1568 780 etiam
1585 749 1693 781 varia-

994 805 1059 831 tur.

1037 854 1054 882 7
1089 851 1237 891 AEdrflcia
1253 850 1324 888 sere
1353 850 1486 881 Gallicis
1507 847 1695 887 consimilia]

993 900 1183 933 Jornandes
1209 910 1247 931 ιι.
1278 904 1327 931 ll.
1353 901 1362 917 ‘
1379 900 1522 940 Virgeas
1543 900 1696 931 habitant

994 960 1098 989 casas,
1127 951 1316 982 communia
1340 954 1433 981 tecta
1459 959 1535 981 cum
1559 958 1695 990 pecore,

995 1003 1168 1043 sylvaeque
1207 1002 1271 1033 illis
1309 1011 1402 1042 saepe
1439 1006 1517 1032 sunt
1555 1000 1696 1032 domus!

1000 1053 1133 1084 Vossius.
1377 1052 1381 1055 ’
1682 1074 1684 1076 ,

1038 1106 1056 1134 3
1079 1104 1215 1133 L'tmztnr
1231 1106 1284 1133 aut
1302 1112 1393 1139 ‹tr-eo,
1405 1105 1457 1133 mil
1471 1102 1560 1133 taleis
1566 1100 1699 1141 ferreis]

995 1156 1036 1187 In
1055 1155 1121 1186 Ms.
1138 1160 1251 1186 nostro
1274 1161 1339 1191 est,
1363 1156 1371 1172 ‘
1390 1158 1531 1185 utuntur
1548 1157 1606 1184 aut
1620 1161 1699 1191 atre,

996 1211 1054 1236 aut
1070 1215 1206 1236 nummo
1224 1215 1326 1243 aereo,
1342 1210 1399 1235 aut
1415 1205 1486 1235 aliis
1511 1203 1631 1234 ferreis
1655 1202 1698 1234 ad

996 1263 1128 1290 certum
1149 1257 1278 1298 pondus
1296 1255 1518 1288 examinatis!
1565 1255 1606 1285 In
1624 1254 1699 1284 aliis

996 1308 1121 1348 legitur
1135 1311 1187 1337 unt
1210 1307 1331 1337 annulis
1347 1306 1474 1345 ferreis,
1490 1304 1586 1336 etsie
1604 1305 1700 1335 (irae-

998 1368 1057 1388 cus
1075 1358 1172 1396 legit,
1190 1357 1246 1396 qni
1263 1357 1366 1387 babet
1391 1354 1562 1386 δακτυλίοις
1587 1355 1699 1394 σιδηρι-

1119 1404 1702 1445 Ηοῒοιιιῐιηηυε,(ἶίαοοοηὶυς,ἙαὸΓ-

998 1468 1059 1488 nus
1076 1458 1200 1488 laminis
1216 1456 1407 1488 emendant.
1451 1454 1702 1500 Scaligertaleis

998 1507 1120 1538 edidit.
1178 1508 1254 1538 Non
1283 1507 1415 1547 dubito,
1447 1507 1528 1548 quin
1560 1506 1703 1537 auctori-

1000 1562 1072 1589 tate
1099 1567 1128 1588 v.
1153 1567 1184 1588 c.
1241 1558 1283 1588 Et
1301 1558 1348 1588 sic
1364 1557 1517 1589 videmus
1534 1557 1701 1598 hodieque

998 1608 1031 1638 in
1049 1608 1168 1638 Suecia
1194 1618 1254 1648 pro
1284 1608 1428 1647 pecunia
1447 1607 1601 1648 usurpari
1627 1607 1702 1638 aeris

999 1659 1093 1698 quasi
1133 1659 1357 1698 praesegmina
1403 1658 1535 1688 diversa
1582 1657 1703 1696 forma,

999 1718 1072 1749 (ιιι-«ι»,
1101 1709 1208 1739 taleas
1231 1709 1318 1739 baud
1347 1709 1515 1739 immerito
1542 1708 1703 1749 appelles.

1001 1759 1078 1789 Non
1097 1763 1209 1789 tamen
1229 1765 1356 1790 temere
1373 1759 1450 1790 ideo
1474 1758 1703 1799 recipiendam

999 1809 1084 1840 lianc
1103 1810 1283 1840 lectionem
1302 1819 1437 1849 censeo,
1464 1810 1651 1850 praesertim
1677 1810 1703 1840 si

999 1859 1109 1888 nullus
1126 1869 1179 1889 vv.
1196 1868 1244 1889 cc.
1266 1860 1374 1899 juvet.
1437 1860 1475 1890 In
1504 1861 1578 1890 aliis
1602 1859 1704 1891 codd.

999 1912 1074 1938 erat
1090 1908 1203 1938 lanceis
1221 1907 1349 1946 ferrei-5.
1398 1909 1470 1949 Ego
1487 1909 1631 1949 amplius
1648 1909 1706 1941 de-

1000 1958 1213 1988 liberandum
1241 1959 1396 1990 arbitror.
1460 1961 1625 2001 Fortassis
1650 1970 1706 1991 au-

1001 2014 1069 2040 tem
1089 2009 1170 2040 illud
1187 2011 1294 2040 annuli
1321 2010 1404 2041 adeo
1431 2010 1612 2041 absurdum
1639 2019 1705 2041 non

1001 2059 1058 2098 sit,
1076 2069 1151 2090 cum
1168 2060 1201 2090 in
1220 2060 1363 2091 Oriente
1376 2060 1600 2091 Cluinensibus
1615 2070 1709 2092 usur·

1001 2114 1127 2150 pentur
1159 2111 1283 2141 nummi
1316 2111 1376 2142 bac
1407 2110 1538 2141 forma:
1577 2111 1636 2142 ubi
1668 2111 1707 2151 si,

1201 2171 1276 2202 quae
1293 2161 1435 2191 interius
1453 2161 1620 2202 quadrata
1642 2160 1707 2192 for-

1201 2223 1256 2243 ma
1272 2212 1421 2243 exscissa
1434 2216 1525 2251 sunt,
1538 2212 1579 2243 ad
1592 2216 1708 2243 rotun-

1049 2220 1121 2290 Ε
1201 2263 1276 2294 dam
1303 2263 1452 2303 redigas,
1468 2262 1571 2294 babes
1595 2263 1706 2300 annuli

1200 2315 1352 2345 formam.
1399 2315 1443 2345 Et
1469 2319 1611 2354 potuere
1633 2314 1707 2344 Bri-

1002 2369 1096 2398 tanui
1121 2366 1243 2398 talibus
1267 2364 1326 2395 uti.
1371 2363 1438 2394 Sed
1467 2363 1705 2395 Britannorum

1003 2416 1217 2459 simplicitati
1237 2415 1318 2445 illud
1336 2415 1376 2444 de
1397 2414 1492 2444 taleis
1508 2413 1613 2453 magis
1629 2414 1706 2444 conss

1003 2469 1102 2509 guuit.
1157 2468 1273 2499 Quare
1299 2463 1513 2495 retinendum
1539 2464 1706 2503 tantisper

1002 2523 1128 2556 statuo,
1156 2517 1265 2547 donec
1291 2513 1496 2545 commodius
1524 2512 1605 2553 quid
1633 2521 1707 2544 suc-

1005 2571 1132 2599 currat.
1180 2563 1349 2605 Imprimis
1367 2572 1442 2593 cum
1463 2562 1597 2593 Solinus
1613 2562 1709 2594 dicat

1004 2619 1013 2635 ‘
1033 2618 1212 2649 Nummum
1231 2612 1395 2651 refutant,
1411 2612 1494 2642 dant
1519 2621 1649 2643 merces
1672 2617 1708 2644 et

1006 2665 1197 2706 accipiunt.¹
1250 2662 1381 2693 Vossim.
1428 2661 1483 2693 Ita
1505 2662 1612 2693 edidit
1635 2662 1707 2695 Jos.

1005 2716 1179 2756 Scaliger3
1203 2714 1295 2746 Just.
1319 2716 1432 2743 autem
1452 2712 1596 2752 Lipsius,
1620 2715 1629 2730 ‘
1648 2716 1706 2745 aut

1007 2775 1140 2800 nummo
1171 2773 1273 2802 aereo,
1302 2766 1362 2795 aut
1393 2762 1524 2794 annulis
1552 2761 1670 2795 ferreis
1683 2761 1705 2800 ς’

997 1409 1058 1438 νοῖς
1063 1430 1069 1437 .
