1818 3131
274 204 387 249 1276

272 316 309 343 et
324 311 458 343 omnino
470 310 512 340 ad
528 319 582 340 ιιι.
599 312 653 341 13.
675 319 738 340 nec
753 319 817 340 non
833 308 873 339 ad
889 309 976 340 Fior.

272 371 322 394 lv.
342 366 390 392 12.
408 365 460 392 37.
484 360 494 378 6
514 361 596 392 Aliis
613 361 740 399 oculo&
766 361 842 392 aliis
859 371 977 391 manns

272 411 496 452 amputabant
511 410 529 441 :’
554 415 588 441 et
607 410 695 441 infra
721 411 839 442 navis.
867 412 907 441 ad
936 411 977 442 B.

274 463 346 492 (jiv.
367 471 420 492 ιιι.
436 464 489 491 28.
513 462 521 478 6
540 462 754 501 tempestatis
771 466 806 492 et
833 461 975 492 sentinae

274 510 390 542 vitiis!
437 511 528 541 Hirt.
545 511 585 541 B.
604 510 711 542 Afric.
729 520 758 542 c.
774 514 827 542 31.
845 512 854 528 6
874 512 977 551 pabu-

275 561 378 600 !andi,
406 561 570 601 lignandi,
586 566 645 592 aut
669 561 840 592 muniendi
869 562 979 601 gratia

274 613 397 643 vanum
415 611 611 653 petierant.’
657 611 793 652 Apulei.
823 612 909 642 Met.
929 620 977 641 iv.

273 673 308 704 p.
324 667 377 695 66.
400 663 409 679 6
424 672 488 694 non
505 662 588 693 fusti
603 666 748 701 tantum,
763 662 821 692 sed
840 662 979 691 machae-

275 724 310 744 ιιι
339 712 509 754 perfossus
532 713 635 745 morti
661 712 884 744 succumbere
899 711 918 741 ε’
943 715 979 742 ut

273 765 338 805 1egi
351 774 369 795 e
382 765 462 796 Mss.
480 764 598 804 debet,
611 772 675 794 nou
687 771 850 803 percussus
864 771 981 792 occum-

277 816 355 846 bere.

322 869 357 896 ll
384 865 509 904 Mittit]
550 864 681 895 Clarius
707 863 820 903 paullo
850 867 885 893 et
913 861 982 894 effi-

275 916 388 947 cacius
415 915 513 946 Leid.
543 925 594 955 pr.
617 915 763 945 dimittit.
809 913 896 945 Vide
923 924 980 944 ex-

275 966 387 1006 empla
403 966 445 996 ad
472 975 520 997 iv.
539 968 591 996 19.
615 965 624 982 ‘
647 965 788 996 nuncios
811 965 844 995 in
867 974 981 995 omnes

276 1020 392 1056 partes
419 1016 616 1047 diniisisse:’
639 1016 694 1046 ubi
719 1016 821 1047 etiam
847 1017 981 1048 variant

275 1067 353 1098 libri
383 1067 604 1098 recentiores.
651 1067 732 1098 Mox
751 1077 780 1098 c.
797 1070 828 1098 7.
853 1068 862 1084 ‘
882 1068 982 1108 Equi-

276 1121 347 1149 tum
365 1121 492 1149 turmas
509 1117 653 1148 dimittit
667 1117 700 1147 in
713 1126 826 1148 omnes
843 1117 980 1158 partes.’

277 1178 307 1199 e.
338 1171 392 1200 24.
424 1170 433 1186 6
453 1169 567 1208 plures
599 1168 632 1198 in
664 1173 778 1209 partes
807 1167 982 1199 dimittere

278 1218 494 1250 exercituin!
541 1218 640 1249 Adde
658 1228 688 1249 c.
705 1221 758 1249 25.

321 1278 372 1299 Vl.
400 1272 418 1299 4
455 1268 518 1299 Sub
544 1273 663 1309 tempus
691 1268 882 1308 oestitorum]
926 1268 982 1300 Ita

281 1329 396 1350 omnes
410 1319 518 1351 Codd.
535 1320 670 1350 mallem
685 1320 850 1350 ceseii-um.-
873 1319 932 1350 sed
949 1323 984 1349 et

276 1370 420 1400 aiterum
452 1370 578 1400 tolero:
623 1376 756 1409 tempus
787 1369 981 1399 aestivorum

277 1424 329 1450 est
351 1424 462 1451 aestas.
503 1419 634 1450 Vossius.
681 1419 876 1450 AEstirorum
892 1420 982 1450 enim

277 1470 453 1510 deganter
488 1469 677 1510 opponitur
697 1469 744 1507 τῷ
774 1469 982 1500 hibernorum.

280 1520 388 1550 Clark.
433 1520 442 1536 ‘
456 1519 698 1560 Superioribus
716 1519 857 1550 aestivis’
884 1530 912 1551 c.
929 1522 983 1551 46.

277 1573 312 1600 et
339 1569 466 1600 ibidem
489 1570 498 1587 ‘
514 1574 706 1601 extremum
733 1575 868 1611 tempus
895 1571 985 1602 aesti-

277 1618 419 1651 vorum.¹

318 1671 339 1699 4
363 1669 493 1700 Nullum
507 1679 660 1701 summum
680 1670 790 1701 bellum
812 1680 902 1711 posse
917 1681 986 1702 con·

271 1719 369 1760 flat-i]
393 1720 448 1750 Sic
463 1721 543 1751 Mss.
561 1730 688 1751 onmes.
727 1722 901 1752 Summum
919 1721 988 1752 bel-

280 1770 358 1808 ium,
373 1775 424 1801 est
440 1771 528 1812 quod
546 1773 646 1812 vulgo
661 1773 806 1811 generale
819 1772 985 1804 dicerent.

288 1820 422 1852 Vossius.
470 1821 627 1854 Smnmum
643 1822 755 1853 bellum
776 1828 841 1861 est,
870 1823 902 1853 in
920 1834 985 1863 quo

281 1880 408 1902 sumnia
426 1873 472 1902 rei
487 1877 694 1911 verteretur,
720 1879 754 1902 ct
769 1883 788 1902 a
802 1883 869 1913 quo
883 1873 985 1903 maxi-

281 1929 371 1951 mum
388 1921 598 1960 dependeret
612 1921 807 1953 discrimen.
825 1923 865 1953 V.
877 1924 984 1953 Gron.

282 1971 322 2002 ad
339 1971 412 2002 Liv.
427 1979 526 2001 xxvn.
549 1975 597 2002 10.
622 1978 656 2002 et
674 1980 831 2003 xxxviii.
846 1976 897 2002 50.

320 2023 339 2051 7
365 2021 450 2051 Belli
468 2022 572 2060 gloria
599 2022 707 2052 GaHos
728 2032 832 2052 omnes
857 2023 986 2062 Belgas-

280 2082 339 2112 que
349 2072 559 2113 proestalmnl]
584 2072 795 2103 Confirmant
811 2073 897 2103 hanc
920 2074 985 2104 lec-

282 2123 408 2154 tionem
435 2133 552 2153 omnes
570 2123 652 2153 Msti
676 2123 784 2154 Codd.
827 2125 986 2154 Prwstare

283 2174 419 2214 quando
441 2175 623 2205 antecellere
646 2179 755 2213 notat,
787 2174 986 2215 pierumque

281 2224 431 2255 dativum
471 2226 570 2263 regit.
639 2224 840 2255 Constrinxit
873 2229 985 2254 tamen

281 2285 357 2306 cum
385 2275 566 2306 accusandi
597 2284 675 2306 casu
711 2284 844 2315 quoque
873 2275 986 2306 Livius

282 2327 305 2357 1.
321 2335 355 2357 v.
391 2328 399 2343 ‘
419 2327 464 2356 Ut
497 2326 654 2356 nuntiare
680 2325 815 2355 domuin
845 2327 987 2366 possint,

281 2381 445 2417 quantum
475 2376 567 2407 Gaui
586 2376 713 2407 virtute
731 2382 873 2407 caeteros
901 2387 987 2408 mor-

283 2426 368 2457 tales
388 2427 615 2466 praestarent!
660 2429 734 2459 hec
747 2428 813 2458 alia
830 2429 911 2459 mihi
936 2439 987 2459 ra-

283 2478 376 2509 tione
401 2479 532 2508 locutu<
549 2478 684 2509 videtur
708 2479 848 2509 'i‘ccitus
875 2480 987 2510 Anna-

280 2529 363 2559 lium
383 2538 431 2559 ιν.
458 2529 593 2570 quando
612 2530 779 2570 proesidere
796 2540 871 2561 cum
889 2541 988 2562 accu-

286 2578 380 2609 sandi
396 2588 476 2609 casu
501 2579 586 2609 dixit
602 2591 608 2610 z
635 2582 642 2596 ‘
661 2581 705 2610 Et
720 2581 807 2611 haud
825 2591 988 2621 spernen-

284 2629 328 2660 da
356 2630 425 2661 iilic
458 2631 579 2661 civium
605 2631 840 2671 sociorumque
871 2641 988 2662 manus

283 2681 381 2712 litora
411 2682 542 2712 Oceani
574 2681 803 2722 praesidebat!
855 2682 988 2713 Vossius.

284 2731 455 2763 Observat
485 2734 627 2773 Dionys.
652 2733 788 2764 Vossius
814 2742 989 2773 perrarum

287 2790 374 2822 esse,
383 2787 422 2815 ut
433 2783 506 2816 haec
518 2792 597 2825 vox,
606 2783 740 2826 quando
750 2787 848 2817 notat
859 2783 990 2817 antecel-

748 214 890 244 1401·AE
920 213 1141 244 vARlORt*
1154 213 1183 241 M
1220 213 1266 242 IN

1030 307 1344 346 Iere,accusafixum
1362 308 1471 346 regat.
1502 305 1543 338 Id
1559 313 1601 336 ne
1615 304 1690 346 quis
1703 305 1735 336 in

1031 364 1203 398 posterum
1232 357 1363 396 credat,
1385 357 1562 397 exemplis,
1588 357 1650 387 nisi
1678 355 1738 388 fnl-

1031 409 1091 447 lor,
1131 408 1286 439 officiam.
1354 408 1583 439 Quintilianus
1620 407 1736 438 Instit.

1031 462 1130 492 Orat.
1157 471 1180 491 1.
1202 465 1228 492 l.
1266 463 1274 479 ‘
1297 462 1432 491 Vra-stul
1459 466 1571 490 tamen
1601 459 1736 498 ingenio

1030 511 1114 541 alius
1145 511 1263 541 alium!
1322 511 1418 541 Idem
1448 519 1486 540 ιι.
1519 513 1572 541 20.
1597 509 1671 540 ‘Ea
1700 508 1734 538 in

1031 570 1165 601 quoque
1203 561 1394 592 animalium
1428 566 1479 591 est
1511 560 1630 599 virtus,
1667 569 1735 601 qun

1029 614 1158 650 proesmt
1190 615 1289 641 cetera
1318 613 1371 642 vei
1401 612 1586 653 pleraque)
1632 612 1735 643 Corn.

1031 661 1149 700 Nepos
1171 661 1290 699 Epam.
1313 670 1342 691 e.
1368 664 1400 691 ὓ.
1426 665 1434 678 ‘
1450 661 1653 701 Eloquentia
1673 671 1736 691 om·

1030 721 1084 741 nes·
1101 720 1140 741 co
1154 710 1335 750 praestabat
1353 711 1531 750 tempore!
1578 712 1676 742 Idem
1692 711 1735 742 de

1034 761 1183 801 Regibus
1201 771 1233 792 c.
1246 764 1275 792 3.
1298 762 1307 778 ‘
1327 760 1438 791 Animi
1453 761 1685 801 magnitudine
1700 766 1736 792 et

1032 812 1219 842 calliditate
1234 822 1338 842 omnes
1361 812 1393 842 in
1413 811 1529 843 Africa
1544 817 1640 843 natos
1657 821 1738 852 ΡΜ-

1032 862 1151 893 stitisse
1167 862 1324 894 constat.y
1355 864 1400 893 Et
1417 863 1475 894 vit.
1494 862 1643 894 Haunib.
1659 872 1690 893 e.
1708 866 1737 894 l.

1033 913 1042 928 6
1060 913 1139 943 Non
1166 917 1218 942 est
1248 912 1477 951 inficiandum,
1510 912 1737 943 Hannibalem

1030 962 1216 1002 praestitisse
1232 966 1346 993 ceteros
1372 962 1578 1002 Imperatores
1593 962 1740 1003 pruden-

1033 1012 1104 1044 tia!
1150 1012 1218 1044 Adi
1243 1018 1278 1044 et
1301 1013 1361 1043 vit.
1388 1013 1496 1044 Atuc.
1524 1023 1554 1044 c.
1580 1015 1611 1044 3.
1630 1015 1666 1043 et
1687 1015 1738 1045 18.

1033 1063 1148 1095 Daris.
1182 1064 1273 1095 Vide
1286 1064 1328 1095 ad
1345 1073 1369 1094 1.
1389 1066 1419 1095 2.
1443 1066 1452 1080 ⁶
1470 1063 1608 1095 Virtute
1623 1072 1739 1094 omnes

1033 1119 1193 1155 praestare
1209 1118 1228 1146 :‘
1251 1115 1299 1145 uti
1316 1119 1367 1145 est
1385 1115 1417 1144 in
1436 1115 1540 1145 Msto.

1078 1168 1098 1195 8
1123 1165 1351 1205 Finitimasque
1363 1165 1396 1195 in
1411 1163 1570 1204 civitates]
1589 1163 1742 1195 Emeuda

1038 1214 1087 1245 his
1100 1215 1259 1246 civitates.-
1284 1220 1321 1246 ut
1346 1220 1397 1246 est
1425 1215 1458 1245 in
1486 1215 1593 1255 primo
1622 1223 1662 1245 ac
1690 1223 1740 1245 se-

1033 1265 1144 1296 cundo
1162 1267 1395 1305 Bongarsiauo
1417 1265 1555 1296 codice:
1581 1270 1640 1296 aut
1663 1274 1739 1295 enm

1035 1314 1224 1345 Pet-aviano
1241 1315 1364 1346 induce
1383 1325 1501 1346 vocem
1518 1315 1561 1345 in.
1592 1315 1740 1354 Vuigata

1034 1364 1135 1394 lectio
1154 1364 1302 1395 absurda
1325 1374 1388 1395 nec
1404 1364 1528 1395 Latina
1556 1370 1620 1395 est.
1672 1365 1742 1395 Vos-

1032 1414 1107 1445 sius.
1156 1414 1394 1446 Fimoiffltates.
1440 1415 1495 1446 Sic
1511 1414 1740 1447 MssAEliens.

1035 1470 1071 1496 et
1094 1466 1213 1498 l’etav.
1239 1467 1322 1498 Mss.
1347 1471 1460 1498 autem
1479 1467 1565 1508 Reg.
1589 1471 1624 1498 et
1640 1468 1738 1499 Voss.

1035 1521 1071 1547 et
1098 1517 1206 1548 Editt.
1224 1518 1320 1548 Vett.
1335 1518 1553 1559 finitimasque
1573 1518 1613 1549 iis
1633 1518 1742 1548 cit-ltu-

1036 1570 1092 1598 tes.
1138 1569 1223 1600 Qua*
1252 1578 1333 1599 vera
1361 1569 1495 1600 deinum
1534 1574 1588 1600 est
1625 1569 1739 1601 lectio.

1034 1619 1186 1660 Scaliger
1209 1624 1408 1661 (crr01·e,ut
1424 1622 1558 1661 opinor,
1582 1624 1741 1662 typogra-

1038 1670 1155 1711 phico)
1178 1671 1287 1703 edidit
1299 1671 1361 1713 fin.
1379 1672 1413 1702 in
1429 1672 1583 1702 civitates.
1629 1672 1746 1704 Quem

1037 1720 1186 1752 fideliter
1203 1723 1308 1753 secuti
1321 1728 1399 1752 sunt
1415 1722 1644 1760 recentiores;
1667 1723 1741 1753 nul-

1036 1771 1068 1801 io
1083 1771 1254 1811 videlicet,
1275 1782 1384 1813 neque
1399 1781 1528 1812 sensus,
1550 1779 1662 1812 neque
1678 1771 1742 1802 La-

1037 1821 1181 1852 tinitatis
1207 1822 1361 1863 vestigio.
1403 1822 1510 1852 Clark.
1558 1822 1622 1852 His
1646 1831 1743 1863 repo-

1036 1870 1087 1901 sui
1112 1880 1130 1900 e
1159 1871 1242 1902 Mss.
1270 1872 1448 1902 omnibus:
1479 1873 1511 1902 in
1543 1872 1613 1902 ¹<ine
1636 1871 1740 1903 dubio

1036 1930 1097 1960 pro
1122 1920 1163 1950 iis
1190 1930 1368 1961 operarum
1387 1922 1469 1953 vitio
1494 1922 1526 1952 in
1543 1922 1635 1954 Sca1.
1660 1922 1741 1953 Edi-

1038 1970 1163 2002 tionem
1181 1971 1335 2011 inrepsit.

1078 2023 1098 2050 9
1145 2022 1273 2063 erm-eo]
1318 2023 1401 2053 Mss.
1438 2032 1555 2054 omnes
1590 2023 1740 2054 Cor-heum

1036 2076 1257 2111 nuncupant:
1298 2078 1412 2104 noster
1436 2073 1545 2104 codex
1571 2078 1639 2105 stat
1676 2084 1739 2114 pro

1037 2123 1195 2163 vulgatiS.
1260 2124 1390 2154 Vossius.
1457 2125 1601 2156 Van-iant
1637 2124 1742 2156 etiam

1038 2173 1122 2204 Mss.
1151 2173 1276 2205 Orosii.
1325 2174 1438 2205 Correo
1470 2175 1621 2206 retinent
1648 2175 1742 2206 Leid.

1041 2234 1090 2264 pr.
1127 2224 1252 2265 Scalig.
1297 2224 1408 2256 Oxon.
1451 2230 1650 2257 constanter
1686 2225 1742 2257 hic

1038 2280 1074 2306 et
1101 2275 1134 2305 in
1165 2284 1261 2316 seqq.
1307 2276 1415 2307 lnnno
1440 2286 1470 2307 c.
1497 2279 1529 2308 7.
1565 2281 1601 2307 et
1626 2286 1656 2308 c.
1686 2278 1739 2307 19.

1038 2326 1141 2357 etiam
1172 2326 1289 2366 Cujae.
1317 2327 1425 2366 Bong.
1452 2337 1503 2366 pr.
1521 2336 1589 2359 see.
1618 2327 1740 2358 Petav.

1039 2377 1162 2418 aliique
1191 2378 1341 2408 Correum
1357 2377 1452 2408 dant.
1498 2378 1582 2408 Cum
1599 2376 1746 2416 vuigari-

1039 2427 1100 2458 bns
1117 2428 1200 2457 Mss.
1219 2432 1254 2456 et
1274 2426 1361 2457 Edd.
1386 2427 1484 2458 Vett.
1531 2425 1665 2457 Gorbeus
1685 2435 1741 2456 vo-

1039 2485 1137 2510 catur
1153 2487 1288 2519 quoque
1305 2479 1338 2509 in
1353 2478 1466 2510 Celso.

1085 2531 1270 2561 Exercitum
1282 2530 1463 2571 conparare]
1474 2529 1598 2560 Melior
1610 2528 1743 2560 videtur

1040 2581 1142 2612 lectio
1164 2581 1233 2620 ina,
1251 2591 1350 2621 quam
1377 2580 1539 2611 exhibent
1557 2580 1638 2610 Mss.
1656 2580 1740 2621 Reg.

1041 2631 1165 2662 Eliens.
1197 2636 1232 2661 et
1252 2630 1375 2669 Vossii,
1401 2631 1570 2661 Exercitus
1590 2639 1746 2670 compara·

1039 2691 1091 2712 re:
1114 2686 1254 2721 propter
1275 2680 1308 2710 id
1334 2680 1422 2721 quod
1453 2682 1621 2722 sequitur,
1649 2684 1742 2722 atque

1038 2732 1072 2762 in
1103 2741 1197 2762 unum
1225 2731 1323 2761 lomim
1351 2741 1470 2770 cogere.
1537 2733 1740 2774 Quanquam

1039 2787 1221 2824 utrumque
1240 2786 1331 2815 recte
1347 2781 1483 2816 dicitur.
1518 2782 1627 2816 Clark.
1672 2782 1740 2813 Ex-
