1818 3131
259 206 372 250 1280

256 314 352 344 ὑετοὶ.
370 310 494 351 elapsis
509 318 565 349 que
588 312 624 339 et
649 318 743 350 seqq.
767 313 787 340 4
810 310 959 343 vocibus.

258 363 377 396 Ceteri
407 361 490 390 Mss.
517 368 633 389 omnes
662 364 697 390 et
724 359 810 392 Edd.
840 362 958 401 primae

253 414 400 453 aliaeque
414 410 590 441 Lot-§culam
613 410 664 441 vel
677 410 804 442 loricam
817 412 870 442 vel
884 412 958 442 luri-

256 474 325 495 cam
343 472 400 502 pro
416 462 471 491 hac
494 462 615 492 ratione
637 461 676 499 ej.
692 462 747 492 alt.
770 471 869 502 quam
892 463 959 492 lec-

258 514 383 544 tionem
399 516 589 552 propugnat
609 511 758 552 Lipsius,
777 517 812 543 et
829 522 871 543 ex
887 512 960 542 inae-

254 564 404 606 dficandi
420 563 524 593 verbo
545 562 666 593 statuit
683 561 786 593 fuisse
802 563 958 603 ligneam.

255 615 390 646 Comme
405 613 531 654 optime
557 612 626 644 dici
654 618 794 653 possunt
809 612 960 652 στεφάναι

257 674 439 695 murorum.
491 663 579 693 Vide
605 662 720 695 Graev.
747 663 788 693 ad
815 662 958 694 Hes-iod.

257 716 344 752 θεογ.
375 717 448 744 916.
475 717 509 744 et
533 713 627 744 alios.
672 713 739 744 Sed
769 713 849 753 quid
867 716 961 744 vetat

258 770 439 805 utramque
455 773 571 795 vocem
587 764 793 794 admittere?
825 763 900 794 Quo
915 762 960 793 fa-

258 815 306 846 cit
320 815 459 845 verbum
478 814 672 854 iuaedificuri.
733 813 863 843 Coronis
887 813 961 843 lori-

256 875 323 896 cam
337 864 521 905 iuaedzficari
535 863 655 901 jussit:
691 863 711 893 i.
726 872 756 894 e.
782 863 815 893 in
831 872 960 894 summo

256 915 396 945 rotundi
417 916 493 945 valli
510 914 644 954 fastigio
661 912 823 944 aedificari
840 913 961 944 loricu-

258 965 336 996 lam.
361 965 402 995 B.
429 966 501 996 Civ.
518 974 557 996 ιι.
586 966 637 995 16.
662 964 670 980 ‘
690 962 903 993 Inaedificata
927 963 960 993 in

257 1014 361 1045 muris
376 1014 521 1045 moenia.’
567 1014 653 1045 Nam
680 1018 716 1043 et
740 1011 912 1052 στεφάνους
927 1015 962 1044 et

258 1063 414 1104 στεφάνας
438 1075 497 1106 pro
527 1065 608 1104 ipsis
636 1064 739 1094 muris
763 1074 822 1095 seu
846 1073 962 1095 eorum

258 1115 386 1146 ambitu
425 1115 655 1146 adhibuerunt
694 1114 823 1152 Graeci,
853 1119 891 1145 ut
928 1115 961 1145 in

258 1165 468 1206 Epigramm.
496 1165 552 1195 ὑπὸ
567 1163 739 1206 στεφάνῃσι
754 1164 880 1202 πόληος.
906 1165 962 1195 lib.

260 1225 285 1247 1.
302 1226 336 1256 p.
353 1219 406 1246 90.
424 1216 487 1247 Ed.
504 1216 623 1256 Stepli.
671 1215 769 1246 Adde
786 1216 859 1256 ejus
879 1216 964 1246 'rhe-

258 1276 406 1297 saurum.
454 1268 561 1298 Immo
584 1267 670 1297 hanc
691 1266 963 1297 emendationem

258 1319 359 1349 unice
377 1318 555 1349 confirmat
578 1318 716 1349 Curtius
741 1327 789 1349 ιν.
817 1321 848 1348 4.
877 1318 963 1357 §³0.

258 1369 266 1384 ⁴
289 1367 444 1407 Augusta
472 1368 556 1397 muri
588 1376 713 1397 corona
741 1372 844 1398 erat:
886 1367 963 1398 Non

259 1418 384 1458 pinnae,
400 1419 490 1449 sicut
505 1418 599 1457 alibi,
616 1418 790 1457 fastigium
807 1418 879 1458 ejus
897 1417 964 1448 dis-

259 1469 446 1506 tinxerant,
462 1469 519 1499 scd
537 1473 705 1509 perpetua
721 1469 826 1499 lorica
838 1468 964 1499 obduc-

260 1522 294 1548 ta
311 1519 490 1549 transitum
509 1517 686 1558 sepserat!
747 1519 819 1548 Hac
834 1518 964 1549 addunt

261 1568 348 1599 Edd.
379 1574 458 1599 ante
488 1569 614 1609 Scalig.
650 1573 684 1599 et
720 1569 803 1600 Mss.
838 1572 964 1608 praeter

257 1619 382 1650 Faern.
399 1624 435 1650 ct
448 1618 574 1649 Andiu.
591 1623 717 1657 tamen,
730 1629 834 1660 quare
852 1629 964 1649 rursus

260 1669 435 1700 intrudere
453 1669 568 1707 nolui;
604 1670 662 1700 sed
689 1670 836 1711 alioquin
861 1670 962 1710 abjici

260 1724 396 1760 poterat
425 1720 500 1758 ejus,
530 1720 557 1750 si
589 1721 671 1750 Mss.
703 1719 872 1751 faverent.
929 1720 963 1751 Si

257 1771 465 1811 conjecturis
482 1770 656 1810 indulgere
674 1771 767 1808 licet,
782 1781 823 1800 en
841 1771 940 1800 aliam
955 1782 963 1809 ;

258 1830 360 1861 quam
376 1820 486 1851 forsan
506 1830 570 1851 non
601 1830 697 1850 nemo
716 1821 962 1860 amplectatur;

258 1874 289 1901 cl
315 1870 472 1901 loriculam
496 1880 553 1909 pro
578 1870 696 1900 coronis
721 1880 757 1899 uc
782 1870 902 1899 ratione
924 1870 961 1907 ςῘ.

259 1921 318 1951 alt.
364 1920 509 1950 Loricam
523 1922 553 1950 et
568 1920 679 1958 pinnas
694 1919 810 1959 jungit
829 1928 893 1949 vu.
910 1921 962 1949 72.

304 1974 343 2002 14
371 1971 414 2002 Ut
427 1971 524 2001 hostis
539 1981 557 2000 α
574 1970 690 2010 duplici
700 1972 964 2009 propugnatorum

258 2021 367 2052 ordine
394 2020 609 2060 depelleretur]
643 2019 698 2051 Ab
722 2020 785 2050 hac
818 2020 964 2050 lectione

260 2073 402 2102 multum
420 2072 548 2102 abeunt
565 2071 673 2103 Codd.
690 2071 854 2101 nonnulli.
881 2071 964 2108 Mss,

258 2124 397 2154 Carrar.
430 2129 463 2153 ct
500 2123 636 2153 Norvic.
695 2122 739 2152 (st
769 2121 807 2151 ab
829 2121 966 2152 hostibus

259 2174 375 2213 duplici
398 2176 661 2213 prolmguulorwn
690 2172 796 2202 ordine
822 2171 964 2209 defendo-

259 2223 379 2254 rentur.
426 2223 481 2253 Sic
499 2229 534 2253 et
554 2222 655 2253 editt.
680 2223 776 2253 Rom.
792 2223 878 2253 Ven.
902 2223 964 2253 Be-

259 2274 367 2304 roald.
392 2274 451 2303 nisi
480 2273 569 2313 quod
603 2274 635 2303 in
671 2273 709 2303 iis
735 2273 963 2310 defenderetur.

260 2323 384 2362 Recte,
416 2331 448 2354 ut
484 2324 614 2363 opinor.
655 2323 763 2353 Locus
793 2324 880 2354 enini
915 2325 963 2355 sic

260 2373 396 2404 videtur
426 2374 587 2413 legendus
612 2376 646 2403 ul
676 2373 772 2403 hostis
801 2384 818 2403 d
848 2375 965 2414 duplici

252 2423 350 2463 fossa,
364 2424 479 2464 duplici
501 2427 763 2463 propugnatorum
781 2425 898 2457 ordine,
913 2427 963 2456 de-

249 2475 444 2512 fenderetur.
491 2474 621 2504 Ultima
639 2484 700 2505 vox
719 2474 749 2503 in
768 2484 869 2505 (eausa
885 2474 962 2513 fuit,

259 2535 320 2556 cur
343 2525 418 2555 loco
440 2525 538 2554 hostis
563 2534 581 2554 α
609 2525 724 2564 duplici
745 2524 845 2562 jussa,
867 2536 959 2566 repo-

258 2575 384 2606 suerint
394 2575 431 2605 Li
438 2574 537 2604 brarii
549 2575 585 2603 nb
595 2575 730 2605 hostibus
741 2577 855 2615 duplici
860 2577 961 2614 fosso:

259 2625 419 2656 rariorem
437 2625 525 2655 enim
541 2625 592 2655 hic
607 2626 712 2655 abtim
726 2632 736 2655 t
757 2627 881 2657 arcendi
897 2628 961 2668 sig-

259 2675 498 2708 nificationem.
558 2676 805 2716 Quadrigarius
836 2678 961 2709 Annal.

262 2735 331 2757 xn.
370 2727 379 2743 ‘
402 2726 530 2757 Milites
557 2725 695 2756 Metelli
725 2727 964 2758 sauciabantur

259 2777 370 2808 multo
398 2776 520 2818 minus,
545 2780 591 2816 et,
607 2776 696 2817 quod
721 2778 864 2808 maxime
880 2787 964 2820 opus

723 214 866 247 No'rAE
897 215 1161 248 VARIORUM
1196 217 1247 248 ΙΝ

1010 316 1095 350 erat,
1122 323 1139 342 a
1167 312 1274 352 pinnis
1300 311 1402 344 hostes
1435 312 1637 351 defendebant
1666 313 1712 347 fa-

1009 362 1159 393 cillime!
1206 363 1291 395 Quis
1318 372 1384 394 non
1411 362 1518 402 videt,
1543 363 1621 395 hinc
1636 373 1715 396 con-

1005 414 1177 454 jecturam
1200 420 1349 446 nostram
1366 425 1467 456 quam
1491 416 1636 447 maxime
1658 415 1715 448 fir-

1010 466 1114 496 mari?
1137 467 1236 498 Quod
1254 468 1359 498 multo
1375 467 1433 498 fiet
1450 465 1673 508 manifestius,
1687 467 1715 499 si

1011 515 1187 546 audiamus
1217 516 1260 548 Α.
1292 517 1440 550 Gellium
1476 517 1577 548 Noct.
1605 515 1714 548 Attio.

1010 573 1061 595 xx.
1079 568 1130 602 1.;
1154 566 1212 595 ubi
1227 566 1275 597 sic
1291 567 1367 598 ille:
1395 569 1403 584 ‘
1421 567 1522 600 Quod
1538 572 1652 597 autem
1666 566 1716 597 ait

1011 613 1099 644 idem
1123 614 1165 646 Q.
1183 616 1346 646 Claudius
1365 627 1385 647 α
1410 616 1517 657 pinnis
1540 616 1637 647 hostis
1662 617 1714 647 de-

1001 663 1174 700 smidebuut
1214 663 1397 704 facillime;
1443 665 1714 696 animadverten-

1011 713 1090 744 dum
1107 718 1161 744 est
1182 724 1278 744 usum
1296 724 1371 745 esse
1390 724 1466 745 eum
1483 715 1586 745 verbo
1609 714 1715 752 desen-

1009 764 1133 802 debant,
1149 774 1213 795 non
1232 774 1274 795 ex
1294 765 1423 803 vulgari
1455 764 1715 804 consuetudine,

1008 814 1069 845 sed
1087 815 1264 846 admodum
1284 814 1421 855 proprie
1435 818 1471 845 et
1490 812 1622 853 Latine,
1637 822 1716 844 uam

1009 863 1170 901 deffendere
1196 869 1232 895 et
1258 863 1423 904 offendere,
1447 863 1536 893 inter
1563 871 1635 893 sese
1658 862 1717 893 ad-

1010 924 1110 946 versa
1126 921 1217 955 sunt,
1234 925 1374 956 quorum
1391 916 1533 945 alterum
1550 913 1718 954 significat

1011 965 1149 1003 ἐμποδῶν
1165 965 1261 1005 ἔχειν,
1275 967 1419 996 alterum
1436 965 1469 995 ἐκ
1483 965 1583 995 ποδῶν
1603 964 1718 994 ποιεῖσ-

1011 1017 1072 1056 θαι,
1087 1016 1175 1056 quod
1198 1017 1260 1048 lioc
1287 1016 1318 1046 in
1348 1016 1423 1046 loco
1451 1016 1483 1045 iu
1513 1015 1555 1046 Q.
1573 1013 1716 1045 Claudio

1012 1065 1163 1097 dicitur.'
1197 1066 1297 1096 Silius
1315 1065 1454 1096 Italicus
1471 1073 1503 1096 v.
1519 1066 1594 1094 491.
1621 1063 1630 1080 ‘
1648 1063 1717 1094 De-

1005 1115 1136 1153 fendere
1150 1116 1265 1146 nescia
1295 1115 1394 1145 morti
1421 1112 1608 1146 Dedecus:
1669 1113 1716 1144 Et

1013 1174 1080 1196 vu.
1120 1168 1193 1196 170.
1253 1166 1261 1182 ‘
1288 1165 1379 1196 Pura
1428 1165 1518 1195 soliti
1555 1163 1718 1201 defendere

1015 1216 1174 1256 lympha!
1220 1215 1310 1246 Vide
1337 1215 1440 1246 etiam
1466 1219 1537 1245 not.
1554 1213 1596 1244 ad
1614 1214 1654 1244 B.
1673 1213 1717 1245 G·

1014 1275 1038 1297 1.
1056 1269 1107 1296 44.
1131 1266 1257 1306 Vulgg.
1285 1267 1486 1305 depelleretur
1511 1274 1553 1295 ex
1576 1264 1717 1304 hujusce

1015 1316 1111 1347 verbi
1135 1316 1432 1356 interpretatione,
1447 1320 1481 1345 et
1496 1315 1610 1355 duplici
1630 1313 1720 1352 fossa

1014 1366 1179 1396 omittunt
1194 1366 1236 1395 ob
1261 1365 1401 1404 primam
1426 1374 1543 1396 vocem
1566 1364 1717 1404 proxime

1015 1415 1206 1455 repetitam.
1235 1416 1350 1446 Datis.
1378 1419 1415 1446 et
1441 1416 1549 1446 Clark.
1574 1413 1720 1455 Egregie

1011 1468 1102 1498 hunc
1119 1467 1229 1498 locum
1258 1467 1410 1498 restituit
1435 1466 1607 1506 Davisius,
1627 1464 1717 1507 quod

1013 1526 1034 1547 e
1050 1517 1133 1548 meis
1153 1517 1336 1548 Codicibus
1352 1517 1476 1548 clarius
1493 1521 1601 1557 patet.
1629 1517 1718 1547 Nam

1014 1569 1181 1607 Bongars.
1211 1569 1307 1600 Voss.
1331 1568 1452 1600 Petav.
1481 1569 1606 1599 Lovan.
1650 1569 1718 1608 Eg-

1014 1619 1128 1649 mend.
1147 1619 1245 1650 Gott.
1263 1620 1370 1650 Dorv.
1387 1619 1483 1651 Leid.
1499 1628 1566 1650 sec.
1583 1622 1665 1650 tert.
1683 1622 1719 1649 et

1014 1669 1071 1699 alii
1087 1678 1163 1700 cum
1179 1669 1298 1708 primis
1313 1669 1398 1699 Edd.
1412 1669 1537 1699 liabent
1553 1671 1586 1699 ue
1603 1668 1641 1698 ab
1653 1668 1719 1699 hos-

1011 1719 1096 1750 tibus
1109 1720 1224 1759 duplici
1229 1719 1319 1756 fossa
1334 1720 1364 1749 d.
1380 1730 1414 1760 p.
1430 1730 1458 1750 o.
1470 1718 1719 1758 defenderentur,

1014 1771 1067 1800 vel
1082 1769 1310 1808 defenderetur.
1346 1770 1459 1801 Oxou.
1477 1774 1513 1800 et
1530 1768 1618 1801 And.
1641 1777 1717 1800 cum

1012 1819 1139 1860 Scalig.
1171 1819 1422 1859 adstipulantur
1454 1818 1622 1855 vulgatis;
1657 1818 1717 1849 sed

1013 1870 1091 1900 hinc
1110 1874 1204 1910 patet
1219 1869 1315 1900 hostis
1343 1879 1416 1899 esse
1434 1869 1467 1899 in
1485 1869 1558 1898 aliis
1583 1869 1664 1899 Mss.
1682 1872 1718 1900 at

1015 1919 1110 1951 Leid.
1124 1920 1202 1950 Sec.
1219 1919 1316 1950 hostis
1328 1925 1363 1950 et
1375 1919 1490 1959 duplici
1513 1919 1603 1957 fossa
1615 1928 1717 1960 agno-

1011 1971 1079 2001 scit
1093 1982 1101 2008 ;
1118 1970 1176 2001 sed
1190 1971 1537 2010 retinetdepclleretum
1550 1969 1639 2011 quod
1648 1970 1721 2002 sinc

1013 2021 1118 2052 dubio
1146 2031 1164 2051 e
1190 2021 1310 2052 Glossa
1338 2021 1516 2051 intrusum.
1559 2021 1659 2061 Saepe
1684 2021 1719 2051 in

1015 2072 1151 2103 Ca‘sare
1167 2077 1202 2103 et
1221 2072 1335 2103 Hirtio
1351 2072 1533 2109 usuvenit,
1548 2076 1586 2102 ut
1603 2081 1621 2102 e
1637 2071 1719 2103 dua—

1015 2121 1076 2152 bus
1091 2121 1292 2152 lectionibus
1307 2122 1442 2152 tertiani
1456 2121 1582 2151 elicere
1595 2120 1719 2152 debue-

1016 2171 1130 2211 rimus,
1148 2181 1223 2212 quae
1240 2172 1282 2201 ab
1300 2176 1441 2202 auctore
1466 2171 1716 2203 verosimillime

1015 2223 1149 2253 videtur
1163 2233 1236 2253 esse
1265 2222 1429 2262 profecta.
1475 2223 1531 2253 De.
1547 2221 1651 2252 verbo
1664 2222 1717 2253 de-

1005 2273 1139 2311 fendere
1164 2273 1217 2304 adi
1245 2273 1363 2303 Brant.
1388 2272 1429 2302 ad
1460 2282 1498 2303 11.
1525 2275 1578 2304 44.
1602 2276 1638 2304 et
1661 2272 1715 2303 Ill.

1015 2324 1136 2354 Heius,
1160 2323 1202 2354 ad
1231 2323 1332 2353 Ovid.
1361 2323 1470 2363 Epist.
1502 2323 1585 2354 Her.
1602 2332 1636 2354 v.
1662 2325 1714 2353 16.

1013 2374 1022 2390 ‘
1035 2374 1183 2405 Defensa
1193 2380 1244 2405 ost
1260 2374 1375 2405 humili
1389 2384 1474 2406 caua
1489 2374 1608 2414 pruina
1617 2372 1715 2404 casa!

1015 2425 1138 2466 Dictys
1153 2426 1243 2457 Cret.
1261 2433 1317 2456 ιιι.
1334 2428 1366 2455 7.
1388 2426 1396 2441 ‘
1414 2425 1513 2464 Regis
1526 2432 1642 2455 necem
1659 2423 1716 2454 de-

1015 2475 1213 2507 fenderent!
1238 2475 1333 2506 Infra
1359 2476 1397 2505 Β.
1415 2475 1489 2505 Civ.
1516 2483 1539 2505 ι.
1565 2477 1596 2505 7.
1620 2475 1629 2490 ‘
1647 2473 1713 2504 Im-

1014 2527 1182 2566 peratoris
1197 2527 1332 2566 injurias
1346 2524 1554 2556 defendere)
1570 2525 1609 2555 B.
1622 2526 1660 2555 (1.
1671 2533 1713 2555 ιι.

1013 2580 1044 2608 2.
1069 2580 1077 2593 ‘
1097 2584 1130 2607 ut
1149 2577 1357 2616 ignisjactm
1374 2581 1408 2606 et
1429 2574 1557 2614 lapides
1573 2573 1713 2606 defendi

1015 2626 1174 2668 possent.’
1221 2626 1318 2656 Adde
1345 2635 1373 2656 c.
1389 2628 1420 2655 9.
1449 2634 1504 2655 ιιι.
1523 2628 1596 2656 110.
1618 2625 1627 2641 ‘
1644 2624 1712 2656 vim

1012 2687 1145 2708 snorum
1161 2675 1417 2707 dest-ndvbant.’

1055 2727 1185 2767 Duplici
1212 2729 1476 2766 propugnatorum
1505 2727 1627 2766 ordine]
1656 2725 1712 2757 ΛΙ-

1009 2781 1088 2808 tero
1104 2776 1247 2815 scilicet,
1261 2776 1292 2805 in
1310 2776 1490 2816 pomilms;
1521 2777 1643 2817 altero,
1656 2775 1711 2807 snb
