<?xml version="1.0" encoding="UTF-8"?>
<!DOCTYPE html PUBLIC "-//W3C//DTD XHTML 1.0 Transitional//EN"
    "http://www.w3.org/TR/xhtml1/DTD/xhtml1-transitional.dtd">
<html xmlns="http://www.w3.org/1999/xhtml" xml:lang="en" lang="en">
 <head>
  <title>
</title>
<meta http-equiv="Content-Type" content="text/html;charset=utf-8" />
  <meta name='ocr-system' content='tesseract 3.04.00' />
  <meta name='ocr-capabilities' content='ocr_page ocr_carea ocr_par ocr_line ocrx_word'/>
</head>
<body>
  <div class='ocr_page' id='page_1' title='image "./operaomniaexedit03caesuoft_0455.png"; bbox 0 0 1883 3121; ppageno 0'>
   <div class='ocr_carea' id='block_1_1' title="bbox 496 208 1367 252">
    <p class='ocr_par' dir='ltr' id='par_1_1' title="bbox 496 208 1367 252">
     <span class='ocr_line' id='line_1_1' title="bbox 496 208 1367 252; baseline 0.001 -2"><span class='ocrx_word' id='word_1_1' title='bbox 496 208 974 251; x_wconf 45' lang='lat' dir='ltr'>Lnu1.cAr.43.Du</span> <span class='ocrx_word' id='word_1_2' title='bbox 1008 220 1164 250; x_wconf 60' lang='lat' dir='ltr'>nunno</span> <span class='ocrx_word' id='word_1_3' title='bbox 1197 221 1367 252; x_wconf 59' lang='lat' dir='ltr'>cnnLr</span> 
     </span>
    </p>
   </div>
   <div class='ocr_carea' id='block_1_2' title="bbox 178 313 895 1054">
    <p class='ocr_par' dir='ltr' id='par_1_2' title="bbox 189 313 895 693">
     <span class='ocr_line' id='line_1_2' title="bbox 193 313 893 355; baseline -0.007 -9"><span class='ocrx_word' id='word_1_4' title='bbox 193 313 282 346; x_wconf 84' lang='lat' dir='ltr'>Scal.</span> <span class='ocrx_word' id='word_1_5' title='bbox 300 313 395 346; x_wconf 85' lang='lat' dir='ltr'>Leid.</span> <span class='ocrx_word' id='word_1_6' title='bbox 412 324 462 355; x_wconf 85' lang='lat' dir='ltr'>pr.</span> <span class='ocrx_word' id='word_1_7' title='bbox 478 324 544 345; x_wconf 75' lang='lat' dir='ltr'>sec.</span> <span class='ocrx_word' id='word_1_8' title='bbox 563 314 672 345; x_wconf 77' lang='lat' dir='ltr'>Pnlat.</span> <span class='ocrx_word' id='word_1_9' title='bbox 690 313 787 342; x_wconf 71' lang='lat' dir='ltr'>Voss.</span> <span class='ocrx_word' id='word_1_10' title='bbox 806 313 893 342; x_wconf 82' lang='lat' dir='ltr'>Dor-</span> 
     </span>
     <span class='ocr_line' id='line_1_3' title="bbox 192 363 894 404; baseline -0.003 -10"><span class='ocrx_word' id='word_1_11' title='bbox 192 365 262 395; x_wconf 62' lang='lat' dir='ltr'>xm.</span> <span class='ocrx_word' id='word_1_12' title='bbox 289 369 324 395; x_wconf 88' lang='lat' dir='ltr'>ct</span> <span class='ocrx_word' id='word_1_13' title='bbox 351 364 435 394; x_wconf 72' lang='lat' dir='ltr'>Edd.</span> <span class='ocrx_word' id='word_1_14' title='bbox 455 365 584 404; x_wconf 72' lang='lat' dir='ltr'>primm,</span> <span class='ocrx_word' id='word_1_15' title='bbox 602 364 682 394; x_wconf 87' lang='lat' dir='ltr'>item</span> <span class='ocrx_word' id='word_1_16' title='bbox 702 363 801 393; x_wconf 83' lang='lat' dir='ltr'>Vasc.</span> <span class='ocrx_word' id='word_1_17' title='bbox 819 363 894 392; x_wconf 73' lang='lat' dir='ltr'>Su·-</span> 
     </span>
     <span class='ocr_line' id='line_1_4' title="bbox 192 412 893 453; baseline -0.001 -11"><span class='ocrx_word' id='word_1_18' title='bbox 192 413 307 452; x_wconf 80' lang='lat' dir='ltr'>pliani,</span> <span class='ocrx_word' id='word_1_19' title='bbox 322 417 383 444; x_wconf 55' lang='lat' dir='ltr'>«Rc.</span> <span class='ocrx_word' id='word_1_20' title='bbox 402 415 484 453; x_wconf 80' lang='lat' dir='ltr'>Cup.</span> <span class='ocrx_word' id='word_1_21' title='bbox 508 422 609 452; x_wconf 72' lang='lat' dir='ltr'>prmo.</span> <span class='ocrx_word' id='word_1_22' title='bbox 631 413 639 427; x_wconf 92' lang='lat'>‘</span> <span class='ocrx_word' id='word_1_23' title='bbox 657 412 893 452; x_wconf 74' lang='lat' dir='ltr'>diversamque</span> 
     </span>
     <span class='ocr_line' id='line_1_5' title="bbox 193 463 895 503; baseline -0.003 -9"><span class='ocrx_word' id='word_1_24' title='bbox 193 464 298 494; x_wconf 77' lang='lat' dir='ltr'>aciem</span> <span class='ocrx_word' id='word_1_25' title='bbox 313 464 437 494; x_wconf 80' lang='lat' dir='ltr'>induas</span> <span class='ocrx_word' id='word_1_26' title='bbox 453 463 556 503; x_wconf 84' lang='lat' dir='ltr'>partis</span> <span class='ocrx_word' id='word_1_27' title='bbox 570 463 770 493; x_wconf 56' lang='lat' dir='ltr'>constituit)</span> <span class='ocrx_word' id='word_1_28' title='bbox 791 464 895 493; x_wconf 79' lang='lat' dir='ltr'>l’lura</span> 
     </span>
     <span class='ocr_line' id='line_1_6' title="bbox 190 513 893 544; baseline 0 -1"><span class='ocrx_word' id='word_1_29' title='bbox 190 513 267 543; x_wconf 81' lang='lat' dir='ltr'>vide</span> <span class='ocrx_word' id='word_1_30' title='bbox 293 515 333 543; x_wconf 84' lang='lat' dir='ltr'>ad</span> <span class='ocrx_word' id='word_1_31' title='bbox 370 515 407 543; x_wconf 85' lang='lat' dir='ltr'>B.</span> <span class='ocrx_word' id='word_1_32' title='bbox 430 513 473 544; x_wconf 87' lang='lat' dir='ltr'>G.</span> <span class='ocrx_word' id='word_1_33' title='bbox 502 522 541 543; x_wconf 84' lang='lat'>11.</span> <span class='ocrx_word' id='word_1_34' title='bbox 568 516 618 543; x_wconf 79' lang='lat'>10.</span> <span class='ocrx_word' id='word_1_35' title='bbox 643 514 651 529; x_wconf 93' lang='lat'>‘</span> <span class='ocrx_word' id='word_1_36' title='bbox 668 513 764 543; x_wconf 77' lang='lat' dir='ltr'>Intra</span> <span class='ocrx_word' id='word_1_37' title='bbox 791 514 893 543; x_wconf 76' lang='lat' dir='ltr'>silvas</span> 
     </span>
     <span class='ocr_line' id='line_1_7' title="bbox 191 563 891 603; baseline 0.001 -10"><span class='ocrx_word' id='word_1_38' title='bbox 191 563 296 593; x_wconf 83' lang='lat' dir='ltr'>aciem</span> <span class='ocrx_word' id='word_1_39' title='bbox 324 564 524 603; x_wconf 74' lang='lat' dir='ltr'>ordinesque</span> <span class='ocrx_word' id='word_1_40' title='bbox 552 563 826 594; x_wconf 60' lang='lat' dir='ltr'>constituerant!</span> <span class='ocrx_word' id='word_1_41' title='bbox 853 565 891 594; x_wconf 82' lang='lat' dir='ltr'>B.</span> 
     </span>
     <span class='ocr_line' id='line_1_8' title="bbox 192 612 891 655; baseline 0.001 -11"><span class='ocrx_word' id='word_1_42' title='bbox 192 612 292 652; x_wconf 86' lang='lat' dir='ltr'>Hisp.</span> <span class='ocrx_word' id='word_1_43' title='bbox 311 624 340 644; x_wconf 90' lang='lat' dir='ltr'>c.</span> <span class='ocrx_word' id='word_1_44' title='bbox 365 617 417 644; x_wconf 82' lang='lat'>30.</span> <span class='ocrx_word' id='word_1_45' title='bbox 441 616 450 630; x_wconf 74' lang='lat'><strong>⁴</strong></span> <span class='ocrx_word' id='word_1_46' title='bbox 469 613 570 644; x_wconf 72' lang='lat' dir='ltr'>Acies</span> <span class='ocrx_word' id='word_1_47' title='bbox 592 623 661 644; x_wconf 81' lang='lat' dir='ltr'>xm</span> <span class='ocrx_word' id='word_1_48' title='bbox 679 614 797 655; x_wconf 83' lang='lat' dir='ltr'>aquilis</span> <span class='ocrx_word' id='word_1_49' title='bbox 813 623 891 645; x_wconf 91' lang='lat' dir='ltr'>con-</span> 
     </span>
     <span class='ocr_line' id='line_1_9' title="bbox 189 661 332 693; baseline 0.014 -2"><span class='ocrx_word' id='word_1_50' title='bbox 189 661 332 693; x_wconf 84' lang='lat' dir='ltr'>stituta.&#39;</span> 
     </span>
    </p>

    <p class='ocr_par' dir='ltr' id='par_1_3' title="bbox 178 712 893 1054">
     <span class='ocr_line' id='line_1_10' title="bbox 233 712 891 754; baseline 0.003 -11"><span class='ocrx_word' id='word_1_51' title='bbox 233 714 274 743; x_wconf 83' lang='lat'>19</span> <span class='ocrx_word' id='word_1_52' title='bbox 296 712 389 743; x_wconf 78' lang='lat' dir='ltr'>Acies</span> <span class='ocrx_word' id='word_1_53' title='bbox 412 714 507 744; x_wconf 80' lang='lat' dir='ltr'>tertia</span> <span class='ocrx_word' id='word_1_54' title='bbox 526 714 681 754; x_wconf 72' lang='lat' dir='ltr'>faciebat]</span> <span class='ocrx_word' id='word_1_55' title='bbox 716 715 780 745; x_wconf 74' lang='lat' dir='ltr'>Ms.</span> <span class='ocrx_word' id='word_1_56' title='bbox 810 716 891 753; x_wconf 78' lang='lat' dir='ltr'>Reg.</span> 
     </span>
     <span class='ocr_line' id='line_1_11' title="bbox 189 761 890 804; baseline 0.004 -12"><span class='ocrx_word' id='word_1_57' title='bbox 189 761 317 795; x_wconf 85' lang='lat' dir='ltr'>Eliens.</span> <span class='ocrx_word' id='word_1_58' title='bbox 342 768 375 793; x_wconf 79' lang='lat' dir='ltr'>et</span> <span class='ocrx_word' id='word_1_59' title='bbox 398 764 505 794; x_wconf 71' lang='lat' dir='ltr'>x&#39;ossii</span> <span class='ocrx_word' id='word_1_60' title='bbox 533 774 551 794; x_wconf 90' lang='lat' dir='ltr'>a</span> <span class='ocrx_word' id='word_1_61' title='bbox 575 764 670 794; x_wconf 68' lang='lat' dir='ltr'>ter-lia</span> <span class='ocrx_word' id='word_1_62' title='bbox 696 764 761 794; x_wconf 78' lang='lat' dir='ltr'>acie</span> <span class='ocrx_word' id='word_1_63' title='bbox 775 764 890 804; x_wconf 81' lang='lat' dir='ltr'>fiebat.</span> 
     </span>
     <span class='ocr_line' id='line_1_12' title="bbox 190 812 892 846; baseline 0.003 -3"><span class='ocrx_word' id='word_1_64' title='bbox 190 812 289 843; x_wconf 74' lang='lat' dir='ltr'>Quod</span> <span class='ocrx_word' id='word_1_65' title='bbox 314 813 402 843; x_wconf 85' lang='lat' dir='ltr'>idcin</span> <span class='ocrx_word' id='word_1_66' title='bbox 427 818 488 844; x_wconf 81' lang='lat' dir='ltr'>est.</span> <span class='ocrx_word' id='word_1_67' title='bbox 517 815 623 844; x_wconf 79' lang='lat' dir='ltr'>Clark.</span> <span class='ocrx_word' id='word_1_68' title='bbox 652 815 679 844; x_wconf 84' lang='lat' dir='ltr'><strong><em>A</em></strong></span> <span class='ocrx_word' id='word_1_69' title='bbox 706 815 801 844; x_wconf 73' lang='lat' dir='ltr'>tertia</span> <span class='ocrx_word' id='word_1_70' title='bbox 828 816 892 846; x_wconf 81' lang='lat' dir='ltr'>acie</span> 
     </span>
     <span class='ocr_line' id='line_1_13' title="bbox 178 860 891 903; baseline 0.007 -13"><span class='ocrx_word' id='word_1_71' title='bbox 178 860 281 900; x_wconf 83' lang='lat' dir='ltr'>fiebat</span> <span class='ocrx_word' id='word_1_72' title='bbox 311 862 412 892; x_wconf 81' lang='lat' dir='ltr'>etiam</span> <span class='ocrx_word' id='word_1_73' title='bbox 453 863 566 894; x_wconf 87' lang='lat' dir='ltr'>Ursiu.</span> <span class='ocrx_word' id='word_1_74' title='bbox 609 864 726 903; x_wconf 83' lang='lat' dir='ltr'>Cujac.</span> <span class='ocrx_word' id='word_1_75' title='bbox 771 865 891 896; x_wconf 75' lang='lat' dir='ltr'>Petav.</span> 
     </span>
     <span class='ocr_line' id='line_1_14' title="bbox 187 910 893 955; baseline 0.007 -15"><span class='ocrx_word' id='word_1_76' title='bbox 187 910 310 950; x_wconf 83' lang='lat' dir='ltr'>Scalig.</span> <span class='ocrx_word' id='word_1_77' title='bbox 327 914 460 944; x_wconf 72' lang='lat' dir='ltr'>Cari-ar.</span> <span class='ocrx_word' id='word_1_78' title='bbox 477 918 512 944; x_wconf 87' lang='lat' dir='ltr'>et</span> <span class='ocrx_word' id='word_1_79' title='bbox 527 914 689 953; x_wconf 80' lang='lat' dir='ltr'>Bongars.</span> <span class='ocrx_word' id='word_1_80' title='bbox 713 924 731 944; x_wconf 81' lang='lat' dir='ltr'>a</span> <span class='ocrx_word' id='word_1_81' title='bbox 748 924 790 945; x_wconf 88' lang='lat' dir='ltr'>m.</span> <span class='ocrx_word' id='word_1_82' title='bbox 811 925 859 955; x_wconf 88' lang='lat' dir='ltr'>pr.</span> <span class='ocrx_word' id='word_1_83' title='bbox 874 926 893 945; x_wconf 87' lang='grc' dir='ltr'><em>α</em></span> 
     </span>
     <span class='ocr_line' id='line_1_15' title="bbox 188 961 891 1005; baseline 0.009 -15"><span class='ocrx_word' id='word_1_84' title='bbox 188 961 345 1001; x_wconf 68' lang='lat' dir='ltr'>inflabat</span> <span class='ocrx_word' id='word_1_85' title='bbox 364 963 455 993; x_wconf 87' lang='lat' dir='ltr'>Leid.</span> <span class='ocrx_word' id='word_1_86' title='bbox 474 973 543 994; x_wconf 79' lang='lat' dir='ltr'>sec.</span> <span class='ocrx_word' id='word_1_87' title='bbox 562 972 630 994; x_wconf 81' lang='lat' dir='ltr'>xm</span> <span class='ocrx_word' id='word_1_88' title='bbox 647 965 712 995; x_wconf 85' lang='lat' dir='ltr'>acie</span> <span class='ocrx_word' id='word_1_89' title='bbox 732 965 823 996; x_wconf 84' lang='lat' dir='ltr'>Leid.</span> <span class='ocrx_word' id='word_1_90' title='bbox 842 975 891 1005; x_wconf 85' lang='lat' dir='ltr'>pr.</span> 
     </span>
     <span class='ocr_line' id='line_1_16' title="bbox 187 1011 890 1054; baseline 0.009 -15"><span class='ocrx_word' id='word_1_91' title='bbox 187 1014 223 1039; x_wconf 82' lang='lat' dir='ltr'>et</span> <span class='ocrx_word' id='word_1_92' title='bbox 239 1011 335 1041; x_wconf 82' lang='lat' dir='ltr'>Voss.</span> <span class='ocrx_word' id='word_1_93' title='bbox 361 1022 464 1053; x_wconf 85' lang='lat' dir='ltr'>quare</span> <span class='ocrx_word' id='word_1_94' title='bbox 488 1022 554 1043; x_wconf 91' lang='lat' dir='ltr'>nou</span> <span class='ocrx_word' id='word_1_95' title='bbox 579 1014 673 1054; x_wconf 87' lang='lat' dir='ltr'>potui</span> <span class='ocrx_word' id='word_1_96' title='bbox 699 1023 763 1044; x_wconf 89' lang='lat' dir='ltr'>nou</span> <span class='ocrx_word' id='word_1_97' title='bbox 789 1025 807 1044; x_wconf 86' lang='lat' dir='ltr'>a</span> <span class='ocrx_word' id='word_1_98' title='bbox 836 1024 890 1045; x_wconf 80' lang='grc' dir='ltr'><strong>ιιι.</strong></span> 
     </span>
    </p>
   </div>
   <div class='ocr_carea' id='block_1_3' title="bbox 186 1060 889 1143">
    <p class='ocr_par' dir='ltr' id='par_1_4' title="bbox 186 1060 889 1143">
     <span class='ocr_line' id='line_1_17' title="bbox 186 1060 889 1103; baseline 0.009 -13"><span class='ocrx_word' id='word_1_99' title='bbox 186 1060 252 1091; x_wconf 80' lang='lat' dir='ltr'>acie</span> <span class='ocrx_word' id='word_1_100' title='bbox 270 1062 371 1102; x_wconf 80' lang='lat' dir='ltr'>fiebat</span> <span class='ocrx_word' id='word_1_101' title='bbox 401 1073 579 1103; x_wconf 85' lang='lat' dir='ltr'>reponere,</span> <span class='ocrx_word' id='word_1_102' title='bbox 607 1069 702 1095; x_wconf 83' lang='lat' dir='ltr'>tanto</span> <span class='ocrx_word' id='word_1_103' title='bbox 733 1065 889 1096; x_wconf 88' lang='lat' dir='ltr'>codicum</span> 
     </span>
     <span class='ocr_line' id='line_1_18' title="bbox 187 1118 492 1143; baseline 0.01 -3"><span class='ocrx_word' id='word_1_104' title='bbox 187 1120 353 1142; x_wconf 86' lang='lat' dir='ltr'>consensu</span> <span class='ocrx_word' id='word_1_105' title='bbox 370 1118 492 1143; x_wconf 86' lang='lat' dir='ltr'>motus.</span> 
     </span>
    </p>
   </div>
   <div class='ocr_carea' id='block_1_4' title="bbox 184 1163 893 2804">
    <p class='ocr_par' dir='ltr' id='par_1_5' title="bbox 184 1163 891 2309">
     <span class='ocr_line' id='line_1_19' title="bbox 231 1163 891 1204; baseline 0.005 -12"><span class='ocrx_word' id='word_1_106' title='bbox 231 1169 319 1192; x_wconf 79' lang='grc' dir='ltr'><strong>Χιῐι.</strong></span> <span class='ocrx_word' id='word_1_107' title='bbox 345 1165 359 1192; x_wconf 94' lang='lat' dir='ltr'>l</span> <span class='ocrx_word' id='word_1_108' title='bbox 398 1164 488 1193; x_wconf 76' lang='lat' dir='ltr'>Intra</span> <span class='ocrx_word' id='word_1_109' title='bbox 515 1163 593 1193; x_wconf 82' lang='lat' dir='ltr'>hanc</span> <span class='ocrx_word' id='word_1_110' title='bbox 612 1163 734 1201; x_wconf 82' lang='lat' dir='ltr'>fossam</span> <span class='ocrx_word' id='word_1_111' title='bbox 759 1165 891 1204; x_wconf 79' lang='lat' dir='ltr'><em>legiones</em></span> 
     </span>
     <span class='ocr_line' id='line_1_20' title="bbox 184 1211 889 1252; baseline 0.007 -11"><span class='ocrx_word' id='word_1_112' title='bbox 184 1211 319 1252; x_wconf 74' lang='lat' dir='ltr'>reducit]</span> <span class='ocrx_word' id='word_1_113' title='bbox 350 1213 459 1244; x_wconf 87' lang='lat' dir='ltr'>Editt.</span> <span class='ocrx_word' id='word_1_114' title='bbox 486 1214 585 1245; x_wconf 86' lang='lat' dir='ltr'>Rom.</span> <span class='ocrx_word' id='word_1_115' title='bbox 611 1215 698 1246; x_wconf 87' lang='lat' dir='ltr'>Ven.</span> <span class='ocrx_word' id='word_1_116' title='bbox 728 1215 889 1246; x_wconf 84' lang='lat' dir='ltr'>Beroald.</span> 
     </span>
     <span class='ocr_line' id='line_1_21' title="bbox 185 1262 890 1305; baseline 0.007 -14"><span class='ocrx_word' id='word_1_117' title='bbox 185 1262 319 1301; x_wconf 77' lang='lat' dir='ltr'>legiones</span> <span class='ocrx_word' id='word_1_118' title='bbox 334 1264 465 1295; x_wconf 75' lang='lat' dir='ltr'>deducit.</span> <span class='ocrx_word' id='word_1_119' title='bbox 503 1264 558 1295; x_wconf 84' lang='lat' dir='ltr'>Sic</span> <span class='ocrx_word' id='word_1_120' title='bbox 573 1270 689 1295; x_wconf 88' lang='lat' dir='ltr'>noster</span> <span class='ocrx_word' id='word_1_121' title='bbox 705 1275 778 1296; x_wconf 89' lang='lat' dir='ltr'>cum</span> <span class='ocrx_word' id='word_1_122' title='bbox 797 1265 890 1305; x_wconf 86' lang='lat' dir='ltr'>alibi,</span> 
     </span>
     <span class='ocr_line' id='line_1_22' title="bbox 189 1313 889 1353; baseline 0.007 -12"><span class='ocrx_word' id='word_1_123' title='bbox 189 1316 258 1342; x_wconf 81' lang='lat' dir='ltr'>tuin</span> <span class='ocrx_word' id='word_1_124' title='bbox 287 1313 423 1353; x_wconf 79' lang='lat' dir='ltr'>hujusce</span> <span class='ocrx_word' id='word_1_125' title='bbox 453 1314 530 1344; x_wconf 84' lang='lat' dir='ltr'>libri</span> <span class='ocrx_word' id='word_1_126' title='bbox 553 1324 582 1345; x_wconf 90' lang='lat' dir='ltr'>c.</span> <span class='ocrx_word' id='word_1_127' title='bbox 599 1318 649 1346; x_wconf 72' lang='lat'>32.</span> <span class='ocrx_word' id='word_1_128' title='bbox 682 1317 690 1331; x_wconf 90' lang='lat'>‘</span> <span class='ocrx_word' id='word_1_129' title='bbox 705 1316 833 1346; x_wconf 79' lang='lat' dir='ltr'>Milites</span> <span class='ocrx_word' id='word_1_130' title='bbox 854 1317 889 1346; x_wconf 90' lang='lat' dir='ltr'>in</span> 
     </span>
     <span class='ocr_line' id='line_1_23' title="bbox 186 1363 888 1404; baseline 0.009 -13"><span class='ocrx_word' id='word_1_131' title='bbox 186 1363 342 1402; x_wconf 84' lang='lat' dir='ltr'>proxima</span> <span class='ocrx_word' id='word_1_132' title='bbox 358 1364 540 1404; x_wconf 86' lang='lat' dir='ltr'>municipia</span> <span class='ocrx_word' id='word_1_133' title='bbox 553 1365 714 1397; x_wconf 75' lang='lat' dir='ltr'>deducit.²</span> <span class='ocrx_word' id='word_1_134' title='bbox 748 1365 799 1397; x_wconf 87' lang='lat' dir='ltr'>Ac</span> <span class='ocrx_word' id='word_1_135' title='bbox 816 1367 888 1397; x_wconf 84' lang='lat' dir='ltr'>haec</span> 
     </span>
     <span class='ocr_line' id='line_1_24' title="bbox 187 1413 891 1453; baseline 0.009 -11"><span class='ocrx_word' id='word_1_136' title='bbox 187 1413 324 1453; x_wconf 91' lang='lat' dir='ltr'>quidem</span> <span class='ocrx_word' id='word_1_137' title='bbox 363 1415 464 1445; x_wconf 87' lang='lat' dir='ltr'>lectio</span> <span class='ocrx_word' id='word_1_138' title='bbox 500 1415 579 1445; x_wconf 80' lang='lat' dir='ltr'>mihi</span> <span class='ocrx_word' id='word_1_139' title='bbox 617 1416 752 1447; x_wconf 88' lang='lat' dir='ltr'>videtur</span> <span class='ocrx_word' id='word_1_140' title='bbox 797 1427 891 1448; x_wconf 88' lang='lat' dir='ltr'>revo-</span> 
     </span>
     <span class='ocr_line' id='line_1_25' title="bbox 188 1463 889 1506; baseline 0.006 -13"><span class='ocrx_word' id='word_1_141' title='bbox 188 1463 320 1501; x_wconf 82' lang='lat' dir='ltr'>canda;</span> <span class='ocrx_word' id='word_1_142' title='bbox 345 1473 454 1504; x_wconf 82' lang='lat' dir='ltr'>neque</span> <span class='ocrx_word' id='word_1_143' title='bbox 481 1465 572 1495; x_wconf 90' lang='lat' dir='ltr'>enim</span> <span class='ocrx_word' id='word_1_144' title='bbox 597 1465 713 1496; x_wconf 76' lang='lat' dir='ltr'>Caesar</span> <span class='ocrx_word' id='word_1_145' title='bbox 740 1466 889 1506; x_wconf 83' lang='lat' dir='ltr'><strong>legiones</strong></span> 
     </span>
     <span class='ocr_line' id='line_1_26' title="bbox 186 1512 889 1555; baseline 0.009 -12"><span class='ocrx_word' id='word_1_146' title='bbox 186 1512 220 1543; x_wconf 84' lang='lat' dir='ltr'>in</span> <span class='ocrx_word' id='word_1_147' title='bbox 244 1513 366 1545; x_wconf 87' lang='lat' dir='ltr'>fossam</span> <span class='ocrx_word' id='word_1_148' title='bbox 390 1516 481 1555; x_wconf 87' lang='lat' dir='ltr'>prius</span> <span class='ocrx_word' id='word_1_149' title='bbox 506 1516 661 1548; x_wconf 80' lang='lat' dir='ltr'>duxerat.</span> <span class='ocrx_word' id='word_1_150' title='bbox 686 1518 796 1548; x_wconf 76' lang='lat' dir='ltr'>Daris.</span> <span class='ocrx_word' id='word_1_151' title='bbox 823 1518 889 1548; x_wconf 88' lang='lat' dir='ltr'>De-</span> 
     </span>
     <span class='ocr_line' id='line_1_27' title="bbox 185 1563 889 1608; baseline 0.007 -15"><span class='ocrx_word' id='word_1_152' title='bbox 185 1563 271 1593; x_wconf 79' lang='lat' dir='ltr'>ducit</span> <span class='ocrx_word' id='word_1_153' title='bbox 300 1564 435 1605; x_wconf 87' lang='lat' dir='ltr'>quidem</span> <span class='ocrx_word' id='word_1_154' title='bbox 462 1565 545 1596; x_wconf 86' lang='lat' dir='ltr'>ferri</span> <span class='ocrx_word' id='word_1_155' title='bbox 568 1571 703 1606; x_wconf 82' lang='lat' dir='ltr'>potest3</span> <span class='ocrx_word' id='word_1_156' title='bbox 727 1566 889 1608; x_wconf 82' lang='lat' dir='ltr'>suffraga-</span> 
     </span>
     <span class='ocr_line' id='line_1_28' title="bbox 186 1615 889 1657; baseline 0.007 -14"><span class='ocrx_word' id='word_1_157' title='bbox 186 1618 307 1654; x_wconf 81' lang='lat' dir='ltr'>turque</span> <span class='ocrx_word' id='word_1_158' title='bbox 327 1615 393 1645; x_wconf 83' lang='lat' dir='ltr'>Ms.</span> <span class='ocrx_word' id='word_1_159' title='bbox 411 1616 495 1655; x_wconf 79' lang='lat' dir='ltr'>Reg.</span> <span class='ocrx_word' id='word_1_160' title='bbox 531 1615 578 1647; x_wconf 85' lang='lat' dir='ltr'>At</span> <span class='ocrx_word' id='word_1_161' title='bbox 594 1617 695 1656; x_wconf 89' lang='lat' dir='ltr'>ratio,</span> <span class='ocrx_word' id='word_1_162' title='bbox 711 1627 811 1657; x_wconf 87' lang='lat' dir='ltr'>quam</span> <span class='ocrx_word' id='word_1_163' title='bbox 833 1617 889 1648; x_wconf 87' lang='lat' dir='ltr'>ad-</span> 
     </span>
     <span class='ocr_line' id='line_1_29' title="bbox 185 1664 889 1709; baseline 0.007 -14"><span class='ocrx_word' id='word_1_164' title='bbox 185 1664 255 1696; x_wconf 86' lang='lat' dir='ltr'><strong>fert</strong></span> <span class='ocrx_word' id='word_1_165' title='bbox 291 1666 343 1696; x_wconf 89' lang='lat' dir='ltr'>vir</span> <span class='ocrx_word' id='word_1_166' title='bbox 386 1667 626 1707; x_wconf 69' lang='lat' dir='ltr'>Docfissimus,</span> <span class='ocrx_word' id='word_1_167' title='bbox 670 1669 889 1709; x_wconf 86' lang='lat' dir='ltr'>quamobrem</span> 
     </span>
     <span class='ocr_line' id='line_1_30' title="bbox 184 1716 888 1760; baseline 0.01 -13"><span class='ocrx_word' id='word_1_168' title='bbox 184 1716 289 1754; x_wconf 85' lang='lat' dir='ltr'>istud,</span> <span class='ocrx_word' id='word_1_169' title='bbox 303 1719 422 1750; x_wconf 76' lang='lat' dir='ltr'><strong><em>reducit</em></strong></span> <span class='ocrx_word' id='word_1_170' title='bbox 440 1720 587 1760; x_wconf 81' lang='lat' dir='ltr'>rejiciat,</span> <span class='ocrx_word' id='word_1_171' title='bbox 601 1721 693 1752; x_wconf 89' lang='lat' dir='ltr'>nihili</span> <span class='ocrx_word' id='word_1_172' title='bbox 712 1726 775 1753; x_wconf 87' lang='lat' dir='ltr'>est.</span> <span class='ocrx_word' id='word_1_173' title='bbox 802 1723 888 1753; x_wconf 89' lang='lat' dir='ltr'>Nam</span> 
     </span>
     <span class='ocr_line' id='line_1_31' title="bbox 186 1768 889 1812; baseline 0.009 -15"><span class='ocrx_word' id='word_1_174' title='bbox 186 1768 337 1808; x_wconf 85' lang='lat' dir='ltr'>quamvis</span> <span class='ocrx_word' id='word_1_175' title='bbox 361 1769 475 1800; x_wconf 78' lang='lat' dir='ltr'>Caesar</span> <span class='ocrx_word' id='word_1_176' title='bbox 499 1770 650 1810; x_wconf 81' lang='lat' dir='ltr'>legiones</span> <span class='ocrx_word' id='word_1_177' title='bbox 673 1780 738 1802; x_wconf 90' lang='lat' dir='ltr'>non</span> <span class='ocrx_word' id='word_1_178' title='bbox 755 1771 889 1812; x_wconf 90' lang='lat' dir='ltr'>quidem</span> 
     </span>
     <span class='ocr_line' id='line_1_32' title="bbox 186 1817 890 1860; baseline 0.01 -13"><span class='ocrx_word' id='word_1_179' title='bbox 186 1817 276 1848; x_wconf 86' lang='lat' dir='ltr'>intra</span> <span class='ocrx_word' id='word_1_180' title='bbox 291 1818 383 1849; x_wconf 81' lang='lat' dir='ltr'>istam</span> <span class='ocrx_word' id='word_1_181' title='bbox 391 1819 510 1856; x_wconf 83' lang='lat' dir='ltr'>fossam</span> <span class='ocrx_word' id='word_1_182' title='bbox 528 1821 616 1860; x_wconf 81' lang='lat' dir='ltr'>prius</span> <span class='ocrx_word' id='word_1_183' title='bbox 639 1821 839 1858; x_wconf 85' lang='lat' dir='ltr'>deduxerat,</span> <span class='ocrx_word' id='word_1_184' title='bbox 854 1827 890 1854; x_wconf 89' lang='lat' dir='ltr'>at</span> 
     </span>
     <span class='ocr_line' id='line_1_33' title="bbox 184 1867 888 1912; baseline 0.004 -13"><span class='ocrx_word' id='word_1_185' title='bbox 184 1877 242 1899; x_wconf 84' lang='lat' dir='ltr'>eas</span> <span class='ocrx_word' id='word_1_186' title='bbox 257 1867 353 1898; x_wconf 79' lang='lat' dir='ltr'>iscam</span> <span class='ocrx_word' id='word_1_187' title='bbox 368 1871 497 1900; x_wconf 81' lang='lat' dir='ltr'>eundem</span> <span class='ocrx_word' id='word_1_188' title='bbox 510 1870 543 1900; x_wconf 83' lang='lat' dir='ltr'>in</span> <span class='ocrx_word' id='word_1_189' title='bbox 567 1872 678 1909; x_wconf 86' lang='lat' dir='ltr'>locum,</span> <span class='ocrx_word' id='word_1_190' title='bbox 694 1871 756 1902; x_wconf 84' lang='lat' dir='ltr'>lioc</span> <span class='ocrx_word' id='word_1_191' title='bbox 773 1877 837 1912; x_wconf 79' lang='lat' dir='ltr'>est,</span> <span class='ocrx_word' id='word_1_192' title='bbox 854 1873 888 1902; x_wconf 89' lang='lat' dir='ltr'>in</span> 
     </span>
     <span class='ocr_line' id='line_1_34' title="bbox 186 1916 890 1960; baseline 0.009 -13"><span class='ocrx_word' id='word_1_193' title='bbox 186 1916 306 1948; x_wconf 88' lang='lat' dir='ltr'>eadem</span> <span class='ocrx_word' id='word_1_194' title='bbox 331 1922 454 1959; x_wconf 86' lang='lat' dir='ltr'>castra,</span> <span class='ocrx_word' id='word_1_195' title='bbox 479 1919 602 1960; x_wconf 87' lang='lat' dir='ltr'>quibus</span> <span class='ocrx_word' id='word_1_196' title='bbox 622 1920 693 1960; x_wconf 85' lang='lat' dir='ltr'>jam</span> <span class='ocrx_word' id='word_1_197' title='bbox 718 1920 808 1952; x_wconf 86' lang='lat' dir='ltr'>fossa</span> <span class='ocrx_word' id='word_1_198' title='bbox 832 1922 890 1953; x_wconf 88' lang='lat' dir='ltr'>illa</span> 
     </span>
     <span class='ocr_line' id='line_1_35' title="bbox 185 1968 888 2009; baseline 0.007 -11"><span class='ocrx_word' id='word_1_199' title='bbox 185 1968 363 2008; x_wconf 80' lang='lat' dir='ltr'>praeducta</span> <span class='ocrx_word' id='word_1_200' title='bbox 398 1974 486 2009; x_wconf 82' lang='lat' dir='ltr'>erat,</span> <span class='ocrx_word' id='word_1_201' title='bbox 523 1974 614 2001; x_wconf 81' lang='lat' dir='ltr'>antea</span> <span class='ocrx_word' id='word_1_202' title='bbox 651 1972 888 2004; x_wconf 81' lang='lat' dir='ltr'>collocaverat.</span> 
     </span>
     <span class='ocr_line' id='line_1_36' title="bbox 187 2019 888 2054; baseline 0.007 -5"><span class='ocrx_word' id='word_1_203' title='bbox 187 2019 295 2050; x_wconf 73' lang='lat' dir='ltr'>Clark.</span> <span class='ocrx_word' id='word_1_204' title='bbox 320 2020 457 2051; x_wconf 78' lang='lat' dir='ltr'>Deducit</span> <span class='ocrx_word' id='word_1_205' title='bbox 468 2030 486 2051; x_wconf 90' lang='lat' dir='ltr'>e</span> <span class='ocrx_word' id='word_1_206' title='bbox 502 2021 585 2052; x_wconf 83' lang='lat' dir='ltr'>meis</span> <span class='ocrx_word' id='word_1_207' title='bbox 602 2022 692 2053; x_wconf 84' lang='lat' dir='ltr'>solus</span> <span class='ocrx_word' id='word_1_208' title='bbox 708 2022 804 2054; x_wconf 88' lang='lat' dir='ltr'>Leid.</span> <span class='ocrx_word' id='word_1_209' title='bbox 820 2033 888 2054; x_wconf 89' lang='lat' dir='ltr'>sec.</span> 
     </span>
     <span class='ocr_line' id='line_1_37' title="bbox 185 2069 889 2103; baseline 0.006 -4"><span class='ocrx_word' id='word_1_210' title='bbox 185 2069 436 2100; x_wconf 82' lang='lat' dir='ltr'>recentissimus</span> <span class='ocrx_word' id='word_1_211' title='bbox 461 2075 497 2102; x_wconf 89' lang='lat' dir='ltr'>et</span> <span class='ocrx_word' id='word_1_212' title='bbox 529 2071 593 2101; x_wconf 85' lang='lat' dir='ltr'>Ed.</span> <span class='ocrx_word' id='word_1_213' title='bbox 620 2071 762 2102; x_wconf 88' lang='lat' dir='ltr'>Mediol.</span> <span class='ocrx_word' id='word_1_214' title='bbox 790 2073 889 2103; x_wconf 86' lang='lat' dir='ltr'>male.</span> 
     </span>
     <span class='ocr_line' id='line_1_38' title="bbox 187 2119 890 2162; baseline 0.006 -13"><span class='ocrx_word' id='word_1_215' title='bbox 187 2119 304 2150; x_wconf 82' lang='lat' dir='ltr'>Caesar</span> <span class='ocrx_word' id='word_1_216' title='bbox 334 2119 479 2151; x_wconf 82' lang='lat' dir='ltr'>duxerat</span> <span class='ocrx_word' id='word_1_217' title='bbox 502 2125 601 2152; x_wconf 79' lang='lat' dir='ltr'>antea</span> <span class='ocrx_word' id='word_1_218' title='bbox 624 2122 775 2162; x_wconf 81' lang='lat' dir='ltr'>legiones</span> <span class='ocrx_word' id='word_1_219' title='bbox 800 2123 890 2153; x_wconf 86' lang='lat' dir='ltr'>ultra</span> 
     </span>
     <span class='ocr_line' id='line_1_39' title="bbox 189 2170 890 2212; baseline 0.006 -13"><span class='ocrx_word' id='word_1_220' title='bbox 189 2178 266 2200; x_wconf 87' lang='lat' dir='ltr'>eum</span> <span class='ocrx_word' id='word_1_221' title='bbox 305 2170 427 2210; x_wconf 86' lang='lat' dir='ltr'>locum,</span> <span class='ocrx_word' id='word_1_222' title='bbox 457 2180 523 2212; x_wconf 91' lang='lat' dir='ltr'>quo</span> <span class='ocrx_word' id='word_1_223' title='bbox 551 2170 642 2202; x_wconf 82' lang='lat' dir='ltr'>fossa</span> <span class='ocrx_word' id='word_1_224' title='bbox 670 2171 797 2203; x_wconf 86' lang='lat' dir='ltr'>fiebat:</span> <span class='ocrx_word' id='word_1_225' title='bbox 832 2173 890 2203; x_wconf 86' lang='lat' dir='ltr'>illa</span> 
     </span>
     <span class='ocr_line' id='line_1_40' title="bbox 187 2217 890 2263; baseline 0.009 -14"><span class='ocrx_word' id='word_1_226' title='bbox 187 2217 291 2257; x_wconf 87' lang='lat' dir='ltr'>facta,</span> <span class='ocrx_word' id='word_1_227' title='bbox 322 2229 432 2250; x_wconf 84' lang='lat' dir='ltr'>rursus</span> <span class='ocrx_word' id='word_1_228' title='bbox 463 2220 596 2252; x_wconf 85' lang='lat' dir='ltr'>reducit</span> <span class='ocrx_word' id='word_1_229' title='bbox 625 2222 771 2263; x_wconf 82' lang='lat' dir='ltr'>legiones</span> <span class='ocrx_word' id='word_1_230' title='bbox 801 2223 890 2254; x_wconf 80' lang='lat' dir='ltr'>intra</span> 
     </span>
     <span class='ocr_line' id='line_1_41' title="bbox 185 2269 649 2309; baseline 0.009 -10"><span class='ocrx_word' id='word_1_231' title='bbox 185 2269 279 2299; x_wconf 87' lang='lat' dir='ltr'>illum</span> <span class='ocrx_word' id='word_1_232' title='bbox 296 2270 418 2309; x_wconf 89' lang='lat' dir='ltr'>locum,</span> <span class='ocrx_word' id='word_1_233' title='bbox 431 2271 501 2301; x_wconf 87' lang='lat' dir='ltr'>sive</span> <span class='ocrx_word' id='word_1_234' title='bbox 517 2271 649 2304; x_wconf 86' lang='lat' dir='ltr'>fossam.</span> 
     </span>
    </p>

    <p class='ocr_par' dir='ltr' id='par_1_6' title="bbox 187 2321 893 2804">
     <span class='ocr_line' id='line_1_42' title="bbox 232 2321 891 2365; baseline 0.009 -15"><span class='ocrx_word' id='word_1_235' title='bbox 232 2328 338 2351; x_wconf 78' lang='lat' dir='ltr'>xun.</span> <span class='ocrx_word' id='word_1_236' title='bbox 353 2323 373 2350; x_wconf 82' lang='lat'><strong>2</strong></span> <span class='ocrx_word' id='word_1_237' title='bbox 396 2321 565 2361; x_wconf 76' lang='lat' dir='ltr'>Planities]</span> <span class='ocrx_word' id='word_1_238' title='bbox 594 2323 748 2364; x_wconf 83' lang='lat' dir='ltr'>Scaliger</span> <span class='ocrx_word' id='word_1_239' title='bbox 762 2329 797 2355; x_wconf 89' lang='lat' dir='ltr'>et</span> <span class='ocrx_word' id='word_1_240' title='bbox 814 2330 891 2365; x_wconf 87' lang='lat' dir='ltr'>post</span> 
     </span>
     <span class='ocr_line' id='line_1_43' title="bbox 189 2369 890 2410; baseline 0.009 -11"><span class='ocrx_word' id='word_1_241' title='bbox 189 2378 264 2400; x_wconf 84' lang='lat' dir='ltr'>eum</span> <span class='ocrx_word' id='word_1_242' title='bbox 295 2369 582 2410; x_wconf 82' lang='lat' dir='ltr'>Jungermannus,</span> <span class='ocrx_word' id='word_1_243' title='bbox 613 2372 760 2404; x_wconf 85' lang='lat' dir='ltr'>Goduin.</span> <span class='ocrx_word' id='word_1_244' title='bbox 792 2375 890 2405; x_wconf 88' lang='lat' dir='ltr'>Mon-</span> 
     </span>
     <span class='ocr_line' id='line_1_44' title="bbox 187 2420 890 2464; baseline 0.01 -15"><span class='ocrx_word' id='word_1_245' title='bbox 187 2423 257 2450; x_wconf 75' lang='lat' dir='ltr'>tan.</span> <span class='ocrx_word' id='word_1_246' title='bbox 275 2420 393 2450; x_wconf 78' lang='lat' dir='ltr'>Davis.</span> <span class='ocrx_word' id='word_1_247' title='bbox 410 2422 474 2452; x_wconf 62' lang='grc' dir='ltr'>ἃς.</span> <span class='ocrx_word' id='word_1_248' title='bbox 497 2420 678 2453; x_wconf 89' lang='lat' dir='ltr'>ediderunt</span> <span class='ocrx_word' id='word_1_249' title='bbox 700 2423 754 2454; x_wconf 84' lang='lat' dir='ltr'>hie</span> <span class='ocrx_word' id='word_1_250' title='bbox 777 2423 829 2464; x_wconf 89' lang='lat' dir='ltr'>(et</span> <span class='ocrx_word' id='word_1_251' title='bbox 850 2425 890 2456; x_wconf 89' lang='lat' dir='ltr'>B.</span> 
     </span>
     <span class='ocr_line' id='line_1_45' title="bbox 189 2467 890 2505; baseline 0.01 -7"><span class='ocrx_word' id='word_1_252' title='bbox 189 2467 290 2499; x_wconf 80' lang='lat' dir='ltr'>Alex.</span> <span class='ocrx_word' id='word_1_253' title='bbox 320 2478 350 2500; x_wconf 90' lang='lat' dir='ltr'>c.</span> <span class='ocrx_word' id='word_1_254' title='bbox 380 2472 432 2500; x_wconf 82' lang='lat'>28.</span> <span class='ocrx_word' id='word_1_255' title='bbox 458 2475 496 2501; x_wconf 89' lang='lat' dir='ltr'>ut</span> <span class='ocrx_word' id='word_1_256' title='bbox 520 2475 555 2501; x_wconf 84' lang='lat' dir='ltr'>et</span> <span class='ocrx_word' id='word_1_257' title='bbox 580 2471 622 2502; x_wconf 92' lang='lat' dir='ltr'>B.</span> <span class='ocrx_word' id='word_1_258' title='bbox 649 2471 758 2504; x_wconf 86' lang='lat' dir='ltr'>Afric.</span> <span class='ocrx_word' id='word_1_259' title='bbox 783 2483 813 2504; x_wconf 88' lang='lat' dir='ltr'>c.</span> <span class='ocrx_word' id='word_1_260' title='bbox 839 2478 890 2505; x_wconf 88' lang='grc'>51.</span> 
     </span>
     <span class='ocr_line' id='line_1_46' title="bbox 190 2517 892 2563; baseline 0.01 -15"><span class='ocrx_word' id='word_1_261' title='bbox 190 2517 291 2558; x_wconf 80' lang='lat' dir='ltr'>Hisp.</span> <span class='ocrx_word' id='word_1_262' title='bbox 317 2528 345 2549; x_wconf 88' lang='lat' dir='ltr'>c.</span> <span class='ocrx_word' id='word_1_263' title='bbox 362 2521 392 2550; x_wconf 90' lang='grc'>7.</span> <span class='ocrx_word' id='word_1_264' title='bbox 416 2520 487 2558; x_wconf 72' lang='lat'>24.)</span> <span class='ocrx_word' id='word_1_265' title='bbox 506 2521 656 2560; x_wconf 78' lang='lat' dir='ltr'>planicies</span> <span class='ocrx_word' id='word_1_266' title='bbox 678 2523 733 2553; x_wconf 87' lang='lat' dir='ltr'>vel</span> <span class='ocrx_word' id='word_1_267' title='bbox 756 2524 892 2563; x_wconf 75' lang='lat' dir='ltr'>planicia</span> 
     </span>
     <span class='ocr_line' id='line_1_47' title="bbox 188 2568 891 2613; baseline 0.009 -15"><span class='ocrx_word' id='word_1_268' title='bbox 188 2576 232 2599; x_wconf 87' lang='lat' dir='ltr'>ex</span> <span class='ocrx_word' id='word_1_269' title='bbox 254 2568 367 2599; x_wconf 83' lang='lat' dir='ltr'>Ursini</span> <span class='ocrx_word' id='word_1_270' title='bbox 392 2569 517 2601; x_wconf 87' lang='lat' dir='ltr'>Codice</span> <span class='ocrx_word' id='word_1_271' title='bbox 543 2575 579 2601; x_wconf 79' lang='lat' dir='ltr'>et</span> <span class='ocrx_word' id='word_1_272' title='bbox 604 2581 780 2609; x_wconf 87' lang='lat' dir='ltr'>marmore,</span> <span class='ocrx_word' id='word_1_273' title='bbox 801 2574 891 2613; x_wconf 93' lang='lat' dir='ltr'>quod</span> 
     </span>
     <span class='ocr_line' id='line_1_48' title="bbox 190 2617 892 2661; baseline 0.009 -13"><span class='ocrx_word' id='word_1_274' title='bbox 190 2622 241 2648; x_wconf 78' lang='lat' dir='ltr'>est</span> <span class='ocrx_word' id='word_1_275' title='bbox 257 2617 346 2649; x_wconf 80' lang='lat' dir='ltr'>inter</span> <span class='ocrx_word' id='word_1_276' title='bbox 361 2619 569 2651; x_wconf 82' lang='lat' dir='ltr'>Gruteriana</span> <span class='ocrx_word' id='word_1_277' title='bbox 587 2631 619 2661; x_wconf 88' lang='lat' dir='ltr'>p.</span> <span class='ocrx_word' id='word_1_278' title='bbox 640 2624 710 2653; x_wconf 84' lang='lat'>151.</span> <span class='ocrx_word' id='word_1_279' title='bbox 737 2622 780 2653; x_wconf 88' lang='grc' dir='ltr'>Ν.</span> <span class='ocrx_word' id='word_1_280' title='bbox 802 2625 832 2654; x_wconf 86' lang='grc'>7.</span> <span class='ocrx_word' id='word_1_281' title='bbox 857 2623 892 2654; x_wconf 89' lang='lat' dir='ltr'>in</span> 
     </span>
     <span class='ocr_line' id='line_1_49' title="bbox 191 2668 892 2711; baseline 0.009 -15"><span class='ocrx_word' id='word_1_282' title='bbox 191 2675 256 2706; x_wconf 84' lang='lat' dir='ltr'>quo</span> <span class='ocrx_word' id='word_1_283' title='bbox 279 2670 392 2699; x_wconf 81' lang='lat' dir='ltr'>tamen</span> <span class='ocrx_word' id='word_1_284' title='bbox 413 2668 445 2699; x_wconf 71' lang='lat' dir='ltr'>in</span> <span class='ocrx_word' id='word_1_285' title='bbox 464 2670 630 2710; x_wconf 75' lang='lat' dir='ltr'>planitiam</span> <span class='ocrx_word' id='word_1_286' title='bbox 643 2680 653 2699; x_wconf 84' lang='grc'>.-</span> <span class='ocrx_word' id='word_1_287' title='bbox 673 2671 722 2701; x_wconf 83' lang='lat' dir='ltr'>uti</span> <span class='ocrx_word' id='word_1_288' title='bbox 746 2677 782 2702; x_wconf 88' lang='lat' dir='ltr'>et</span> <span class='ocrx_word' id='word_1_289' title='bbox 802 2671 892 2711; x_wconf 82' lang='lat' dir='ltr'>apud</span> 
     </span>
     <span class='ocr_line' id='line_1_50' title="bbox 191 2715 893 2761; baseline 0.01 -16"><span class='ocrx_word' id='word_1_290' title='bbox 191 2715 394 2749; x_wconf 80' lang='lat' dir='ltr'>Vitruvium.</span> <span class='ocrx_word' id='word_1_291' title='bbox 422 2719 553 2760; x_wconf 80' lang='lat' dir='ltr'>Saepius</span> <span class='ocrx_word' id='word_1_292' title='bbox 584 2719 673 2761; x_wconf 85' lang='lat' dir='ltr'>apud</span> <span class='ocrx_word' id='word_1_293' title='bbox 701 2721 828 2761; x_wconf 80' lang='lat' dir='ltr'>Hygin.</span> <span class='ocrx_word' id='word_1_294' title='bbox 857 2724 893 2752; x_wconf 88' lang='lat' dir='ltr'>et</span> 
     </span>
     <span class='ocr_line' id='line_1_51' title="bbox 191 2765 891 2804; baseline 0.009 -7"><span class='ocrx_word' id='word_1_295' title='bbox 191 2765 391 2800; x_wconf 81' lang='lat' dir='ltr'>Frontinum</span> <span class='ocrx_word' id='word_1_296' title='bbox 420 2768 464 2804; x_wconf 82' lang='lat' dir='ltr'>de</span> <span class='ocrx_word' id='word_1_297' title='bbox 493 2770 607 2804; x_wconf 86' lang='lat' dir='ltr'>Limit.</span> <span class='ocrx_word' id='word_1_298' title='bbox 646 2772 689 2802; x_wconf 81' lang='lat' dir='ltr'>V.</span> <span class='ocrx_word' id='word_1_299' title='bbox 721 2771 891 2803; x_wconf 85' lang='lat' dir='ltr'>Laurenb.</span> 
     </span>
    </p>
   </div>
   <div class='ocr_carea' id='block_1_5' title="bbox 1539 215 1651 258">
    <p class='ocr_par' dir='ltr' id='par_1_7' title="bbox 1539 215 1651 258">
     <span class='ocr_line' id='line_1_52' title="bbox 1539 215 1651 258; baseline 0.027 -3"><span class='ocrx_word' id='word_1_300' title='bbox 1539 215 1651 258; x_wconf 82' lang='lat'><strong>1373</strong></span> 
     </span>
    </p>
   </div>
   <div class='ocr_carea' id='block_1_6' title="bbox 939 312 1651 2816">
    <p class='ocr_par' dir='ltr' id='par_1_8' title="bbox 942 312 1649 557">
     <span class='ocr_line' id='line_1_53' title="bbox 948 312 1649 353; baseline 0.014 -12"><span class='ocrx_word' id='word_1_301' title='bbox 948 312 1126 353; x_wconf 72' lang='lat' dir='ltr'>Antiquar.</span> <span class='ocrx_word' id='word_1_302' title='bbox 1153 315 1212 347; x_wconf 82' lang='lat' dir='ltr'>liac</span> <span class='ocrx_word' id='word_1_303' title='bbox 1238 316 1341 347; x_wconf 83' lang='lat' dir='ltr'>Voce.</span> <span class='ocrx_word' id='word_1_304' title='bbox 1377 316 1430 346; x_wconf 85' lang='lat' dir='ltr'>Sic</span> <span class='ocrx_word' id='word_1_305' title='bbox 1453 320 1649 351; x_wconf 79' lang='lat' dir='ltr'>etmollilia:</span> 
     </span>
     <span class='ocr_line' id='line_1_54' title="bbox 946 363 1646 402; baseline 0.011 -11"><span class='ocrx_word' id='word_1_306' title='bbox 946 363 987 392; x_wconf 76' lang='lat' dir='ltr'>de</span> <span class='ocrx_word' id='word_1_307' title='bbox 1005 374 1068 402; x_wconf 76' lang='lat' dir='ltr'>qua</span> <span class='ocrx_word' id='word_1_308' title='bbox 1088 365 1161 394; x_wconf 76' lang='lat' dir='ltr'>vide</span> <span class='ocrx_word' id='word_1_309' title='bbox 1188 366 1228 395; x_wconf 82' lang='lat' dir='ltr'>ad</span> <span class='ocrx_word' id='word_1_310' title='bbox 1257 375 1316 396; x_wconf 74' lang='grc' dir='ltr'>ΠΙ.</span> <span class='ocrx_word' id='word_1_311' title='bbox 1335 369 1386 396; x_wconf 87' lang='grc'>77.</span> <span class='ocrx_word' id='word_1_312' title='bbox 1423 367 1489 397; x_wconf 82' lang='lat' dir='ltr'>Sed</span> <span class='ocrx_word' id='word_1_313' title='bbox 1505 368 1646 400; x_wconf 79' lang='lat' dir='ltr'>alioruin</span> 
     </span>
     <span class='ocr_line' id='line_1_55' title="bbox 946 413 1647 457; baseline 0.013 -17"><span class='ocrx_word' id='word_1_314' title='bbox 946 413 1077 452; x_wconf 76' lang='lat' dir='ltr'>uicique</span> <span class='ocrx_word' id='word_1_315' title='bbox 1101 425 1215 445; x_wconf 72' lang='lat' dir='ltr'>oiniies</span> <span class='ocrx_word' id='word_1_316' title='bbox 1238 417 1386 455; x_wconf 71' lang='lat' dir='ltr'>planities</span> <span class='ocrx_word' id='word_1_317' title='bbox 1410 423 1557 457; x_wconf 75' lang='lat' dir='ltr'>servant,</span> <span class='ocrx_word' id='word_1_318' title='bbox 1579 419 1647 450; x_wconf 70' lang='lat' dir='ltr'>sive</span> 
     </span>
     <span class='ocr_line' id='line_1_56' title="bbox 942 464 1645 502; baseline 0.014 -11"><span class='ocrx_word' id='word_1_319' title='bbox 942 464 1108 501; x_wconf 70' lang='lat' dir='ltr'>planicies:</span> <span class='ocrx_word' id='word_1_320' title='bbox 1134 471 1170 496; x_wconf 84' lang='lat' dir='ltr'>ut</span> <span class='ocrx_word' id='word_1_321' title='bbox 1197 467 1292 496; x_wconf 61' lang='lat' dir='ltr'>12.st</span> <span class='ocrx_word' id='word_1_322' title='bbox 1318 476 1356 497; x_wconf 83' lang='grc' dir='ltr'>ιι.</span> <span class='ocrx_word' id='word_1_323' title='bbox 1376 474 1405 498; x_wconf 66' lang='grc' dir='ltr'>ὅ.</span> <span class='ocrx_word' id='word_1_324' title='bbox 1432 478 1510 499; x_wconf 71' lang='grc' dir='ltr'>ΠΗ.</span> <span class='ocrx_word' id='word_1_325' title='bbox 1529 472 1578 500; x_wconf 68' lang='lat'>14.</span> <span class='ocrx_word' id='word_1_326' title='bbox 1605 472 1645 502; x_wconf 78' lang='lat' dir='ltr'>B.</span> 
     </span>
     <span class='ocr_line' id='line_1_57' title="bbox 946 513 1545 557; baseline 0.013 -14"><span class='ocrx_word' id='word_1_327' title='bbox 946 513 1055 544; x_wconf 75' lang='lat' dir='ltr'>Afric.</span> <span class='ocrx_word' id='word_1_328' title='bbox 1074 525 1103 543; x_wconf 77' lang='lat' dir='ltr'>c.</span> <span class='ocrx_word' id='word_1_329' title='bbox 1122 519 1173 545; x_wconf 75' lang='lat'>37.</span> <span class='ocrx_word' id='word_1_330' title='bbox 1200 517 1237 546; x_wconf 73' lang='grc' dir='ltr'>Β.</span> <span class='ocrx_word' id='word_1_331' title='bbox 1259 517 1356 557; x_wconf 70' lang='grc' dir='ltr'>Ηίψ.</span> <span class='ocrx_word' id='word_1_332' title='bbox 1375 530 1404 548; x_wconf 84' lang='lat' dir='ltr'>c.</span> <span class='ocrx_word' id='word_1_333' title='bbox 1424 523 1477 556; x_wconf 67' lang='lat'>28,</span> <span class='ocrx_word' id='word_1_334' title='bbox 1493 522 1545 551; x_wconf 72' lang='lat'>20.</span> 
     </span>
    </p>

    <p class='ocr_par' dir='ltr' id='par_1_9' title="bbox 939 564 1651 1645">
     <span class='ocr_line' id='line_1_58' title="bbox 987 564 1649 610; baseline 0.017 -19"><span class='ocrx_word' id='word_1_335' title='bbox 987 567 1006 591; x_wconf 73' lang='grc' dir='ltr'>ὅ</span> <span class='ocrx_word' id='word_1_336' title='bbox 1031 564 1204 604; x_wconf 65' lang='grc' dir='ltr'>[Μινυεία]</span> <span class='ocrx_word' id='word_1_337' title='bbox 1226 567 1366 597; x_wconf 74' lang='lat' dir='ltr'>Pru-tuli</span> <span class='ocrx_word' id='word_1_338' title='bbox 1384 570 1474 607; x_wconf 80' lang='lat' dir='ltr'>olim,</span> <span class='ocrx_word' id='word_1_339' title='bbox 1491 571 1578 610; x_wconf 89' lang='lat' dir='ltr'>quod</span> <span class='ocrx_word' id='word_1_340' title='bbox 1596 577 1649 602; x_wconf 72' lang='lat' dir='ltr'>est</span> 
     </span>
     <span class='ocr_line' id='line_1_59' title="bbox 945 613 1649 657; baseline 0.016 -15"><span class='ocrx_word' id='word_1_341' title='bbox 945 613 976 642; x_wconf 91' lang='lat' dir='ltr'>in</span> <span class='ocrx_word' id='word_1_342' title='bbox 1006 615 1130 645; x_wconf 77' lang='lat' dir='ltr'>Lovan.</span> <span class='ocrx_word' id='word_1_343' title='bbox 1163 616 1275 647; x_wconf 75' lang='lat' dir='ltr'>Paiat.</span> <span class='ocrx_word' id='word_1_344' title='bbox 1305 619 1413 657; x_wconf 67' lang='lat' dir='ltr'>Bong.</span> <span class='ocrx_word' id='word_1_345' title='bbox 1442 621 1585 652; x_wconf 91' lang='lat' dir='ltr'>Dorvill.</span> <span class='ocrx_word' id='word_1_346' title='bbox 1613 627 1649 653; x_wconf 90' lang='lat' dir='ltr'>et</span> 
     </span>
     <span class='ocr_line' id='line_1_60' title="bbox 946 664 1647 702; baseline 0.011 -8"><span class='ocrx_word' id='word_1_347' title='bbox 946 664 1040 694; x_wconf 82' lang='lat' dir='ltr'>Rom.</span> <span class='ocrx_word' id='word_1_348' title='bbox 1079 665 1164 695; x_wconf 80' lang='lat' dir='ltr'>Vcn.</span> <span class='ocrx_word' id='word_1_349' title='bbox 1206 676 1245 695; x_wconf 81' lang='lat' dir='ltr'>uc</span> <span class='ocrx_word' id='word_1_350' title='bbox 1285 668 1423 698; x_wconf 83' lang='lat' dir='ltr'>Mediol.</span> <span class='ocrx_word' id='word_1_351' title='bbox 1463 674 1647 702; x_wconf 70' lang='lat' dir='ltr'>constructa.</span> 
     </span>
     <span class='ocr_line' id='line_1_61' title="bbox 943 714 1649 752; baseline 0.011 -8"><span class='ocrx_word' id='word_1_352' title='bbox 943 714 1008 745; x_wconf 77' lang='lat' dir='ltr'>Sed</span> <span class='ocrx_word' id='word_1_353' title='bbox 1038 715 1158 746; x_wconf 79' lang='lat' dir='ltr'>Pctav.</span> <span class='ocrx_word' id='word_1_354' title='bbox 1187 721 1221 745; x_wconf 84' lang='lat' dir='ltr'>ct</span> <span class='ocrx_word' id='word_1_355' title='bbox 1255 717 1351 748; x_wconf 75' lang='lat' dir='ltr'>Voss.</span> <span class='ocrx_word' id='word_1_356' title='bbox 1382 722 1507 750; x_wconf 70' lang='lat' dir='ltr'>strue-la.</span> <span class='ocrx_word' id='word_1_357' title='bbox 1555 722 1649 752; x_wconf 81' lang='lat' dir='ltr'>Bene</span> 
     </span>
     <span class='ocr_line' id='line_1_62' title="bbox 943 766 1648 805; baseline 0.01 -11"><span class='ocrx_word' id='word_1_358' title='bbox 943 769 1137 805; x_wconf 80' lang='lat' dir='ltr'>utrumque.</span> <span class='ocrx_word' id='word_1_359' title='bbox 1186 766 1272 796; x_wconf 59' lang='lat' dir='ltr'>Vide</span> <span class='ocrx_word' id='word_1_360' title='bbox 1298 767 1339 797; x_wconf 84' lang='lat' dir='ltr'>ad</span> <span class='ocrx_word' id='word_1_361' title='bbox 1366 768 1517 799; x_wconf 85' lang='lat' dir='ltr'>Frontin.</span> <span class='ocrx_word' id='word_1_362' title='bbox 1542 772 1648 801; x_wconf 72' lang='lat' dir='ltr'>Strat.</span> 
     </span>
     <span class='ocr_line' id='line_1_63' title="bbox 944 816 1647 851; baseline 0.01 -7"><span class='ocrx_word' id='word_1_363' title='bbox 944 823 984 845; x_wconf 84' lang='lat'>11.</span> <span class='ocrx_word' id='word_1_364' title='bbox 1012 818 1062 845; x_wconf 83' lang='grc'>31.</span> <span class='ocrx_word' id='word_1_365' title='bbox 1090 816 1217 846; x_wconf 80' lang='lat' dir='ltr'>‘cornu</span> <span class='ocrx_word' id='word_1_366' title='bbox 1245 817 1460 849; x_wconf 73' lang='lat' dir='ltr'>validissimis</span> <span class='ocrx_word' id='word_1_367' title='bbox 1485 819 1647 851; x_wconf 72' lang='lat' dir='ltr'>militibus</span> 
     </span>
     <span class='ocr_line' id='line_1_64' title="bbox 943 866 1647 908; baseline 0.009 -13"><span class='ocrx_word' id='word_1_368' title='bbox 943 866 1164 897; x_wconf 62' lang='lat' dir='ltr'>extruxerat!</span> <span class='ocrx_word' id='word_1_369' title='bbox 1213 868 1304 898; x_wconf 81' lang='lat' dir='ltr'>Malo</span> <span class='ocrx_word' id='word_1_370' title='bbox 1339 869 1411 908; x_wconf 88' lang='lat' dir='ltr'>jam</span> <span class='ocrx_word' id='word_1_371' title='bbox 1451 873 1563 900; x_wconf 73' lang='lat' dir='ltr'>tamen</span> <span class='ocrx_word' id='word_1_372' title='bbox 1592 872 1647 902; x_wconf 81' lang='lat' dir='ltr'>liic</span> 
     </span>
     <span class='ocr_line' id='line_1_65' title="bbox 940 917 1649 961; baseline 0.008 -16"><span class='ocrx_word' id='word_1_373' title='bbox 940 918 1079 946; x_wconf 75' lang='lat' dir='ltr'>structa.-</span> <span class='ocrx_word' id='word_1_374' title='bbox 1104 917 1192 956; x_wconf 79' lang='lat' dir='ltr'>quod</span> <span class='ocrx_word' id='word_1_375' title='bbox 1219 926 1284 947; x_wconf 90' lang='lat' dir='ltr'>nou</span> <span class='ocrx_word' id='word_1_376' title='bbox 1306 918 1490 957; x_wconf 84' lang='lat' dir='ltr'>probantes</span> <span class='ocrx_word' id='word_1_377' title='bbox 1507 920 1649 961; x_wconf 79' lang='lat' dir='ltr'>librarii,</span> 
     </span>
     <span class='ocr_line' id='line_1_66' title="bbox 943 966 1648 1003; baseline 0.009 -8"><span class='ocrx_word' id='word_1_378' title='bbox 943 966 1026 995; x_wconf 75' lang='lat' dir='ltr'>alius</span> <span class='ocrx_word' id='word_1_379' title='bbox 1050 976 1116 1003; x_wconf 82' lang='lat' dir='ltr'>con,</span> <span class='ocrx_word' id='word_1_380' title='bbox 1135 967 1218 997; x_wconf 81' lang='lat' dir='ltr'>alius</span> <span class='ocrx_word' id='word_1_381' title='bbox 1234 968 1267 997; x_wconf 79' lang='lat' dir='ltr'>in</span> <span class='ocrx_word' id='word_1_382' title='bbox 1285 968 1455 999; x_wconf 78' lang='lat' dir='ltr'>addidisse</span> <span class='ocrx_word' id='word_1_383' title='bbox 1478 970 1648 1001; x_wconf 84' lang='lat' dir='ltr'>videntur.</span> 
     </span>
     <span class='ocr_line' id='line_1_67' title="bbox 942 1015 1649 1055; baseline 0.01 -11"><span class='ocrx_word' id='word_1_384' title='bbox 942 1015 1062 1055; x_wconf 58' lang='lat' dir='ltr'>virgil.</span> <span class='ocrx_word' id='word_1_385' title='bbox 1080 1016 1221 1048; x_wconf 77' lang='lat' dir='ltr'>AEn.1x.</span> <span class='ocrx_word' id='word_1_386' title='bbox 1244 1021 1291 1049; x_wconf 76' lang='lat'>12.</span> <span class='ocrx_word' id='word_1_387' title='bbox 1315 1018 1324 1034; x_wconf 84' lang='lat'>‘</span> <span class='ocrx_word' id='word_1_388' title='bbox 1345 1019 1419 1048; x_wconf 84' lang='lat' dir='ltr'>Neu</span> <span class='ocrx_word' id='word_1_389' title='bbox 1445 1024 1575 1050; x_wconf 71' lang='lat' dir='ltr'>struere</span> <span class='ocrx_word' id='word_1_390' title='bbox 1591 1030 1649 1051; x_wconf 89' lang='lat' dir='ltr'>au-</span> 
     </span>
     <span class='ocr_line' id='line_1_68' title="bbox 941 1063 1651 1101; baseline 0.011 -8"><span class='ocrx_word' id='word_1_391' title='bbox 941 1063 1062 1095; x_wconf 85' lang='lat' dir='ltr'>derent</span> <span class='ocrx_word' id='word_1_392' title='bbox 1083 1066 1213 1096; x_wconf 86' lang='lat' dir='ltr'>aciem.&#39;</span> <span class='ocrx_word' id='word_1_393' title='bbox 1240 1067 1353 1097; x_wconf 80' lang='lat' dir='ltr'>Livius</span> <span class='ocrx_word' id='word_1_394' title='bbox 1370 1077 1457 1099; x_wconf 65' lang='lat' dir='ltr'>xru.</span> <span class='ocrx_word' id='word_1_395' title='bbox 1471 1073 1523 1100; x_wconf 84' lang='lat'>51.</span> <span class='ocrx_word' id='word_1_396' title='bbox 1543 1070 1551 1086; x_wconf 91' lang='lat'>‘</span> <span class='ocrx_word' id='word_1_397' title='bbox 1568 1070 1651 1101; x_wconf 90' lang='lat' dir='ltr'>Om-</span> 
     </span>
     <span class='ocr_line' id='line_1_69' title="bbox 941 1118 1650 1158; baseline 0.014 -16"><span class='ocrx_word' id='word_1_398' title='bbox 941 1122 1067 1154; x_wconf 84' lang='lat' dir='ltr'>nesque</span> <span class='ocrx_word' id='word_1_399' title='bbox 1100 1120 1246 1146; x_wconf 88' lang='lat' dir='ltr'>armatos</span> <span class='ocrx_word' id='word_1_400' title='bbox 1283 1118 1316 1147; x_wconf 91' lang='lat' dir='ltr'>in</span> <span class='ocrx_word' id='word_1_401' title='bbox 1349 1128 1469 1158; x_wconf 86' lang='lat' dir='ltr'>campo</span> <span class='ocrx_word' id='word_1_402' title='bbox 1501 1121 1650 1151; x_wconf 64' lang='lat' dir='ltr'>struxit.y</span> 
     </span>
     <span class='ocr_line' id='line_1_70' title="bbox 939 1164 1647 1201; baseline 0.011 -8"><span class='ocrx_word' id='word_1_403' title='bbox 939 1164 1047 1194; x_wconf 84' lang='lat' dir='ltr'>Tacit.</span> <span class='ocrx_word' id='word_1_404' title='bbox 1079 1164 1169 1195; x_wconf 78' lang='lat' dir='ltr'>Hist.</span> <span class='ocrx_word' id='word_1_405' title='bbox 1195 1175 1243 1197; x_wconf 80' lang='grc' dir='ltr'>ιν.</span> <span class='ocrx_word' id='word_1_406' title='bbox 1270 1170 1322 1198; x_wconf 68' lang='grc'>24.</span> <span class='ocrx_word' id='word_1_407' title='bbox 1358 1168 1366 1184; x_wconf 88' lang='lat'>‘</span> <span class='ocrx_word' id='word_1_408' title='bbox 1384 1169 1525 1199; x_wconf 85' lang='lat' dir='ltr'>Civilem</span> <span class='ocrx_word' id='word_1_409' title='bbox 1556 1174 1647 1201; x_wconf 85' lang='lat' dir='ltr'>stare</span> 
     </span>
     <span class='ocr_line' id='line_1_71' title="bbox 940 1217 1649 1254; baseline 0.011 -11"><span class='ocrx_word' id='word_1_410' title='bbox 940 1217 1071 1254; x_wconf 84' lang='lat' dir='ltr'>contra,</span> <span class='ocrx_word' id='word_1_411' title='bbox 1099 1219 1231 1246; x_wconf 82' lang='lat' dir='ltr'>struere</span> <span class='ocrx_word' id='word_1_412' title='bbox 1259 1217 1389 1248; x_wconf 59' lang='lat' dir='ltr'>aciem)</span> <span class='ocrx_word' id='word_1_413' title='bbox 1414 1227 1445 1249; x_wconf 87' lang='lat' dir='ltr'>x.</span> <span class='ocrx_word' id='word_1_414' title='bbox 1477 1222 1527 1249; x_wconf 91' lang='grc'>11.</span> <span class='ocrx_word' id='word_1_415' title='bbox 1561 1220 1570 1236; x_wconf 87' lang='lat'>‘</span> <span class='ocrx_word' id='word_1_416' title='bbox 1588 1219 1649 1251; x_wconf 80' lang='lat' dir='ltr'>Ju-</span> 
     </span>
     <span class='ocr_line' id='line_1_72' title="bbox 940 1263 1648 1304; baseline 0.01 -11"><span class='ocrx_word' id='word_1_417' title='bbox 940 1263 1003 1294; x_wconf 78' lang='lat' dir='ltr'>daei</span> <span class='ocrx_word' id='word_1_418' title='bbox 1019 1263 1082 1294; x_wconf 89' lang='lat' dir='ltr'>sub</span> <span class='ocrx_word' id='word_1_419' title='bbox 1097 1264 1186 1304; x_wconf 84' lang='lat' dir='ltr'>ipsos</span> <span class='ocrx_word' id='word_1_420' title='bbox 1204 1275 1316 1296; x_wconf 74' lang='lat' dir='ltr'>muros</span> <span class='ocrx_word' id='word_1_421' title='bbox 1331 1271 1486 1299; x_wconf 85' lang='lat' dir='ltr'>struxere</span> <span class='ocrx_word' id='word_1_422' title='bbox 1501 1269 1610 1300; x_wconf 83' lang='lat' dir='ltr'>aciem</span> <span class='ocrx_word' id='word_1_423' title='bbox 1627 1269 1648 1300; x_wconf 86' lang='lat'>:⁷</span> 
     </span>
     <span class='ocr_line' id='line_1_73' title="bbox 940 1313 1646 1358; baseline 0.011 -16"><span class='ocrx_word' id='word_1_424' title='bbox 940 1313 1040 1343; x_wconf 90' lang='lat' dir='ltr'>immo</span> <span class='ocrx_word' id='word_1_425' title='bbox 1071 1318 1186 1344; x_wconf 76' lang='lat' dir='ltr'>noster</span> <span class='ocrx_word' id='word_1_426' title='bbox 1217 1324 1271 1346; x_wconf 92' lang='lat'>111.</span> <span class='ocrx_word' id='word_1_427' title='bbox 1303 1319 1354 1347; x_wconf 82' lang='lat'>37.</span> <span class='ocrx_word' id='word_1_428' title='bbox 1390 1319 1543 1358; x_wconf 83' lang='lat' dir='ltr'>‘Copias</span> <span class='ocrx_word' id='word_1_429' title='bbox 1568 1325 1646 1351; x_wconf 87' lang='lat' dir='ltr'>aute</span> 
     </span>
     <span class='ocr_line' id='line_1_74' title="bbox 939 1361 1646 1401; baseline 0.013 -9"><span class='ocrx_word' id='word_1_430' title='bbox 939 1361 1084 1393; x_wconf 81' lang='lat' dir='ltr'>frontem</span> <span class='ocrx_word' id='word_1_431' title='bbox 1102 1370 1289 1395; x_wconf 86' lang='lat' dir='ltr'>castrorum</span> <span class='ocrx_word' id='word_1_432' title='bbox 1307 1367 1432 1398; x_wconf 86' lang='lat' dir='ltr'>struit.’</span> <span class='ocrx_word' id='word_1_433' title='bbox 1476 1368 1530 1399; x_wconf 80' lang='lat' dir='ltr'>sic</span> <span class='ocrx_word' id='word_1_434' title='bbox 1556 1371 1646 1401; x_wconf 89' lang='lat' dir='ltr'>enim</span> 
     </span>
     <span class='ocr_line' id='line_1_75' title="bbox 941 1412 1647 1458; baseline 0.01 -16"><span class='ocrx_word' id='word_1_435' title='bbox 941 1412 1023 1443; x_wconf 90' lang='lat' dir='ltr'>Mss.</span> <span class='ocrx_word' id='word_1_436' title='bbox 1041 1417 1076 1443; x_wconf 82' lang='lat' dir='ltr'>et</span> <span class='ocrx_word' id='word_1_437' title='bbox 1091 1413 1180 1444; x_wconf 89' lang='lat' dir='ltr'>Edd.</span> <span class='ocrx_word' id='word_1_438' title='bbox 1203 1414 1297 1445; x_wconf 78' lang='lat' dir='ltr'>Vett.</span> <span class='ocrx_word' id='word_1_439' title='bbox 1334 1416 1520 1448; x_wconf 76' lang='lat' dir='ltr'>Construere</span> <span class='ocrx_word' id='word_1_440' title='bbox 1542 1420 1647 1458; x_wconf 83' lang='lat' dir='ltr'>magis</span> 
     </span>
     <span class='ocr_line' id='line_1_76' title="bbox 941 1461 1646 1507; baseline 0.013 -16"><span class='ocrx_word' id='word_1_441' title='bbox 941 1461 1076 1492; x_wconf 89' lang='lat' dir='ltr'>videtur</span> <span class='ocrx_word' id='word_1_442' title='bbox 1093 1468 1210 1494; x_wconf 85' lang='lat' dir='ltr'>notare</span> <span class='ocrx_word' id='word_1_443' title='bbox 1227 1466 1421 1497; x_wconf 84' lang='lat' dir='ltr'>continuam</span> <span class='ocrx_word' id='word_1_444' title='bbox 1438 1471 1473 1498; x_wconf 81' lang='lat' dir='ltr'>et</span> <span class='ocrx_word' id='word_1_445' title='bbox 1489 1467 1646 1507; x_wconf 88' lang='lat' dir='ltr'>junctam</span> 
     </span>
     <span class='ocr_line' id='line_1_77' title="bbox 940 1513 1645 1553; baseline 0.01 -10"><span class='ocrx_word' id='word_1_446' title='bbox 940 1513 1108 1553; x_wconf 82' lang='lat' dir='ltr'>legionum</span> <span class='ocrx_word' id='word_1_447' title='bbox 1123 1515 1176 1545; x_wconf 89' lang='lat' dir='ltr'>vel</span> <span class='ocrx_word' id='word_1_448' title='bbox 1194 1516 1369 1546; x_wconf 80' lang='lat' dir='ltr'>coliortum</span> <span class='ocrx_word' id='word_1_449' title='bbox 1383 1517 1645 1550; x_wconf 83' lang='lat' dir='ltr'>instructuram:</span> 
     </span>
     <span class='ocr_line' id='line_1_78' title="bbox 941 1563 1647 1606; baseline 0.008 -13"><span class='ocrx_word' id='word_1_450' title='bbox 941 1572 1015 1593; x_wconf 88' lang='lat' dir='ltr'>cum</span> <span class='ocrx_word' id='word_1_451' title='bbox 1032 1563 1084 1594; x_wconf 85' lang='lat' dir='ltr'>hic</span> <span class='ocrx_word' id='word_1_452' title='bbox 1101 1570 1222 1605; x_wconf 85' lang='lat' dir='ltr'>agatur</span> <span class='ocrx_word' id='word_1_453' title='bbox 1239 1565 1281 1596; x_wconf 88' lang='lat' dir='ltr'>de</span> <span class='ocrx_word' id='word_1_454' title='bbox 1299 1566 1442 1606; x_wconf 89' lang='lat' dir='ltr'>simplici</span> <span class='ocrx_word' id='word_1_455' title='bbox 1467 1568 1552 1599; x_wconf 85' lang='lat' dir='ltr'>aciei</span> <span class='ocrx_word' id='word_1_456' title='bbox 1569 1579 1647 1601; x_wconf 90' lang='lat' dir='ltr'>con-</span> 
     </span>
     <span class='ocr_line' id='line_1_79' title="bbox 940 1613 1131 1645; baseline 0.016 -3"><span class='ocrx_word' id='word_1_457' title='bbox 940 1613 1131 1645; x_wconf 82' lang='lat' dir='ltr'>stitutione.</span> 
     </span>
    </p>

    <p class='ocr_par' dir='ltr' id='par_1_10' title="bbox 940 1663 1648 2816">
     <span class='ocr_line' id='line_1_80' title="bbox 982 1663 1648 1708; baseline 0.011 -15"><span class='ocrx_word' id='word_1_458' title='bbox 982 1663 1211 1704; x_wconf 68' lang='lat' dir='ltr'>Antesignanos</span> <span class='ocrx_word' id='word_1_459' title='bbox 1234 1668 1434 1708; x_wconf 80' lang='lat' dir='ltr'>praecurrere]</span> <span class='ocrx_word' id='word_1_460' title='bbox 1471 1668 1565 1699; x_wconf 86' lang='lat' dir='ltr'>Nihil</span> <span class='ocrx_word' id='word_1_461' title='bbox 1589 1679 1648 1700; x_wconf 83' lang='lat' dir='ltr'>no-</span> 
     </span>
     <span class='ocr_line' id='line_1_81' title="bbox 940 1717 1647 1758; baseline 0.01 -15"><span class='ocrx_word' id='word_1_462' title='bbox 940 1717 1096 1745; x_wconf 85' lang='lat' dir='ltr'>vaturum</span> <span class='ocrx_word' id='word_1_463' title='bbox 1115 1721 1253 1747; x_wconf 89' lang='lat' dir='ltr'>movent</span> <span class='ocrx_word' id='word_1_464' title='bbox 1274 1726 1311 1747; x_wconf 81' lang='lat' dir='ltr'>1v</span> <span class='ocrx_word' id='word_1_465' title='bbox 1337 1717 1419 1748; x_wconf 83' lang='lat' dir='ltr'>Mss.</span> <span class='ocrx_word' id='word_1_466' title='bbox 1446 1718 1562 1758; x_wconf 88' lang='lat' dir='ltr'>Cujac.</span> <span class='ocrx_word' id='word_1_467' title='bbox 1585 1719 1647 1750; x_wconf 89' lang='lat' dir='ltr'>Pe-</span> 
     </span>
     <span class='ocr_line' id='line_1_82' title="bbox 942 1764 1648 1808; baseline 0.006 -13"><span class='ocrx_word' id='word_1_468' title='bbox 942 1768 1009 1796; x_wconf 85' lang='lat' dir='ltr'>tav.</span> <span class='ocrx_word' id='word_1_469' title='bbox 1042 1764 1155 1797; x_wconf 78' lang='lat' dir='ltr'>Paiat.</span> <span class='ocrx_word' id='word_1_470' title='bbox 1192 1767 1301 1807; x_wconf 86' lang='lat' dir='ltr'>Bong.</span> <span class='ocrx_word' id='word_1_471' title='bbox 1332 1777 1474 1808; x_wconf 88' lang='lat' dir='ltr'>quorum</span> <span class='ocrx_word' id='word_1_472' title='bbox 1503 1769 1648 1799; x_wconf 89' lang='lat' dir='ltr'>auctori-</span> 
     </span>
     <span class='ocr_line' id='line_1_83' title="bbox 941 1816 1646 1857; baseline 0.007 -12"><span class='ocrx_word' id='word_1_473' title='bbox 941 1819 1013 1846; x_wconf 89' lang='lat' dir='ltr'>tate</span> <span class='ocrx_word' id='word_1_474' title='bbox 1040 1816 1149 1846; x_wconf 85' lang='lat' dir='ltr'>scribo</span> <span class='ocrx_word' id='word_1_475' title='bbox 1174 1827 1367 1857; x_wconf 80' lang='lat' dir='ltr'>procurrere.</span> <span class='ocrx_word' id='word_1_476' title='bbox 1402 1818 1535 1850; x_wconf 73' lang='lat' dir='ltr'>Vossius.</span> <span class='ocrx_word' id='word_1_477' title='bbox 1561 1819 1646 1850; x_wconf 91' lang='lat' dir='ltr'>Cum</span> 
     </span>
     <span class='ocr_line' id='line_1_84' title="bbox 941 1865 1646 1910; baseline 0.009 -15"><span class='ocrx_word' id='word_1_478' title='bbox 941 1865 980 1895; x_wconf 89' lang='lat' dir='ltr'>iis</span> <span class='ocrx_word' id='word_1_479' title='bbox 996 1865 1079 1897; x_wconf 83' lang='lat' dir='ltr'>facit</span> <span class='ocrx_word' id='word_1_480' title='bbox 1095 1867 1160 1897; x_wconf 89' lang='lat' dir='ltr'>Ms.</span> <span class='ocrx_word' id='word_1_481' title='bbox 1181 1868 1316 1899; x_wconf 87' lang='lat' dir='ltr'>Norvic.</span> <span class='ocrx_word' id='word_1_482' title='bbox 1334 1869 1444 1900; x_wconf 79' lang='lat' dir='ltr'>Dacis.</span> <span class='ocrx_word' id='word_1_483' title='bbox 1463 1869 1545 1901; x_wconf 80' lang='lat' dir='ltr'>Mss.</span> <span class='ocrx_word' id='word_1_484' title='bbox 1559 1870 1646 1910; x_wconf 88' lang='lat' dir='ltr'>Reg.</span> 
     </span>
     <span class='ocr_line' id='line_1_85' title="bbox 940 1915 1645 1957; baseline 0.006 -12"><span class='ocrx_word' id='word_1_485' title='bbox 940 1915 1069 1947; x_wconf 88' lang='lat' dir='ltr'>Eliens.</span> <span class='ocrx_word' id='word_1_486' title='bbox 1088 1922 1123 1946; x_wconf 88' lang='lat' dir='ltr'>et</span> <span class='ocrx_word' id='word_1_487' title='bbox 1139 1916 1251 1947; x_wconf 81' lang='lat' dir='ltr'>Vossii</span> <span class='ocrx_word' id='word_1_488' title='bbox 1262 1927 1453 1957; x_wconf 81' lang='lat' dir='ltr'>procurrere.</span> <span class='ocrx_word' id='word_1_489' title='bbox 1478 1919 1563 1951; x_wconf 81' lang='lat' dir='ltr'>Quae</span> <span class='ocrx_word' id='word_1_490' title='bbox 1580 1929 1645 1950; x_wconf 79' lang='lat' dir='ltr'>vox</span> 
     </span>
     <span class='ocr_line' id='line_1_86' title="bbox 941 1966 1645 2009; baseline 0.009 -13"><span class='ocrx_word' id='word_1_491' title='bbox 941 1966 1069 1997; x_wconf 72' lang='lat' dir='ltr'>Caesari</span> <span class='ocrx_word' id='word_1_492' title='bbox 1088 1967 1226 1999; x_wconf 86' lang='lat' dir='ltr'>usitata.</span> <span class='ocrx_word' id='word_1_493' title='bbox 1273 1969 1321 1999; x_wconf 90' lang='lat' dir='ltr'>Ut</span> <span class='ocrx_word' id='word_1_494' title='bbox 1340 1969 1410 2009; x_wconf 90' lang='lat' dir='ltr'>jam</span> <span class='ocrx_word' id='word_1_495' title='bbox 1435 1968 1523 2000; x_wconf 86' lang='lat' dir='ltr'>infra</span> <span class='ocrx_word' id='word_1_496' title='bbox 1546 1979 1576 2002; x_wconf 87' lang='lat' dir='ltr'>c.</span> <span class='ocrx_word' id='word_1_497' title='bbox 1592 1973 1645 2003; x_wconf 79' lang='grc'>44.</span> 
     </span>
     <span class='ocr_line' id='line_1_87' title="bbox 943 2016 1648 2060; baseline 0.01 -15"><span class='ocrx_word' id='word_1_498' title='bbox 943 2016 1050 2048; x_wconf 81' lang='lat' dir='ltr'>Clark.</span> <span class='ocrx_word' id='word_1_499' title='bbox 1080 2017 1122 2048; x_wconf 90' lang='lat' dir='ltr'>B.</span> <span class='ocrx_word' id='word_1_500' title='bbox 1139 2018 1212 2048; x_wconf 84' lang='lat' dir='ltr'>Civ.</span> <span class='ocrx_word' id='word_1_501' title='bbox 1228 2027 1271 2049; x_wconf 89' lang='lat'>11.</span> <span class='ocrx_word' id='word_1_502' title='bbox 1286 2022 1337 2050; x_wconf 83' lang='grc'>34.</span> <span class='ocrx_word' id='word_1_503' title='bbox 1353 2021 1369 2059; x_wconf 48' lang='grc' dir='ltr'>ᾗ</span> <span class='ocrx_word' id='word_1_504' title='bbox 1387 2024 1416 2050; x_wconf 88' lang='lat'>5.</span> <span class='ocrx_word' id='word_1_505' title='bbox 1440 2021 1448 2036; x_wconf 91' lang='lat'>‘</span> <span class='ocrx_word' id='word_1_506' title='bbox 1467 2021 1648 2060; x_wconf 61' lang='lat' dir='ltr'>praecurrit</span> 
     </span>
     <span class='ocr_line' id='line_1_88' title="bbox 941 2067 1646 2109; baseline 0.01 -14"><span class='ocrx_word' id='word_1_507' title='bbox 941 2070 1020 2097; x_wconf 89' lang='lat' dir='ltr'>ante</span> <span class='ocrx_word' id='word_1_508' title='bbox 1049 2067 1188 2098; x_wconf 67' lang='lat' dir='ltr'>omnes!</span> <span class='ocrx_word' id='word_1_509' title='bbox 1235 2068 1301 2099; x_wconf 91' lang='lat' dir='ltr'>Sed</span> <span class='ocrx_word' id='word_1_510' title='bbox 1324 2069 1378 2099; x_wconf 85' lang='lat' dir='ltr'>hic</span> <span class='ocrx_word' id='word_1_511' title='bbox 1409 2079 1590 2109; x_wconf 81' lang='lat' dir='ltr'>procurrere</span> <span class='ocrx_word' id='word_1_512' title='bbox 1613 2081 1646 2102; x_wconf 88' lang='lat' dir='ltr'>e-</span> 
     </span>
     <span class='ocr_line' id='line_1_89' title="bbox 941 2116 1645 2152; baseline 0.009 -6"><span class='ocrx_word' id='word_1_513' title='bbox 941 2116 1022 2147; x_wconf 80' lang='lat' dir='ltr'>tiam</span> <span class='ocrx_word' id='word_1_514' title='bbox 1051 2118 1135 2148; x_wconf 84' lang='lat' dir='ltr'>Mss.</span> <span class='ocrx_word' id='word_1_515' title='bbox 1166 2118 1229 2148; x_wconf 73' lang='lat' dir='ltr'>mei</span> <span class='ocrx_word' id='word_1_516' title='bbox 1259 2118 1301 2149; x_wconf 89' lang='lat' dir='ltr'>ad</span> <span class='ocrx_word' id='word_1_517' title='bbox 1332 2129 1435 2151; x_wconf 89' lang='lat' dir='ltr'>unum</span> <span class='ocrx_word' id='word_1_518' title='bbox 1465 2130 1580 2152; x_wconf 85' lang='lat' dir='ltr'>omnes</span> <span class='ocrx_word' id='word_1_519' title='bbox 1610 2126 1645 2152; x_wconf 91' lang='lat' dir='ltr'>et</span> 
     </span>
     <span class='ocr_line' id='line_1_90' title="bbox 942 2166 1645 2212; baseline 0.01 -16"><span class='ocrx_word' id='word_1_520' title='bbox 942 2166 1029 2197; x_wconf 86' lang='lat' dir='ltr'>Edd.</span> <span class='ocrx_word' id='word_1_521' title='bbox 1048 2167 1184 2198; x_wconf 87' lang='lat' dir='ltr'>Vascos.</span> <span class='ocrx_word' id='word_1_522' title='bbox 1199 2168 1268 2199; x_wconf 91' lang='lat' dir='ltr'>Str.</span> <span class='ocrx_word' id='word_1_523' title='bbox 1288 2169 1329 2200; x_wconf 88' lang='lat' dir='ltr'>R.</span> <span class='ocrx_word' id='word_1_524' title='bbox 1345 2169 1463 2210; x_wconf 90' lang='lat' dir='ltr'>Steph.</span> <span class='ocrx_word' id='word_1_525' title='bbox 1481 2175 1517 2202; x_wconf 87' lang='lat' dir='ltr'>et</span> <span class='ocrx_word' id='word_1_526' title='bbox 1533 2170 1645 2212; x_wconf 83' lang='lat' dir='ltr'>Gryp.</span> 
     </span>
     <span class='ocr_line' id='line_1_91' title="bbox 942 2218 1644 2256; baseline 0.007 -9"><span class='ocrx_word' id='word_1_527' title='bbox 942 2222 1029 2256; x_wconf 86' lang='lat' dir='ltr'>post.</span> <span class='ocrx_word' id='word_1_528' title='bbox 1064 2218 1179 2251; x_wconf 85' lang='lat' dir='ltr'>Quare</span> <span class='ocrx_word' id='word_1_529' title='bbox 1201 2218 1235 2249; x_wconf 93' lang='lat' dir='ltr'>id</span> <span class='ocrx_word' id='word_1_530' title='bbox 1253 2220 1421 2251; x_wconf 86' lang='lat' dir='ltr'>revocavi.</span> <span class='ocrx_word' id='word_1_531' title='bbox 1465 2221 1530 2252; x_wconf 85' lang='lat' dir='ltr'>Est</span> <span class='ocrx_word' id='word_1_532' title='bbox 1554 2222 1644 2252; x_wconf 88' lang='lat' dir='ltr'>enim</span> 
     </span>
     <span class='ocr_line' id='line_1_92' title="bbox 941 2269 1643 2310; baseline 0.006 -12"><span class='ocrx_word' id='word_1_533' title='bbox 941 2269 1112 2309; x_wconf 87' lang='lat' dir='ltr'>proprium</span> <span class='ocrx_word' id='word_1_534' title='bbox 1129 2269 1162 2300; x_wconf 89' lang='lat' dir='ltr'>in</span> <span class='ocrx_word' id='word_1_535' title='bbox 1177 2269 1240 2301; x_wconf 90' lang='lat' dir='ltr'>hac</span> <span class='ocrx_word' id='word_1_536' title='bbox 1257 2279 1292 2300; x_wconf 87' lang='lat' dir='ltr'>re</span> <span class='ocrx_word' id='word_1_537' title='bbox 1310 2270 1461 2310; x_wconf 89' lang='lat' dir='ltr'>verbum,</span> <span class='ocrx_word' id='word_1_538' title='bbox 1474 2275 1510 2302; x_wconf 88' lang='lat' dir='ltr'>et</span> <span class='ocrx_word' id='word_1_539' title='bbox 1521 2271 1643 2303; x_wconf 89' lang='lat' dir='ltr'>millies</span> 
     </span>
     <span class='ocr_line' id='line_1_93' title="bbox 941 2318 1644 2363; baseline 0.007 -15"><span class='ocrx_word' id='word_1_540' title='bbox 941 2318 984 2348; x_wconf 83' lang='lat' dir='ltr'>ab</span> <span class='ocrx_word' id='word_1_541' title='bbox 999 2319 1167 2350; x_wconf 86' lang='lat' dir='ltr'>historicis</span> <span class='ocrx_word' id='word_1_542' title='bbox 1184 2320 1373 2352; x_wconf 87' lang='lat' dir='ltr'>adhibitum</span> <span class='ocrx_word' id='word_1_543' title='bbox 1389 2331 1398 2359; x_wconf 91' lang='lat'>;</span> <span class='ocrx_word' id='word_1_544' title='bbox 1422 2326 1457 2352; x_wconf 89' lang='lat' dir='ltr'>et</span> <span class='ocrx_word' id='word_1_545' title='bbox 1470 2322 1644 2363; x_wconf 79' lang='lat' dir='ltr'>praecipue</span> 
     </span>
     <span class='ocr_line' id='line_1_94' title="bbox 941 2369 1644 2411; baseline 0.007 -11"><span class='ocrx_word' id='word_1_546' title='bbox 941 2369 975 2400; x_wconf 92' lang='lat' dir='ltr'>in</span> <span class='ocrx_word' id='word_1_547' title='bbox 991 2370 1123 2411; x_wconf 71' lang='lat' dir='ltr'>praelio,</span> <span class='ocrx_word' id='word_1_548' title='bbox 1148 2376 1186 2402; x_wconf 91' lang='lat' dir='ltr'>ut</span> <span class='ocrx_word' id='word_1_549' title='bbox 1205 2382 1282 2403; x_wconf 85' lang='lat' dir='ltr'>mox</span> <span class='ocrx_word' id='word_1_550' title='bbox 1299 2382 1328 2403; x_wconf 92' lang='lat' dir='ltr'>c.</span> <span class='ocrx_word' id='word_1_551' title='bbox 1345 2375 1398 2403; x_wconf 72' lang='lat'>44.</span> <span class='ocrx_word' id='word_1_552' title='bbox 1416 2382 1455 2403; x_wconf 87' lang='lat'>11.</span> <span class='ocrx_word' id='word_1_553' title='bbox 1473 2376 1527 2405; x_wconf 79' lang='lat'>34.</span> <span class='ocrx_word' id='word_1_554' title='bbox 1550 2374 1559 2389; x_wconf 93' lang='lat'>‘</span> <span class='ocrx_word' id='word_1_555' title='bbox 1575 2374 1644 2407; x_wconf 83' lang='lat' dir='ltr'>Qui</span> 
     </span>
     <span class='ocr_line' id='line_1_95' title="bbox 941 2421 1644 2460; baseline 0.009 -11"><span class='ocrx_word' id='word_1_556' title='bbox 941 2428 1007 2450; x_wconf 86' lang='lat' dir='ltr'>una</span> <span class='ocrx_word' id='word_1_557' title='bbox 1021 2421 1286 2460; x_wconf 67' lang='lat' dir='ltr'>procurrerant!</span> <span class='ocrx_word' id='word_1_558' title='bbox 1322 2422 1473 2454; x_wconf 87' lang='lat' dir='ltr'>Restitui</span> <span class='ocrx_word' id='word_1_559' title='bbox 1489 2423 1524 2454; x_wconf 92' lang='lat' dir='ltr'>id</span> <span class='ocrx_word' id='word_1_560' title='bbox 1539 2424 1644 2455; x_wconf 83' lang='lat' dir='ltr'>etiam</span> 
     </span>
     <span class='ocr_line' id='line_1_96' title="bbox 941 2471 1645 2514; baseline 0.004 -13"><span class='ocrx_word' id='word_1_561' title='bbox 941 2480 960 2501; x_wconf 91' lang='lat' dir='ltr'>e</span> <span class='ocrx_word' id='word_1_562' title='bbox 978 2471 1059 2501; x_wconf 87' lang='lat' dir='ltr'>Mss.</span> <span class='ocrx_word' id='word_1_563' title='bbox 1083 2472 1220 2503; x_wconf 86' lang='lat' dir='ltr'>Lucano</span> <span class='ocrx_word' id='word_1_564' title='bbox 1236 2482 1298 2503; x_wconf 82' lang='lat' dir='ltr'>vn.</span> <span class='ocrx_word' id='word_1_565' title='bbox 1311 2475 1385 2504; x_wconf 82' lang='lat'>385.</span> <span class='ocrx_word' id='word_1_566' title='bbox 1403 2474 1411 2490; x_wconf 94' lang='lat'>‘</span> <span class='ocrx_word' id='word_1_567' title='bbox 1429 2475 1518 2514; x_wconf 87' lang='lat' dir='ltr'>Ergo</span> <span class='ocrx_word' id='word_1_568' title='bbox 1530 2473 1645 2504; x_wconf 82' lang='lat' dir='ltr'>utrim-</span> 
     </span>
     <span class='ocr_line' id='line_1_97' title="bbox 942 2521 1644 2563; baseline 0.007 -14"><span class='ocrx_word' id='word_1_569' title='bbox 942 2529 1006 2561; x_wconf 90' lang='lat' dir='ltr'>que</span> <span class='ocrx_word' id='word_1_570' title='bbox 1042 2521 1114 2560; x_wconf 89' lang='lat' dir='ltr'>pari</span> <span class='ocrx_word' id='word_1_571' title='bbox 1150 2529 1354 2562; x_wconf 88' lang='lat' dir='ltr'>procurrunt</span> <span class='ocrx_word' id='word_1_572' title='bbox 1390 2523 1523 2563; x_wconf 80' lang='lat' dir='ltr'>agmina</span> <span class='ocrx_word' id='word_1_573' title='bbox 1550 2527 1644 2554; x_wconf 86' lang='lat' dir='ltr'>motu</span> 
     </span>
     <span class='ocr_line' id='line_1_98' title="bbox 942 2569 1643 2604; baseline 0.006 -4"><span class='ocrx_word' id='word_1_574' title='bbox 942 2569 1073 2602; x_wconf 85' lang='lat' dir='ltr'>Irarum</span> <span class='ocrx_word' id='word_1_575' title='bbox 1087 2571 1107 2602; x_wconf 86' lang='lat'>:’</span> <span class='ocrx_word' id='word_1_576' title='bbox 1132 2573 1188 2603; x_wconf 88' lang='lat' dir='ltr'>ubi</span> <span class='ocrx_word' id='word_1_577' title='bbox 1209 2573 1296 2604; x_wconf 84' lang='lat' dir='ltr'>vide.</span> <span class='ocrx_word' id='word_1_578' title='bbox 1341 2574 1437 2604; x_wconf 80' lang='lat' dir='ltr'>Idem</span> <span class='ocrx_word' id='word_1_579' title='bbox 1461 2572 1643 2604; x_wconf 83' lang='lat' dir='ltr'>restituen-</span> 
     </span>
     <span class='ocr_line' id='line_1_99' title="bbox 943 2621 1643 2662; baseline 0.003 -11"><span class='ocrx_word' id='word_1_580' title='bbox 943 2621 1020 2652; x_wconf 88' lang='lat' dir='ltr'>dum</span> <span class='ocrx_word' id='word_1_581' title='bbox 1047 2623 1163 2654; x_wconf 81' lang='lat' dir='ltr'>Valet.</span> <span class='ocrx_word' id='word_1_582' title='bbox 1189 2624 1283 2654; x_wconf 87' lang='lat' dir='ltr'>Max.</span> <span class='ocrx_word' id='word_1_583' title='bbox 1300 2632 1355 2654; x_wconf 88' lang='lat'>111.</span> <span class='ocrx_word' id='word_1_584' title='bbox 1380 2626 1410 2653; x_wconf 88' lang='lat'>2.</span> <span class='ocrx_word' id='word_1_585' title='bbox 1434 2624 1451 2662; x_wconf 57' lang='grc' dir='ltr'><strong><em>ξ</em></strong></span> <span class='ocrx_word' id='word_1_586' title='bbox 1475 2625 1528 2653; x_wconf 86' lang='grc'>20.</span> <span class='ocrx_word' id='word_1_587' title='bbox 1551 2622 1561 2638; x_wconf 90' lang='lat'>‘</span> <span class='ocrx_word' id='word_1_588' title='bbox 1577 2622 1643 2653; x_wconf 86' lang='lat' dir='ltr'>Vel</span> 
     </span>
     <span class='ocr_line' id='line_1_100' title="bbox 941 2671 1644 2714; baseline 0.003 -13"><span class='ocrx_word' id='word_1_589' title='bbox 941 2671 1030 2702; x_wconf 86' lang='lat' dir='ltr'>solus</span> <span class='ocrx_word' id='word_1_590' title='bbox 1046 2673 1149 2713; x_wconf 82' lang='lat' dir='ltr'>igitur</span> <span class='ocrx_word' id='word_1_591' title='bbox 1165 2682 1367 2714; x_wconf 87' lang='lat' dir='ltr'>procurrere</span> <span class='ocrx_word' id='word_1_592' title='bbox 1384 2677 1522 2712; x_wconf 78' lang='lat' dir='ltr'>paratus</span> <span class='ocrx_word' id='word_1_593' title='bbox 1537 2681 1608 2703; x_wconf 85' lang='lat' dir='ltr'>snm</span> <span class='ocrx_word' id='word_1_594' title='bbox 1623 2672 1644 2703; x_wconf 70' lang='grc' dir='ltr'>ι’</span> 
     </span>
     <span class='ocr_line' id='line_1_101' title="bbox 941 2721 1643 2763; baseline 0.004 -12"><span class='ocrx_word' id='word_1_595' title='bbox 941 2730 1017 2752; x_wconf 80' lang='lat' dir='ltr'>nam</span> <span class='ocrx_word' id='word_1_596' title='bbox 1044 2727 1080 2754; x_wconf 88' lang='lat' dir='ltr'>et</span> <span class='ocrx_word' id='word_1_597' title='bbox 1107 2723 1152 2754; x_wconf 93' lang='lat' dir='ltr'>ibi</span> <span class='ocrx_word' id='word_1_598' title='bbox 1175 2724 1275 2763; x_wconf 84' lang='lat' dir='ltr'>vulgo</span> <span class='ocrx_word' id='word_1_599' title='bbox 1295 2733 1389 2763; x_wconf 72' lang='lat' dir='ltr'>pra’c.</span> <span class='ocrx_word' id='word_1_600' title='bbox 1427 2721 1527 2753; x_wconf 89' lang='lat' dir='ltr'>Adde</span> <span class='ocrx_word' id='word_1_601' title='bbox 1552 2723 1643 2754; x_wconf 82' lang='lat' dir='ltr'>Bell.</span> 
     </span>
     <span class='ocr_line' id='line_1_102' title="bbox 942 2771 1642 2816; baseline 0.004 -13"><span class='ocrx_word' id='word_1_602' title='bbox 942 2771 1016 2804; x_wconf 80' lang='lat' dir='ltr'>Civ.</span> <span class='ocrx_word' id='word_1_603' title='bbox 1028 2782 1084 2805; x_wconf 80' lang='grc' dir='ltr'><strong>ιιι.</strong></span> <span class='ocrx_word' id='word_1_604' title='bbox 1101 2777 1155 2805; x_wconf 86' lang='grc'>91.</span> <span class='ocrx_word' id='word_1_605' title='bbox 1166 2776 1220 2806; x_wconf 81' lang='grc'>93.</span> <span class='ocrx_word' id='word_1_606' title='bbox 1233 2776 1286 2805; x_wconf 76' lang='grc'>94.</span> <span class='ocrx_word' id='word_1_607' title='bbox 1310 2773 1552 2816; x_wconf 84' lang='lat' dir='ltr'>Adstipulatur</span> <span class='ocrx_word' id='word_1_608' title='bbox 1563 2773 1642 2806; x_wconf 82' lang='lat' dir='ltr'>huic</span> 
     </span>
    </p>
   </div>
  </div>
 </body>
</html>
