1818 3131
393 191 485 222 Lm.
517 192 590 222 111.
620 191 726 222 cAr.
757 182 796 222 1.
831 193 892 222 nr,
927 194 1081 225 nmmo
1113 195 1342 226 ommes).

137 294 211 326 qnae
238 284 312 316 loca
334 285 564 326 adscripscrat
589 286 639 316 Cl.
657 285 784 317 Wasse.
803 294 835 317 ν.

135 337 190 365 63.
214 333 223 351 4
241 338 368 375 quanto
385 344 461 366 cum
479 334 642 375 pericnlO,
658 339 692 365 et
709 341 836 375 quanta

135 392 213 415 cum
252 384 408 422 virtutc;'
441 388 479 414 ut
510 388 563 414 est
594 384 628 414 iu
664 385 835 426 plerisque

134 434 220 465 Mss.
239 443 287 466 vr.
306 438 356 466 ll.
380 436 389 450 ‘
406 434 446 465 In
470 434 625 465 omnibus
643 435 835 466 civitatibus

135 487 171 514 et
201 484 234 514 in
262 483 416 514 omnibus
445 483 566 524 pagis,'
593 493 610 514 e
629 485 711 516 Mss.
758 485 834 516 Non

133 542 233 574 nego,
256 531 356 563 facile
380 531 498 565 abesse
525 543 647 573 posse3
686 534 746 565 sed
771 544 834 566 nec

133 584 224 623 prius
239 592 306 613 cum
323 587 396 614 erat
412 584 657 615 necessarium:
683 589 718 615 at
735 585 835 616 aliter

131 633 236 664 visum
259 634 397 664 Caesari.
443 634 498 665 Sic
530 645 548 665 e
579 635 661 668 Mss.
687 636 834 668 restitui-

129 694 202 716 mus
230 694 278 716 ιν.
302 687 353 716 44.
387 685 397 701 4
413 685 455 716 ad
478 686 711 718 lacessendum
735 693 770 720 et
789 689 832 719 ad

129 734 410 766 committendum
439 736 617 776 proelium.’
658 746 738 768 vm.
776 742 830 769 41.

129 785 139 802 ‘
158 785 229 816 sine
261 784 412 825 periculo
440 790 476 816 et
510 786 581 817 sine
614 788 832 827 suspectione

128 833 299 865 hosfium!
318 835 358 864 B.
378 834 452 865 Civ.
477 844 501 866 1.
519 838 571 867 72.
596 835 604 851 ‘
622 836 692 866 siue
717 846 832 877 pugna

128 889 165 915 et
179 884 251 916 sinc
272 885 410 916 vulnere
425 885 580 916 suorum?
608 896 637 917 c.
654 889 707 918 73.
731 887 740 904 ‘
759 888 830 919 sine

126 934 248 965 timore
276 940 310 966 et
341 935 412 965 sine
430 936 658 967 stationibus!
687 938 729 968 B.
756 938 830 970 Civ.

126 990 168 1014 ιι.
186 986 240 1015 27.
263 985 272 1001 4
290 984 394 1024 Apud
420 985 600 1017 Donitium
627 990 663 1017 et
687 988 776 1028 apud
796 998 831 1019 se

126 1032 365 1066 Quaestorcm.’
388 1035 429 1065 B.
453 1035 527 1067 Civ.
541 1045 598 1067 111.
613 1039 644 1068 6.
669 1037 678 1053 ‘
697 1046 740 1068 cx
762 1038 830 1069 vic-

125 1082 215 1114 toria
229 1088 266 1115 et
281 1093 323 1115 ex
340 1084 573 1117 liberalitate!

167 1133 340 1174 Por-coriis]
392 1134 448 1166 Ita
490 1141 591 1168 vocat
635 1139 828 1178 pecuniam,

125 1193 225 1225 quam
256 1194 275 1215 a
300 1184 545 1217 mercatoribus
571 1188 756 1228 exigebant
783 1189 830 1219 in-

124 1234 221 1275 colae,
235 1239 273 1266 ut
290 1244 352 1276 per
369 1245 410 1266 ea
426 1236 500 1267 loca
511 1245 642 1268 merces
660 1247 735 1268 suas
752 1237 830 1269 lice-

123 1287 176 1314 ret
188 1287 326 1324 portare.
361 1285 417 1316 Sic
435 1285 523 1326 apud
540 1286 740 1319 Suetonium
756 1288 778 1321 J
783 1289 827 1320 ul.

122 1343 152 1364 c.
168 1335 222 1365 43.
247 1334 256 1351 4
275 1334 540 1375 Peregrinarum
564 1336 728 1368 mercium
754 1347 829 1378 por-

124 1383 224 1414 taria'
239 1388 318 1415 sunt
334 1385 503 1424 pretium3
529 1386 620 1426 quod
640 1386 683 1418 ob
705 1387 828 1428 impor-

127 1437 217 1464 tatas
259 1443 388 1465 merces
432 1435 628 1475 peregrinas
672 1436 825 1468 solvitur.

122 1483 202 1514 Vim
221 1484 313 1515 vocis
338 1493 406 1515 non
427 1484 597 1516 intellexit
612 1486 827 1526 Metaphras-

122 1537 187 1572 tes,
210 1532 268 1573 qni
284 1533 390 1564 vertit
405 1535 536 1564 πολλοῖς
557 1534 705 1575 φορτίοις,
728 1536 824 1576 quasi

119 1582 259 1623 portoria
287 1582 380 1614 idem
412 1582 619 1615 denotarent
648 1594 689 1616 ae
719 1595 822 1617 onera.

122 1631 236 1664 Dacis.

165 1684 206 1713 12
227 1682 310 1723 Ipse,
330 1683 383 1722 85c.
415 1682 566 1723 hiemare]
600 1684 651 1714 Ut
676 1684 824 1724 videtur,

119 1732 274 1772 Scaliger
290 1736 326 1763 et
341 1733 562 1764 Recentiores
576 1733 755 1774 ejecerunt
767 1744 823 1765 co-

120 1783 235 1824 pulam
265 1785 295 1813 et
323 1782 439 1813 Ursini
467 1792 580 1823 suasu,
609 1783 666 1824 qui
691 1783 822 1814 dnobus

121 1831 228 1865 Codd.
245 1831 365 1863 abesse
381 1841 458 1863 eam
470 1832 567 1872 dicit,
591 1832 650 1863 sed
667 1842 821 1865 caussam

116 1891 185 1914 non
202 1881 299 1913 video
321 1886 391 1913 tam
418 1887 548 1914 temere
572 1893 647 1914 eam
674 1884 822 1924 proscri-

117 1930 232 1963 bendi.
278 1931 479 1973 Agnoscunt
502 1942 576 1964 eam
602 1933 767 1976 mei-Mss.
785 1938 821 1965 et

117 1981 206 2014 Edd.
223 1981 368 2022 priores,
382 1981 424 2013 ad
437 1992 539 2014 unum
551 1993 678 2015 omneS.
704 1985 820 2017 Quare

118 2032 288 2064 revocavi.
347 2032 446 2064 Idem
481 2033 624 2065 Ursinus
654 2043 756 2074 supra
786 2034 819 2065 in

117 2081 164 2113 eis
188 2083 264 2113 locis
285 2081 412 2115 frustra
427 2084 630 2124 suspicatur,
651 2083 725 2114 locis
745 2093 819 2116 esse

119 2132 331 2174 adjectitiam
342 2143 472 2173 vocem,
486 2133 680 2174 explicandi
690 2143 818 2165 caussa.

162 2184 204 2213 16
226 2182 340 2213 Hicin
357 2183 388 2212 d.
412 2193 445 2223 p.
461 2182 596 2223 flumine
610 2183 818 2225 decideretur]

117 2233 245 2264 Parum
261 2233 314 2263 vel
340 2232 421 2263 nihil
442 2232 561 2264 refert.
608 2233 818 2266 Monendum

118 2287 231 2313 tamen
262 2291 305 2313 ex
332 2281 496 2314 Codicum
521 2283 675 2323 vestigiis
704 2284 818 2324 legen-

117 2330 198 2362 dum
214 2331 322 2363 videri
339 2332 543 2372 hunc-flumen
557 2333 727 2370 diridereu
753 2334 818 2367 nisi

116 2381 218 2413 altius
251 2382 373 2413 vulnus
400 2382 567 2414 inhaereat
592 2383 751 2424 latenter,
773 2383 817 2415 de

117 2440 184 2472 quo
211 2432 449 2473 inquirendum
479 2433 556 2464 erit.
613 2433 730 2464 Primo
757 2443 818 2474 pro

115 2481 165 2513 hic
180 2487 358 2522 comparet
371 2482 442 2513 hinc
458 2483 492 2513 in
514 2483 680 2522 Bongars.
696 2483 818 2523 primo,

116 2531 237 2563 Petav.
255 2532 352 2564 Leid.
381 2543 431 2574 pr.
454 2533 580 2573 Scalig.
598 2533 725 2563 Lovan.
751 2533 818 2573 Eg-

115 2580 231 2612 mund.
252 2586 288 2612 et
306 2581 437 2613 duobus
454 2582 538 2613 aliis.
583 2582 670 2612 Huic
695 2581 729 2612 in
752 2581 816 2612 Ed.

116 2629 192 2663 Ine.
206 2631 263 2662 hac
276 2632 422 2663 Dorvill.
436 2633 515 2663 hunc
524 2633 676 2663 dicideret
688 2632 817 2663 habent

118 2678 244 2712 Andin.
257 2682 422 2724 Gottorp.
439 2687 476 2714 et
491 2683 588 2714 Voss.
606 2686 687 2713 tert.
723 2682 816 2713 Dein

108 2729 233 2770 flam
253 2736 414 2766 exaratur
436 2732 472 2764 in
501 2732 670 2774 Bongars.
692 2731 815 2774 primo,

1477 185 1590 229 1007

887 286 1009 318 Petav.
1036 288 1166 320 Lovan.
1184 289 1353 329 Egmund.
1371 289 1535 331 Gottorp.
1556 296 1593 323 et

887 338 998 369 tribus
1031 340 1117 370 aliis.
1177 342 1302 372 Verum
1340 342 1594 381 Metapbrastes

886 396 951 418 nou
969 387 1051 419 facit
1068 391 1272 422 mentionem
1287 391 1516 431 rofiflumim's:
1545 392 1592 423 ait

885 437 973 466 enim
990 438 1167 478 διῃρημένης
1183 439 1236 469 οὖν
1252 439 1293 471 εἷς
1305 440 1357 471 δύο
1370 439 1446 480 μέρη
1461 439 1591 481 ταύτης,

884 483 989 526 ἕτερον
1002 486 1070 526 μὲν,
1086 489 1150 519 Sec.
1168 490 1260 527 quasi
1274 490 1342 528 ipsc
1363 490 1587 530 perjuratum

883 535 1147 574 agrimensorem
1164 537 1288 567 limites
1304 538 1486 570 divisiscct.
1526 539 1592 570 Im-

884 593 938 614 mo
967 585 1024 615 vix
1050 585 1163 624 video,
1188 587 1355 626 quomodo
1382 588 1436 618 hic
1464 587 1591 619 flumini

884 634 976 665 locus
992 635 1035 665 sit
1052 635 1085 665 in
1103 635 1190 674 vico,
1215 636 1272 676 qui
1295 637 1444 677 undique
1466 637 1590 669 altissi-

884 682 945 714 mis
987 683 1230 715 continebatur
1261 686 1431 716 montibus
1450 697 1457 723 ;
1503 692 1592 728 stag·

884 741 963 764 num
981 734 1094 774 potuit
1115 743 1188 765 esse
1213 744 1376 775 aquarum
1402 736 1443 766 de
1470 738 1590 768 monti-

884 782 945 813 bus
963 783 997 814 in
1014 784 1100 815 hanc
1118 785 1239 816 vallem
1256 785 1498 817 decidentium.
1527 787 1590 818 At-

885 843 949 873 que
967 834 1016 864 ita
1039 835 1133 875 cepit
1161 835 1302 866 Orosius
1326 844 1375 866 vr.
1398 840 1429 867 S.
1458 836 1588 867 ‘Medi-

884 892 1005 923 amque
1031 884 1147 923 oppidi
1170 889 1317 924 partem,
1344 894 1417 925 quae
1436 889 1587 917 torrente

883 932 1189 973 distinguebatur;’
1223 943 1285 964 nec
1314 944 1388 964 raro
1406 933 1526 974 flamm
1545 935 1587 967 de

883 986 1019 1014 torrente
1035 983 1178 1014 dicitur:
1209 983 1454 1023 undejunctim
1470 993 1587 1015 occur-

883 1033 928 1064 rit
939 1033 1060 1073 flumen
1079 1036 1210 1064 torrens.
1257 1033 1325 1064 Sed
1343 1033 1477 1073 mirum,
1505 1034 1586 1064 alibi

882 1083 915 1113 in
945 1088 1018 1114 tota
1041 1084 1103 1114 hac
1126 1082 1265 1114 historia
1280 1083 1426 1123 fluminis
1448 1093 1513 1115 non
1531 1085 1588 1115 ha-

881 1132 955 1163 beri
984 1133 1168 1170 rationem3
1204 1142 1279 1164 cum
1318 1133 1360 1164 ab
1392 1133 1455 1165 hac
1488 1140 1586 1174 parte

882 1183 994 1223 aliquo
1034 1183 1134 1215 modo
1177 1187 1270 1215 tutus
1317 1192 1389 1214 esse
1433 1184 1588 1224 potuerit

882 1232 1007 1264 Galba.

924 1285 963 1313 17
987 1284 1131 1315 Alteram
1143 1282 1475 1324 partem—attribuit]
1499 1283 1584 1315 Mss.

880 1336 916 1364 et
933 1333 1120 1375 antiquitus
1133 1333 1217 1364 editi
1234 1333 1363 1364 habent
1375 1334 1505 1364 alteram
1513 1344 1588 1373 pur-

878 1384 942 1413 tem
972 1382 1039 1420 ejus
1067 1383 1128 1413 vici
1159 1382 1262 1413 Gallis
1292 1382 1335 1413 ad
1369 1382 1584 1414 hiemandum

878 1432 1035 1472 concessit,
1060 1434 1190 1463 alteram
1205 1442 1332 1463 vacuam
1358 1432 1396 1462 ab
1420 1432 1482 1462 illis
1497 1434 1584 1463 relic-

877 1485 943 1512 tum
958 1482 1132 1513 cohortibus
1147 1482 1308 1512 attribuit.
1337 1482 1450 1512 Voces
1468 1489 1583 1513 autem

877 1531 1100 1571 transpositas
1122 1531 1198 1561 loco
1220 1540 1279 1561 suo
1306 1530 1461 1561 restituit
1484 1531 1585 1572 iusig-

876 1580 926 1610 nis
951 1580 1161 1610 Hotomanni
1182 1584 1218 1610 et
1243 1579 1420 1610 Ciacconii
1447 1580 1582 1620 conjec-

876 1633 964 1661 tura.
1021 1629 1182 1669 Suspicor
1209 1633 1322 1660 tamen
1352 1629 1462 1669 bigam
1489 1630 1582 1661 illam

874 1689 994 1710 vocum
1026 1690 1069 1709 ex
1095 1680 1308 1711 Glossemate
1340 1685 1451 1710 ortum
1478 1680 1582 1711 habu-

875 1728 966 1765 isse;
991 1737 1067 1759 cum
1084 1728 1172 1759 enim
1190 1729 1256 1759 oris
1281 1729 1442 1760 Codicum
1466 1735 1582 1762 essent

874 1777 1001 1817 adlitae‚
1025 1782 1062 1808 ut
1078 1778 1276 1815 doceretur,
1300 1780 1519 1819 quamobrem
1536 1781 1582 1811 al-

874 1831 948 1858 tera
964 1836 1042 1867 pars
1068 1828 1136 1858 vici
1160 1828 1359 1859 cohortibus
1390 1827 1455 1860 fuit
1483 1829 1581 1860 attri-

873 1877 970 1917 buta,
985 1877 1136 1916 tandem,
1153 1882 1191 1908 ut
1207 1876 1259 1917 fit,
1274 1877 1308 1908 in
1326 1882 1458 1909 textum
1472 1878 1582 1920 irrep-

873 1936 962 1966 sere,
989 1927 1072 1958 licet
1096 1927 1269 1967 imperitia
1293 1928 1480 1959 scribarum
1502 1930 1578 1961 loco

873 1987 940 2008 non
956 1977 1132 2009 commodo
1160 1978 1235 2009 illas
1263 1979 1453 2011 donaverit.
1501 1980 1579 2011 Hoc

873 2035 913 2058 eo
937 2026 978 2058 fit
1002 2026 1225 2068 probabilius,
1248 2027 1336 2068 quod
1363 2027 1505 2060 Graecus
1531 2028 1580 2059 in-

871 2081 1005 2117 terpres
1022 2076 1139 2116 verba,
1162 2077 1206 2108 de
1233 2076 1354 2117 quibus
1379 2078 1517 2117 agimus,
1541 2079 1576 2109 in

871 2137 932 2158 suo
958 2127 1087 2160 Codice
1113 2137 1181 2159 non
1207 2128 1351 2159 invenit.
1397 2129 1500 2160 Certe
1515 2130 1575 2161 hu-

864 2178 1019 2218 jusmodi
1035 2178 1166 2210 Glossis
1182 2188 1249 2210 non
1262 2188 1372 2219 pauca
1388 2179 1574 2211 etiamnum

870 2227 1044 2260 foedantur
1072 2234 1227 2260 veterum
1253 2229 1341 2260 loca.
1394 2229 1450 2260 Sic
1481 2229 1574 2270 apud

869 2279 1062 2311 Minucium
1090 2279 1241 2311 Felicem
1271 2279 1306 2310 in
1333 2280 1414 2310 Oct.
1456 2289 1490 2320 p.
1519 2282 1574 2311 27.

868 2329 1034 2369 legimus:
1070 2330 1080 2347 ‘
1098 2328 1212 2360 Audio
1243 2339 1301 2360 eos
1332 2330 1575 2371 (Christianos)

869 2379 1075 2420 turpissimae
1100 2379 1241 2420 pecudis
1262 2384 1365 2420 caput
1387 2380 1472 2410 asini
1495 2389 1574 2411 con-

868 2434 1038 2460 secratum
1061 2429 1180 2470 inepta
1204 2429 1320 2460 nescio
1342 2439 1409 2470 qua
1435 2439 1573 2470 persua-

867 2480 959 2511 sione
976 2480 1131 2511 venerari
1144 2480 1165 2518 ;’
1188 2480 1245 2512 ubi
1271 2489 1387 2512 vocem
1411 2480 1493 2511 asini
1515 2489 1572 2510 ne-

866 2530 937 2561 scio
952 2530 1026 2571 quis
1043 2529 1191 2570 infersit,
1212 2540 1256 2561 ne
1272 2530 1407 2561 scilicet
1424 2528 1573 2560 nescire-

866 2588 950 2619 mus,
973 2579 1143 2621 quodnam
1159 2580 1283 2611 animal
1299 2581 1433 2611 nomine
1454 2579 1572 2618 turpis-

865 2629 950 2660 simoe
975 2630 1102 2670 pecudis
1134 2631 1347 2671 intelligeret
1383 2629 1569 2661 Minucius.

864 2679 1027 2711 Similiter
1058 2680 1148 2721 apud
1174 2680 1347 2713 ,lustinum
1377 2679 1570 2717 Martyrem

865 2729 969 2772 Apol.
983 2740 1025 2769 ιι.
1039 2734 1070 2764 6.
1087 2741 1123 2773 p.
1139 2734 1191 2763 12.
1215 2730 1299 2762 edit.
1326 2730 1440 2762 oxon.
1466 2735 1569 2761 voces
