1818 3131
333 202 427 232 Lux
460 186 1025 229 v.cAr.52.rnznnLL0
1057 195 1285 226 GALtaco.

91 297 219 335 Cwsar,
241 297 250 314 ‘
264 295 400 336 quamvis
423 293 534 333 magni
557 290 699 332 periculi
733 300 786 320 res

92 351 193 385 osset,
208 346 368 377 dimicare
382 355 390 382 ;
421 347 522 374 tamen
537 341 691 382 quoniam
709 340 788 370 lihe-

93 401 203 428 ratum
231 395 404 426 obsidione
427 393 623 424 Ciceronem
643 390 788 427 sciebat,

90 445 165 476 idco
177 444 367 476 consedisse
384 452 419 473 se
433 446 468 472 et
482 446 594 472 castra
606 440 786 479 muniisse,’

92 496 148 536 qui
164 504 278 526 sensus
293 498 344 524 est
360 493 481 523 nullus.
518 492 597 530 Sed,
621 494 630 508 ‘
647 493 789 531 quoniam

92 545 204 584 magni
220 543 360 584 periculi
378 551 430 573 res
445 547 535 573 esset
551 542 729 579 dimicarc3
753 546 789 572 et

90 599 156 626 tum
174 603 277 634 porro,
305 593 463 634 quoniam
481 593 551 633 jam
567 593 692 623 dudum
708 593 789 623 lihe-

89 648 198 675 ratum
222 642 396 673 obsidione
424 643 622 674 Ciceronem
646 642 790 680 sciebat,

91 693 285 725 consedisse
322 702 357 723 se
396 697 431 723 et
460 697 572 723 castra
609 691 790 722 muniisse!

92 743 200 774 Clark.
252 743 364 774 Etiam
397 743 503 781 Bong.
534 743 632 782 prim.
669 742 790 772 Petav.

89 793 256 832 Vossiani‚
283 792 449 833 Egmund.
476 794 589 823 Oxon.
619 798 655 823 et
685 796 705 823 ϋ
735 793 791 823 alii

91 853 167 875 cum
184 843 248 874 Ed.
268 843 339 874 luc.
357 848 484 884 praeter
508 844 618 874 Mstos
641 843 793 882 aliorum,

90 893 219 925 habent
264 897 341 931 tum,
379 893 468 934 quod
513 893 600 924 bene
641 893 793 933 explicat

91 943 248 975 Clarkius
257 948 293 974 et
305 944 436 984 recepit
447 943 692 974 Hotomannus.
707 944 792 974 Tunc

91 992 190 1024 Leid.
205 1003 253 1033 pr.
268 994 357 1025 Scal.
376 999 411 1025 et
428 994 491 1024 Ed.
506 994 547 1025 R.
563 994 678 1035 Steph.
695 994 793 1025 deest

92 1043 127 1073 in
146 1042 253 1082 Bong.
272 1052 340 1074 sec.
359 1048 393 1074 et
418 1044 513 1074 Leid.
537 1053 604 1075 sec.
627 1043 686 1075 sed
703 1044 736 1074 in
753 1053 793 1074 eo

91 1096 249 1133 corrupte
263 1092 460 1124 dimicarent.
505 1093 573 1124 Sed
589 1093 704 1124 videte
727 1093 794 1132 hic,

91 1147 130 1175 ut
145 1152 225 1175 vara.
236 1143 357 1174 vibiam
367 1148 541 1184 sequatur.
566 1145 616 1175 Ex
628 1153 721 1185 eoque
734 1154 795 1174 om-

91 1194 176 1234 nino,
198 1193 327 1226 factum
354 1193 433 1225 dein
449 1204 535 1234 aequo
558 1193 684 1231 αηίιηο;
703 1194 793 1235 quod

92 1250 146 1276 est
161 1245 194 1276 in
210 1245 297 1277 Edd.
314 1247 482 1285 omnibus,
498 1246 588 1287 quod
605 1247 720 1286 sciam,
737 1255 794 1277 ve-

91 1295 192 1327 tustis
209 1305 315 1336 usque
329 1296 371 1326 ad
388 1296 548 1336 Scaliger.
566 1301 794 1337 praeterquam

93 1346 128 1376 in
155 1346 376 1386 R.Stephani
403 1346 531 1378 ἐκδόσει.
577 1348 704 1378 Natum
730 1348 794 1378 hoc

95 1401 164 1426 tam
190 1405 232 1426 ex
253 1399 370 1435 tamen,
386 1407 485 1437 quam
511 1397 603 1436 inde,
626 1396 716 1438 quod
734 1406 795 1437 pro

93 1456 184 1486 eoque
199 1446 234 1477 in
250 1447 334 1477 Mss.
350 1446 503 1487 plurimis
526 1448 570 1477 sit
584 1456 727 1487 aequoque
745 1446 797 1477 vel

93 1506 233 1536 equoque.
266 1497 382 1528 Animo
397 1497 499 1528 etiarn
514 1497 606 1537 legas
618 1497 651 1526 in
669 1497 795 1527 Lovan.

95 1546 228 1578 Duker.
242 1547 354 1578 Oxon.
371 1552 407 1578 et
425 1547 508 1578 aliiS.
533 1548 640 1578 Recte
655 1547 797 1577 Graecus

96 1595 146 1627 καὶ
169 1597 223 1627 οὐκ
247 1596 294 1627 ἔτι
315 1597 363 1627 διὰ
387 1597 478 1627 τοῦτο
504 1598 684 1636 ταχυτῆτος
709 1596 799 1637 ἔργον

96 1645 171 1678 εῖναι
199 1646 379 1686 ἡγούμενος.
434 1648 568 1678 Mutavi
599 1648 752 1678 ordinem
780 1657 798 1678 e

98 1700 183 1731 Mss.
197 1705 329 1731 tantum
342 1710 408 1731 non
421 1701 574 1732 omnibus
591 1710 652 1741 pro
667 1701 720 1732 lib.
737 1700 799 1744 obs.

98 1756 135 1783 et
157 1760 235 1782 mox
262 1754 365 1791 potest
394 1752 458 1782 Ioco
489 1760 532 1782 ex
560 1751 655 1782 Leid.
684 1760 734 1791 pr.
764 1756 799 1781 et

98 1802 209 1834 Oxon.
225 1811 264 1833 ac
279 1802 417 1833 Vas-cos.
434 1811 496 1842 pro
511 1803 532 1832 l.
545 1805 611 1842 pot.

140 1861 186 1883 Lx.
202 1855 223 1883 9
246 1851 313 1892 Εα]
337 1852 421 1883 Mss.
445 1856 481 1882 et
496 1851 605 1882 Editt.
623 1852 719 1883 Vett.
736 1861 798 1882 eas.

100 1902 208 1934 Clark.
254 1901 302 1933 At
323 1912 359 1933 ea
375 1906 468 1933 recte
485 1907 664 1933 servarunt
680 1902 798 1942 Cujac.

99 1951 189 1984 And.
207 1953 294 1984 Scal.
313 1952 424 1983 Oxou.
441 1951 536 1982 Leid.
553 1961 601 1992 pr.
611 1952 706 1983 Voss.
719 1956 798 1983 tert.

99 2008 136 2034 et
151 2003 249 2035 Gott.
275 2013 295 2034 a
316 2013 359 2034 m.
377 2012 444 2034 sec.
466 2002 501 2033 in
517 2012 583 2044 quo
598 2012 618 2033 a
632 2013 674 2033 m.
693 2002 801 2042 prima

101 2058 155 2085 est
179 2055 221 2084 od
248 2063 309 2092 eas,
334 2054 385 2085 uti
415 2058 452 2084 et
485 2053 518 2084 in
546 2053 610 2084 Ed.
628 2053 703 2084 Inc.
751 2054 802 2083 Εα

94 2104 167 2143 jam
201 2103 389 2134 Beroaldus
428 2107 464 2134 et
493 2112 587 2144 seqq.
619 2102 799 2134 dederunt.

100 2154 157 2184 Sic
185 2154 194 2170 ‘
213 2153 330 2185 eadem
373 2152 596 2193 transgressi'
628 2162 709 2184 vni.
749 2156 800 2184 10.

104 2203 144 2234 B.
173 2203 247 2234 Civ.
274 2213 298 2235 1.
322 2206 376 2234 64.
404 2204 412 2220 ‘
430 2212 471 2234 ea
495 2203 638 2234 transire
665 2202 802 2243 flumen,

103 2253 191 2294 qua,’
207 2253 270 2285 ἃς.

102 2324 106 2327 -
149 2306 188 2334 10
227 2303 348 2334 Vallum
376 2312 467 2333 manu
495 2302 655 2342 scandere]
691 2302 802 2333 Scala-

104 2363 178 2385 rum
203 2362 267 2393 ope
292 2362 358 2383 non
374 2352 496 2392 adjuti,
520 2362 594 2393 quae
610 2353 644 2382 in
665 2352 753 2383 hunc
770 2362 804 2383 u-

106 2414 179 2436 sum
203 2403 461 2434 adhibebantur.
507 2403 563 2433 Sic
578 2411 680 2442 supra
704 2412 734 2432 c.
750 2405 804 2434 42.

105 2457 114 2472 ⁶
124 2454 230 2486 Scalis
245 2454 369 2485 vallum
385 2452 594 2484 adscendere
608 2452 805 2492 coeperant?

107 2505 147 2536 ln
161 2505 255 2536 Msto
270 2505 388 2535 Brant.
411 2503 647 2543 nonnullisque
667 2503 807 2543 impres-

107 2555 150 2586 sis
164 2555 290 2596 legitur
312 2555 432 2585 Vallum
448 2563 539 2584 manu
555 2553 705 2584 scindere.
736 2552 806 2583 Ab·

110 2604 220 2636 surde.
267 2604 353 2636 Haec
380 2609 495 2635 tamen
522 2604 643 2634 vitiosa
665 2602 806 2643 scriptio

111 2653 270 2686 Graecum
286 2655 511 2695 interpretem
528 2652 663 2694 fefellit,
679 2653 734 2694 qui
751 2653 807 2683 ha-

110 2702 174 2734 bet
181 2703 218 2734 τὸ
225 2703 317 2745 ἔρυμα
324 2706 363 2746 τῇ
371 2703 452 2745 χειρὶ
461 2703 660 2745 περιτέμνειν.
670 2705 808 2735 Vascos.

114 2753 231 2796 editio,
253 2757 330 2788 c'um
346 2756 419 2788 aliis
441 2756 654 2797 quibusdam,
669 2754 810 2788 exhibet

1430 184 1542 226 1129

838 291 951 320 vallum
965 291 995 320 ri
1015 290 1233 326 conscendam
1257 288 1315 319 sed
1342 288 1415 318 haec
1436 287 1540 318 etiam

841 340 986 370 varietas
1003 350 1042 370 ex
1059 340 1204 370 librariis
1221 339 1367 377 vnlgatae
1385 337 1542 368 lectionis

838 400 970 421 sensum
989 402 1053 422 non
1070 391 1284 431 capientibus
1302 395 1413 420 ortum
1429 388 1541 420 duxit.

840 441 950 471 Ducis.
998 441 1051 471 Ita
1080 441 1188 471 edidit
1213 441 1375 481 Scaliger,
1398 448 1543 480 eumque

839 495 973 521 secutus
1003 491 1178 529 Davisius,
1210 492 1265 531 qui
1295 492 1544 531 iuterpretatur

838 551 930 571 numu
945 542 1105 579 scandere,
1127 542 1135 557 ‘
1154 542 1336 572 ascendere
1355 542 1427 572 sine
1442 541 1545 572 scala-

840 602 911 622 rum
929 592 1018 632 ope.'
1065 592 1243 624 Quomodo
1280 602 1381 632 supra
1409 592 1544 622 dixerat

840 642 956 673 Caesar
970 643 991 672 l.
1005 650 1036 672 v.
1053 643 1068 681 ξ
1082 644 1134 671 35.
1150 642 1158 657 ‘
1176 642 1280 672 Scalis
1295 642 1417 672 vallum
1430 649 1544 672 ascen-

840 691 922 723 dere
951 692 1148 733 coeperunt.’
1193 693 1232 722 In
1262 693 1432 733 plerisque
1459 692 1545 722 Mes.

841 745 977 785 legitur,
994 745 1106 775 callum
1119 754 1210 774 manu
1227 744 1374 774 scindere.
1421 743 1461 774 In
1478 744 1544 774 Ms.

842 796 926 835 Reg.
944 795 1054 825 vallum
1075 795 1224 825 scindere.
1272 794 1413 825 Graccus
1430 794 1546 831 habet,

840 845 877 875 τὸ
888 845 982 885 ἔρυμα
993 847 1033 886 τῇ
1043 844 1124 885 χειρὶ
1136 848 1417 876 HEPITEMNEIN.
1432 845 1544 876 Quam

841 895 1022 926 lectionem
1039 895 1212 933 Davisius,
1240 900 1277 925 ut
1302 894 1399 925 valde
1432 893 1548 924 absur-

842 948 932 985 dam,
961 947 1086 987 rejicit.
1131 946 1196 977 Sed
1227 946 1381 987 superius
1411 945 1548 975 dixerat

843 998 958 1028 Caesar
982 997 1002 1026 l.
1021 1005 1077 1028 ιιι.
1094 997 1109 1036 ξ
1126 1000 1158 1026 5.
1188 997 1300 1026 tullum
1317 996 1466 1034 scindere,
1483 993 1550 1032 fos-

842 1055 892 1077 sas
907 1046 1066 1086 complere.
1113 1047 1159 1076 Et
1186 1046 1269 1076 illud
1298 1046 1408 1085 ipsum
1436 1046 1549 1075 callum

843 1106 934 1126 manu
951 1096 1088 1126 scindere
1114 1104 1179 1125 non
1196 1095 1390 1125 necessario
1418 1094 1469 1124 ita
1496 1097 1550 1124 est

844 1145 1096 1186 accipiendum,
1126 1154 1166 1175 ac
1190 1145 1216 1175 si
1243 1145 1343 1176 nullis
1369 1148 1550 1175 uterentur

843 1196 1090 1228 instrumentis.
1138 1196 1246 1227 Clark.
1302 1194 1356 1225 Ad
1394 1193 1550 1225 Frontin.

845 1257 904 1279 111.
937 1251 987 1278 17.
1011 1248 1028 1288 ᾗ
1051 1250 1082 1278 6.
1111 1246 1218 1285 fossas
1240 1246 1358 1286 inplere
1380 1247 1410 1276 et
1432 1244 1463 1274 ti
1488 1244 1551 1275 ral-

844 1299 920 1337 lum,
943 1298 1006 1339 (sic
1031 1298 1120 1329 enim
1143 1296 1249 1336 malo)
1271 1295 1432 1327 detrahere
1454 1304 1552 1335 coepe-

845 1352 930 1386 runt,
946 1347 1046 1379 docui
1071 1352 1202 1379 rectum
1218 1356 1292 1378 esse
1315 1346 1449 1377 omnino
1472 1344 1551 1376 scin-

845 1398 930 1436 dere,
967 1401 1037 1428 tam
1062 1406 1104 1428 ex
1123 1397 1259 1436 Oresio,
1282 1397 1472 1436 Polyaenos
1495 1395 1551 1426 In·

848 1452 956 1488 terpr.
973 1448 1111 1486 Graeco,
1129 1457 1228 1488 quam
1246 1446 1413 1477 similibus
1441 1446 1553 1477 Caesa·

849 1498 893 1528 ris
910 1498 1005 1537 locis,
1032 1508 1070 1529 ac
1097 1499 1184 1530 Mss.
1204 1503 1239 1529 et
1256 1498 1343 1529 Edd.
1360 1498 1458 1528 Vett.
1504 1496 1552 1528 Hi

849 1548 938 1578 enim
967 1558 1082 1579 omnes
1106 1549 1245 1579 scindere
1276 1548 1452 1587 exhibent,
1489 1547 1554 1577 nisi

850 1598 938 1640 quod
953 1598 1228 1639 corruptissimus
1248 1599 1345 1629 Voss
1364 1607 1431 1629 sec.
1448 1597 1507 1628 det
1520 1597 1553 1627 vi

849 1650 1060 1687 conscendere,
1082 1654 1120 1680 ut
1136 1654 1189 1680 est
1205 1648 1237 1679 in
1255 1648 1318 1679 Ed.
1339 1648 1430 1679 Flor.
1449 1648 1554 1678 Bero-

851 1699 919 1730 aldi
935 1704 971 1730 et
987 1699 1140 1739 margine
1154 1699 1293 1729 Vascos.
1318 1698 1526 1737 aliorumque
1541 1707 1549 1727 ε

849 1759 942 1780 mann
958 1749 1057 1780 abest
1073 1759 1092 1780 a
1108 1749 1209 1780 solius
1227 1749 1322 1780 Leid.
1339 1748 1440 1789 primi
1453 1757 1555 1779 manu

849 1799 969 1839 prima.
1015 1799 1082 1829 Vix
1099 1798 1230 1838 dubito,
1254 1799 1335 1840 quin
1363 1798 1447 1829 illud
1470 1808 1556 1829 scan-

848 1850 922 1879 dere
938 1849 1196 1889 typothetarum
1214 1858 1328 1879 errore
1344 1849 1378 1878 in
1397 1847 1459 1879 Ed.
1478 1850 1556 1879 Sca-

849 1899 1036 1940 ligeranam
1054 1899 1248 1940 inrepserit.

894 1955 931 1982 11
969 1950 1122 1981 Omnibus
1143 1951 1244 1991 portis
1271 1950 1433 1990 eruptione
1447 1948 1555 1989 facta]

850 2001 964 2032 Aliter
988 2002 1060 2032 haec.
1087 2002 1269 2042 Pol>aenus
1297 2002 1445 2040 Strateg.
1473 2008 1556 2030 vni.

850 2055 905 2084 23.
937 2052 987 2082 ait
1013 2052 1103 2082 enim
1127 2052 1297 2083 Caesarem
1325 2050 1435 2089 ipsum
1460 2054 1559 2079 extra

852 2107 964 2134 castra
976 2102 1154 2133 sublimem
1171 2102 1281 2132 locum
1296 2099 1532 2132 conscendisse
1547 2110 1557 2136 3

853 2158 1039 2194 posteaque
1056 2157 1093 2183 et
1107 2151 1204 2182 simul
1232 2161 1251 2182 e
1279 2151 1398 2182 castris
1425 2150 1557 2180 exerci-

852 2209 937 2244 tum,
967 2209 1002 2235 et
1028 2213 1047 2234 e
1066 2203 1242 2244 superiore
1260 2202 1332 2233 loco
1363 2201 1558 2241 prorupisse

854 2255 1037 2294 Caesarem,
1053 2258 1090 2284 ut
1115 2262 1134 2284 a
1145 2252 1258 2283 fronte
1274 2261 1314 2282 ac
1330 2256 1427 2292 tergo
1443 2251 1558 2281 hostes

853 2305 1106 2335 clauderentur.
1153 2304 1198 2334 Et
1214 2303 1276 2333 hac
1301 2302 1431 2333 ratione
1448 2301 1558 2332 victos

853 2354 984 2385 Gallos.
1015 2354 1148 2384 Vossius.

897 2407 994 2436 1,11.l
1039 2403 1178 2443 Veritus]
1215 2402 1372 2443 Amplius
1397 2403 1559 2434 exhibent

854 2455 959 2487 Codd.
976 2454 1065 2485 And.
1084 2454 1177 2485 Leid.
1191 2454 1289 2494 prim.
1307 2453 1418 2484 Oxon.
1435 2453 1557 2492 Scalig.

854 2509 890 2535 et
906 2504 969 2536 Ed.
985 2505 1025 2535 R.
1039 2503 1203 2544 Stephani
1219 2503 1320 2534 noluit
1337 2503 1464 2533 veritus.
1498 2502 1559 2532 At-

855 2563 919 2595 que
943 2554 992 2585 ita
1020 2554 1083 2585 Gr.
1109 2553 1299 2593 Interpres‚
1332 2552 1439 2593 quiet
1459 2552 1558 2592 plura

856 2604 951 2635 addit
974 2603 1092 2635 διώκειν
1112 2604 1167 2634 οὐκ
1195 2601 1370 2639 ἠβουλήθη,
1396 2600 1498 2631 δείσας
1515 2600 1558 2638 μὴ

857 2653 960 2695 ἐνέδρα
973 2666 1020 2685 τις
1035 2653 1136 2696 ὑπῄει,
1151 2653 1198 2684 ὅτι
1215 2652 1321 2693 δρύμα,
1338 2652 1399 2681 &c-

898 2708 917 2736 2
944 2705 1050 2745 Neque
1064 2705 1159 2736 etiam
1182 2703 1308 2743 par-rulo
1323 2700 1507 2730 detrimento
1522 2700 1560 2730 il-

856 2756 955 2787 lorum
977 2755 1075 2787 locum
1105 2751 1237 2792 relinqui
1270 2748 1407 2791 videbat]
1444 2748 1558 2782 Acute
