1872 3115
394 175 487 204 mu.
521 174 550 203 ι.
583 172 690 201 cAr.
722 159 790 201 52.
827 171 888 200 DE
923 170 1077 200 nmmo
1110 168 1337 199 GALLmO.

148 272 243 300 dunos
269 277 446 310 reponere,
470 267 548 308 quia
575 266 704 297 Plinius
719 274 776 296 eos
792 265 848 296 ΑΙ-

150 321 246 362 pinos
261 329 336 353 csse
350 319 488 360 populos
501 318 561 348 ait.
585 318 656 357 Ego
668 326 734 347 non
749 317 847 347 video

150 379 314 407 caussam,
342 377 403 399 cur
439 366 597 407 Alpinum
635 366 775 397 militem
814 367 847 397 in

149 422 301 453 exercitu
317 419 472 450 habuerit
488 418 691 455 Ariovistus,
703 419 756 448 vel
771 428 849 459 quo-

148 471 247 503 modo
270 469 394 500 habere
421 468 584 508 potuerit.
631 468 752 508 Itaque
780 478 848 498 om-

149 521 227 552 nino
252 519 397 551 arbitror
419 518 562 549 Sedu-sios
584 518 774 549 Germanos
799 516 850 548 fu-

149 571 225 601 isse.
271 569 310 599 In
327 568 450 600 Orosio
468 573 578 599 tamen
599 572 634 598 et
658 567 849 607 Freculpho

149 623 347 651 constanter
361 623 412 649 est
432 619 563 650 Edures.
596 618 636 649 In
654 618 719 649 Ms.
734 622 849 649 nostro

149 669 271 701 Orosio
292 669 419 700 Eduses.
464 669 565 702 Quod
581 672 776 708 corruptum
799 677 849 698 ar-

149 719 256 751 bitror
286 728 328 750 ex
359 718 493 750 Sednsii.
540 718 616 750 Nisi
647 718 720 759 quis
750 718 849 748 aliam

149 776 299 811 gentem,
329 779 428 810 qnam
455 769 600 801 Sedusios
624 769 848 808 conjectaret.

150 820 257 850 Erant
273 819 350 850 olim
369 819 505 849 Eudoses
526 819 560 849 in
577 818 774 857 Germania,
790 818 851 849 sed

151 869 269 910 procul
285 869 326 899 ab
343 869 504 900 Ariovisti
521 878 636 909 regno,
653 868 779 909 quippe
796 868 852 899 siti

147 919 232 949 locis
244 929 319 960 quae
333 929 420 949 nunc
436 919 616 950 Pomerani
631 923 760 950 tenent.
783 918 851 949 Sed

149 969 231 999 nihil
246 969 278 999 hi
295 969 335 998 ad
354 968 574 1000 Ariovistum.
603 969 736 1000 Vossius.
782 968 851 999 Alii

149 1020 268 1050 volunt
284 1019 425 1050 Sebusr'os
438 1031 448 1050 :
472 1019 514 1050 de
530 1020 582 1051 his
604 1024 639 1051 et
656 1020 781 1050 ceteris
796 1019 850 1050 hic

149 1068 327 1100 nominatis
352 1069 431 1100 vide
458 1069 648 1100 Comment.
678 1069 741 1099 Ed.
769 1069 852 1100 Jun-

151 1128 255 1159 germ.

195 1171 233 1199 13
266 1168 404 1210 Milites]
443 1169 554 1200 Deest
584 1170 618 1200 in
647 1169 731 1199 Mss.
767 1169 851 1209 Reg.

151 1218 276 1250 Eliens.
303 1224 338 1250 et
367 1219 491 1256 Vossii,
522 1224 558 1251 et
588 1220 622 1250 in
646 1219 741 1251 Edit.
771 1220 850 1250 Vet.

152 1269 246 1300 Rom.
265 1271 328 1300 ἁτε.
354 1269 463 1300 Clark.
501 1270 590 1301 Dele
607 1270 735 1309 milites,
752 1279 852 1311 quam

152 1328 266 1349 vocem
295 1328 362 1350 nou
388 1324 575 1360 agnoscunt
599 1321 766 1361 Bongars.
799 1330 852 1360 pr.

151 1378 216 1400 sec.
233 1369 352 1400 Petav.
368 1370 493 1400 Lovan.
512 1371 673 1411 Gottorp.
689 1370 852 1410 Egmond.

152 1422 187 1450 et
218 1419 290 1450 Pal.
327 1420 439 1450 Daris.
485 1429 554 1451 cur.
585 1429 652 1451 sec.
683 1420 793 1451 Deest
820 1419 854 1449 in

153 1468 264 1499 Oxou.
294 1468 389 1499 Voss.
421 1474 500 1500 tert.
529 1474 565 1500 et
592 1469 689 1500 Leid.
718 1478 785 1499 sec.
814 1478 853 1499 ac

153 1522 233 1549 tert.
262 1518 344 1549 item
375 1519 600 1557 Dorvilliano,
626 1527 666 1549 ac
690 1518 752 1549 Ed.
782 1518 854 1549 Ine.

151 1568 238 1598 Ven.
267 1572 302 1598 et
331 1567 426 1598 Med.
473 1569 564 1599 Quia
590 1572 703 1599 tamen
735 1566 855 1607 optimi

152 1617 251 1648 etiam
269 1618 413 1649 Codices
433 1618 614 1648 Vossianus
640 1626 690 1657 pr.
707 1621 742 1647 et
758 1616 855 1647 Leid.

154 1668 251 1708 prim.
270 1677 345 1699 cum
361 1668 578 1708 Scaligerano
592 1672 628 1697 et
643 1665 770 1697 Andin.
788 1675 855 1696 ser-

152 1722 244 1758 vant,
260 1718 384 1758 ejicere
404 1709 563 1757 'protinus
579 1716 681 1747 nolui.
726 1715 856 1747 Durior

154 1767 256 1798 etiam
271 1766 361 1798 foret
381 1768 489 1798 oratio
509 1767 737 1809 proficiscentes
756 1767 855 1806 passis

151 1826 195 1847 cr.
224 1817 351 1858 flentes.

154 1877 184 1899 c.
202 1871 256 1900 40.

196 1919 304 1950 Passis
325 1919 474 1959 crinibus]
504 1918 792 1959 Frequentissime
808 1918 857 1949 ita

154 1967 393 2000 describuntur
407 1969 564 2000 mulieres
581 1969 613 1999 in
630 1969 737 1999 luctu.
769 1968 856 1999 Con-

154 2017 224 2049 sule
241 2022 336 2050 notas
360 2017 569 2050 Hotomanni
591 2022 627 2049 et
656 2017 788 2048 Brantii
816 2027 855 2048 ac

155 2067 346 2099 Doctorum
382 2069 549 2108 Virorum,
577 2069 610 2099 in
643 2068 760 2108 primis
802 2068 854 2099 Cl.

155 2117 331 2150 Drakenb.
359 2118 402 2149 ad
430 2118 561 2150 Livium
585 2127 660 2151 xvn
687 2122 738 2150 13.
774 2119 857 2150 ‘Sa-

156 2166 243 2198 binae
259 2168 419 2199 mulieres
432 2169 580 2200 crinibus
597 2170 717 2210 passis,
740 2170 857 2200 scissa-

157 2226 221 2257 que
241 2222 334 2248 veste.
348 2218 368 2249 :'
391 2223 426 2249 et
440 2228 504 2250 vn.
522 2222 576 2250 43.
600 2221 609 2237 ‘
627 2221 858 2261 conjugesque

156 2264 304 2297 crinibus
332 2268 436 2307 passis
458 2269 567 2300 obviae
593 2269 635 2301 ab
658 2270 742 2301 urbe
767 2270 858 2301 veni-

157 2320 213 2345 ant
229 2314 248 2345 :’
273 2315 328 2346 ubi
351 2316 437 2347 male
461 2319 615 2359 plerique
639 2319 748 2350 Codd.
773 2320 857 2351 Mss.

154 2365 291 2404 sparsis.-
313 2366 362 2396 uti
378 2371 414 2398 et
429 2366 518 2398 infra
529 2377 595 2399 vn.
606 2372 659 2401 48.
676 2369 717 2400 ad
730 2370 858 2403 Justin.

157 2422 258 2446 xxlv.
281 2417 311 2446 3.
338 2418 368 2446 1.
392 2418 401 2433 ‘
419 2418 563 2457 spoliata
585 2418 757 2451 funeribus
776 2420 860 2452 filio-

158 2474 241 2504 rum,
256 2466 359 2497 scissa
380 2472 474 2498 veste
499 2474 534 2499 et
557 2469 702 2500 crinibus
717 2470 857 2510 passis:’

157 2519 193 2545 et
219 2514 287 2547 illic
320 2517 421 2557 vulgo
445 2518 573 2558 sparsis,
595 2529 634 2550 ac
658 2520 742 2550 Mss.
769 2522 859 2562 quod

157 2563 294 2596 defendi
315 2573 428 2606 posset
455 2573 489 2599 et
515 2578 558 2600 ex
583 2570 718 2600 Lucano
742 2579 777 2602 x.
805 2573 858 2603 84.

156 2615 298 2647 ‘Tristis
325 2617 399 2649 adit
423 2618 551 2650 laceros
575 2620 681 2650 veluti
707 2619 860 2661 dispersa

158 2665 321 2706 capillos!
376 2668 444 2699 Sed
479 2669 581 2710 sparsi
615 2669 722 2710 capilli
760 2669 861 2702 aliter

159 2716 276 2750 melius
289 2719 494 2752 conveniunt
504 2719 711 2761 furibundae,
724 2725 762 2752 ut
774 2720 860 2753 bene

410 1817 540 1849 Eadem
571 1815 724 1848 confusio
754 1825 856 1856 supra

1515 157 1601 199 963

898 265 1090 296 observavit
1117 264 1169 295 Cl.
1194 263 1488 303 Drakenburgius.
1534 264 1600 294 Ve-

900 324 972 344 rum
990 315 1050 345 hoc
1074 316 1148 345 loco
1170 316 1300 355 Bongg.
1326 319 1405 351 tres,
1426 313 1601 345 Petavian.

899 364 1016 404 Cujac.
1058 365 1287 402 Lovaniensis,
1322 364 1477 395 Vossiani
1523 368 1604 404 tres,

901 414 996 445 Leid.
1025 415 1122 454 prim.
1150 415 1313 455 Egnmnd.
1338 419 1373 445 et
1397 414 1463 445 (luo
1490 419 1602 445 tresve

899 464 1108 495 recentiores
1124 465 1190 495 mci
1216 470 1342 504 praeter
1366 465 1505 495 aliorum
1534 464 1603 494 Ms-

901 520 965 553 tos,
980 523 1018 544 ac
1035 514 1122 544 Edu.
1140 513 1212 544 Inc.
1229 514 1319 551 Aldi,
1334 514 1449 554 steph.
1467 514 1602 554 Grypli.

900 569 935 595 et
951 568 1086 595 ceteras
1104 564 1266 594 exhibent
1283 565 1431 595 manibus.
1465 564 1604 595 Diserte

900 615 1002 647 etiam
1023 615 1273 654 Metaphrastes
1295 616 1437 644 Graecus
1461 614 1517 645 τὰς
1540 615 1605 653 χεῖ-

900 679 953 707 ρας
981 666 1055 707 πρὸς
1090 665 1162 697 τοὺς
1197 666 1386 705 στρατιώτας
1415 666 1604 705 ὀρεγόμεναι.

903 719 1007 749 Hisce
1035 716 1122 748 adde
1147 726 1186 748 ιι.
1214 719 1263 747 13.
1288 717 1296 733 ‘
1314 717 1410 756 pueri
1435 717 1606 747 mulieres-

902 778 966 810 que
983 778 1002 799 e
1017 777 1112 798 muro
1130 767 1234 807 passis
1251 767 1403 797 manibus
1425 776 1544 805 pacem
1563 767 1605 798 ab

903 819 943 849 R.
967 817 1161 859 petierunt!
1187 827 1251 848 vn.
1276 820 1327 848 40.
1353 820 1407 848 47.
1430 818 1438 833 ‘
1457 818 1606 857 pectoris

902 869 968 899 tine
990 869 1222 909 prominentes
1247 868 1351 908 passis
1375 868 1526 899 manibus
1548 868 1606 899 ob-

903 920 1115 951 testabantur
1131 919 1300 950 Romanos
1314 918 1334 949 ι’
1361 919 1409 948 uti
1432 919 1487 949 ille
1512 918 1606 949 locus

903 975 955 1000 est
980 969 1185 1000 scribendus.
1210 970 1250 999 B.
1270 968 1342 1000 Civ.
1360 977 1415 998 ιιι.
1430 972 1481 999 98.
1506 969 1514 985 ‘
1534 978 1609 1008 pas-

903 1020 1014 1060 sisque
1032 1019 1150 1060 palmis
1177 1018 1320 1059 projecti
1344 1017 1386 1048 ad
1413 1024 1536 1048 terram
1558 1027 1607 1048 sa-

903 1071 1008 1101 lutem
1038 1068 1234 1110 petieruntl
1280 1069 1353 1099 Nec
1379 1077 1454 1098 raro
1483 1070 1491 1084 ‘
1512 1077 1609 1107 passa

904 1119 1065 1158 brachia‚’
1091 1119 1100 1136 ⁴
1118 1117 1246 1149 manus'
1271 1121 1466 1148 occurrunt.
1491 1118 1531 1147 V.
1555 1118 1607 1148 Cl.

903 1170 1021 1200 Burm.
1050 1169 1092 1199 ad
1121 1168 1225 1199 Ovid.
1249 1168 1325 1199 Art.
1350 1166 1427 1198 Am.
1448 1176 1506 1198 ιιι.
1532 1170 1607 1198 350.

903 1220 976 1250 ‘Ut
1016 1223 1152 1250 moveat
1184 1218 1296 1258 posito
1333 1217 1472 1247 brachia
1511 1227 1609 1257 passa

904 1268 1021 1300 mero.’
1073 1268 1234 1299 German.
1272 1267 1305 1297 in
1343 1267 1441 1298 Arat.
1482 1277 1515 1297 v.
1555 1270 1608 1298 61.

903 1318 1137 1359 ‘Suppliciter
1163 1317 1276 1357 pansis
1302 1317 1344 1347 ad
1375 1317 1511 1347 numina
1543 1317 1611 1357 pal-

904 1369 988 1400 mis.'
1035 1368 1126 1400 Hinc
1148 1367 1260 1399 forsan
1286 1367 1408 1407 aliquis
1429 1372 1528 1407 putet
1555 1367 1614 1397 ad-

903 1418 1050 1450 hibuisse
1087 1418 1257 1449 Caesarem
1293 1420 1475 1456 utrumque
1512 1416 1612 1455 passis

905 1468 1044 1498 manibus
1058 1467 1264 1505 crinibusque.
1311 1467 1414 1496 Certe
1431 1466 1479 1496 sic
1497 1466 1612 1506 jungit

906 1526 971 1547 vn.
988 1520 1039 1547 48.
1064 1522 1072 1533 ⁶
1090 1517 1220 1546 Matres
1238 1515 1386 1555 familiae,
1403 1525 1478 1556 quae
1498 1517 1612 1556 paullo

904 1572 984 1599 ante
1003 1567 1162 1599 Romanis
1180 1567 1223 1598 de
1238 1577 1332 1598 muro
1350 1577 1466 1598 manus
1493 1568 1612 1598 tende-

904 1617 998 1648 bant‘
1019 1614 1251 1657 (obtestantes
1266 1623 1302 1648 ut
1326 1618 1390 1648 sibi
1414 1617 1612 1658 parcerent)

905 1670 914 1686 ‘
924 1679 1002 1700 suos
1013 1669 1180 1700 obtestari
1189 1673 1223 1700 et
1233 1679 1324 1700 more
1336 1670 1466 1701 Gallico
1477 1679 1613 1710 passum

905 1719 1065 1759 capillum
1079 1720 1271 1757 ostentare‚’
1286 1722 1350 1750 διε.
1396 1719 1443 1750 At
1460 1720 1537 1750 inde
1555 1729 1612 1760 pa-

907 1772 969 1808 tet,
985 1778 1041 1799 eas
1063 1779 1172 1800 manus
1198 1770 1362 1800 tetendisse
1385 1769 1419 1800 in
1436 1770 1610 1809 rogatione

905 1819 1013 1850 veniae
1060 1824 1096 1850 et
1134 1821 1252 1859 pacis;
1303 1819 1401 1850 crines
1438 1819 1610 1851 demisisse

901 1878 1006 1909 passos
1034 1868 1068 1899 in
1099 1869 1333 1900 obtestatione
1362 1879 1506 1901 suorum.
1553 1868 1612 1901 Nil

906 1929 988 1960 ergo
1004 1919 1213 1951 mutandum.

950 1978 1010 2000 L11.
1037 1972 1056 2000 3
1093 1970 1184 2005 Quod
1220 1979 1286 2001 eam
1321 1973 1446 2010 partem
1485 1970 1611 2001 minime

896 2019 1028 2062 firmam
1064 2021 1198 2052 hostium
1234 2031 1298 2052 esse
1333 2022 1611 2062 animadverterat]

906 2071 1091 2111 Suspectus
1107 2072 1186 2102 mihi
1200 2072 1304 2103 locus.
1350 2071 1403 2102 An
1419 2072 1522 2112 igitur
1539 2073 1614 2104 Cae-

907 2130 961 2151 sar
997 2121 1086 2161 quod
1124 2120 1321 2152 facillimum
1357 2120 1422 2152 sibi
1465 2122 1611 2153 sumsit?

907 2172 1010 2203 Certe
1027 2176 1146 2203 contra
1162 2181 1289 2203 morem
1305 2170 1444 2203 fortium
1469 2172 1612 2213 impera-

906 2227 1029 2263 torum,
1059 2227 1095 2254 et
1123 2222 1242 2264 quibus
1274 2223 1387 2263 aliqua
1411 2223 1526 2262 gloriae
1554 2233 1611 2254 cu·

906 2271 998 2312 pido.
1034 2272 1176 2304 Qualem
1192 2271 1294 2304 fuisse
1313 2273 1481 2304 Caesarem
1500 2274 1611 2305 nultus

906 2322 1094 2362 negaverit.
1118 2322 1256 2353 Tacitus
1273 2331 1312 2354 11.
1329 2321 1452 2353 Annal.
1469 2323 1511 2354 de
1527 2323 1612 2355 Ger-

907 2373 1060 2404 manico:
1086 2374 1095 2390 ⁶
1113 2373 1212 2407 Quod
1238 2373 1393 2412 arduum,
1417 2373 1492 2413 sibi,
1509 2378 1611 2405 caete-

907 2433 956 2463 ra,
992 2423 1114 2464 legatis
1146 2423 1323 2464 permisit.’
1369 2425 1414 2455 Et
1444 2427 1612 2464 repugnat

907 2483 985 2504 mox
1007 2473 1081 2515 ipse
1103 2474 1242 2511 Caesar3
1266 2474 1395 2514 quippe
1415 2474 1475 2512 ait,
1500 2475 1509 2492 ‘
1527 2474 1613 2505 Ger-

908 2523 997 2554 mani
1034 2533 1054 2554 a
1090 2523 1213 2555 dextro
1248 2533 1353 2554 cornu
1392 2524 1611 2554 vehementer

907 2576 1126 2606 multitudine
1157 2585 1292 2606 suorum
1324 2580 1472 2605 nostram
1503 2574 1611 2606 aciem

909 2625 1132 2665 premebant!
1163 2624 1340 2658 Quomodo
1355 2623 1538 2655 infirmiore
1553 2633 1611 2655 ex-

909 2674 1036 2706 ercitus
1063 2674 1114 2706 sui
1142 2679 1240 2715 parte
1269 2673 1440 2705 Romanos
1466 2673 1617 2707 maxime.

909 2724 1123 2764 premebant.
1176 2724 1230 2755 Ex
1273 2723 1408 2764 ingenio
1459 2724 1619 2765 quamvis>
