1872 3115
320 186 407 228 988

363 291 404 319 23
430 289 714 328 Existimat-erunt]
733 290 897 330 Bongars.
913 289 1022 330 primi.

319 339 559 369 extimaverunt.
578 339 698 370 Petav.
714 340 839 370 Lovan.
854 340 1021 378 Egmuml.

320 389 540 419 estimaverunt
568 389 587 419 i.
611 399 640 420 e.
665 391 910 421 ‹estimat-eruut.
958 390 1022 420 Ve-

321 439 450 468 rissime
478 439 540 469 boc
567 440 653 475 loco.
680 440 736 470 ubi
760 441 871 477 agitur
887 441 929 471 de
948 451 1022 480 per-

322 488 482 528 pensione
504 489 584 528 quid
610 489 872 529 praeferendum,
897 490 1023 530 quidve

322 540 595 578 postponendum
622 540 676 571 sit.
729 540 828 580 Saepe
854 539 950 570 nimis
975 544 1024 570 te-

321 597 412 619 mere
444 590 629 622 admittunt
657 591 719 621 viri
753 590 843 622 docti
869 591 1024 620 (estimare

323 647 386 678 pro
402 639 600 671 existimare.-
629 650 727 681 qunm
743 650 877 679 semper
894 639 966 670 fere
990 640 1022 669 in

322 687 407 720 Mas.
425 695 672 728 permutentur.
718 689 802 719 vide
821 689 964 719 Casaub.
981 689 1023 719 ad

321 737 460 770 Sueton.
490 739 576 779 Aug.
593 750 622 771 c.
640 743 671 770 2.
704 740 797 770 Cort.
821 739 863 769 ad
886 739 1022 769 Sallust.

323 788 398 819 Cat.
424 798 453 820 c.
477 792 507 820 8.
545 789 661 820 Davis.
679 789 720 819 ad
751 790 789 819 B.
807 790 881 820 Civ.
899 798 952 819 ιιι.
971 792 1022 819 95.

321 839 379 871 sed
398 840 550 880 inprimis
563 840 636 870 Cel.
652 841 835 870 Burmann.
846 839 888 869 ad
899 840 1023 871 Quinc-

322 889 373 920 til.
387 889 502 920 Instit.
521 899 552 920 v.
572 893 621 920 10.
641 895 677 920 et
698 889 832 921 Pliaedr.
851 890 886 920 F.
913 898 966 919 ιιι.
992 892 1022 919 4.

321 938 507 969 ‘Ridicule
538 939 642 979 magis
670 939 731 969 hoc
763 938 894 969 dictum
926 948 1024 979 quam

324 998 401 1020 vere
415 989 569 1020 aestimo.’
616 988 876 1019 Restituendum
891 999 1024 1029 quoque

324 1041 425 1070 ν.13.
444 1040 452 1055 ‘
469 1040 515 1070 Ut
530 1039 738 1069 aestimatur)
764 1048 828 1069 vu.
848 1041 896 1069 14.
913 1042 921 1056 ‘
938 1039 1025 1069 Mul-

324 1093 359 1120 to
390 1089 447 1119 illa
475 1090 612 1130 gravius
651 1089 839 1120 aestimavi)
877 1098 940 1120 vn.
973 1092 1024 1120 39.

323 1140 332 1155 ‘
351 1138 418 1169 levi
445 1145 618 1170 momento
643 1139 836 1170 aestimare?
871 1140 913 1170 V.
930 1145 965 1169 et
983 1139 1023 1170 B.

324 1189 396 1221 civ.
414 1198 468 1220 ιιι.
486 1193 514 1220 l.
528 1193 579 1221 ⁴26.
594 1191 602 1206 ‘
614 1190 721 1220 levius
735 1191 990 1220 aestimaverunt
1004 1190 1025 1220 :'

323 1238 379 1269 ubi
407 1239 460 1269 adi
484 1239 587 1270 etiam
605 1239 762 1271 Ciaccou.
787 1239 830 1270 de
847 1239 1027 1269 existimare

323 1288 400 1320 vide
417 1289 459 1319 ad
478 1290 517 1320 B.
536 1290 608 1320 Civ.
624 1299 679 1320 ιιι.
697 1293 770 1320 102.

367 1348 473 1370 Χνιιι.
498 1343 512 1370 1
563 1339 677 1380 Quem]
722 1340 803 1370 Mss.
832 1340 960 1370 Eliens.
992 1344 1027 1370 et

323 1388 448 1427 vossii,
472 1400 561 1429 quem
583 1390 702 1420 Iocum:
726 1389 903 1422 Quomodo
921 1396 955 1420 et
970 1400 1026 1419 sm-

323 1438 562 1479 piusloquitur
579 1439 706 1469 Caesar.
748 1440 855 1470 Clark.
902 1438 1026 1469 (honi-

323 1489 412 1520 ensis
451 1489 564 1525 etiam,
606 1489 772 1529 probante
803 1489 854 1520 Cl.
881 1489 1026 1526 was-sio,

324 1540 425 1570 immo
451 1539 688 1579 Bongarsiani‚
713 1539 879 1577 Vossiani,
908 1540 1026 1570 Petav.

325 1589 422 1620 Leid.
448 1590 546 1629 prim.
573 1589 662 1620 Scal.
694 1589 830 1630 aliique,
866 1599 931 1620 uno
969 1595 1026 1619 aut

326 1641 435 1671 altero
453 1640 644 1671 recentiore
667 1645 828 1680 excepto,
842 1640 924 1671 item
940 1639 1027 1671 Edd.

325 1689 410 1729 lnc.,
423 1688 1028 1730 Ami,Stephani‚G1-yphii‚Planrini

323 1739 467 1780 aliaeque
483 1739 613 1771 addunt
629 1741 737 1771 Iocum.
777 1740 878 1773 Quod
895 1739 1028 1780 flagitat

327 1789 470 1821 Caesaris
489 1795 675 1830 perpetuus
692 1791 818 1830 stylus3
843 1796 879 1820 ut
897 1795 1027 1820 taceam

326 1839 369 1870 de
386 1839 460 1870 aliis
476 1839 686 1878 auctoribus,
706 1840 761 1880 qui
785 1840 906 1871 crebro
924 1850 964 1870 ea
979 1850 1028 1871 re-

327 1889 492 1929 petitione
510 1893 663 1919 utuntur.
690 1898 713 1919 1.
729 1892 760 1920 6.
784 1891 793 1906 ⁴
811 1890 916 1920 Erant
934 1889 1029 1919 itine-

325 1947 363 1968 ra
376 1938 453 1977 duo,
468 1938 588 1978 quibus
607 1938 806 1968 itineribus!
830 1948 858 1969 c.
874 1942 924 1969 16.
943 1941 952 1955 ‘
967 1938 1029 1969 Di·

325 1997 379 2019 em
396 1987 537 2026 instare,
555 1998 621 2028 quo
638 1987 717 2018 die.’
751 1998 778 2019 c.
796 1991 848 2020 29.
875 1990 884 2005 ‘
902 1989 1027 2019 tabulae

325 2042 403 2068 sunt
420 2043 582 2078 repertae,
610 2038 732 2079 quibus
758 2039 790 2069 in
817 2038 963 2069 tabulis!
996 2049 1027 2070 c.

325 2090 378 2118 31.
402 2088 410 2104 ‘
429 2087 547 2128 proelio
575 2088 706 2127 vicerit,
736 2088 824 2130 quod
849 2090 1028 2129 proelium:

327 2150 367 2172 ιι.
381 2143 433 2171 35.
457 2141 465 2157 ‘
484 2141 526 2171 ab
541 2140 592 2171 bis
609 2141 813 2181 nationibus,
829 2152 903 2183 quae
922 2142 1029 2173 natio-

326 2202 386 2223 nes
401 2192 421 2223 ε’
447 2196 483 2223 ut
499 2197 552 2223 est
577 2192 610 2222 in
635 2191 729 2223 Leid.
749 2202 798 2232 pr.
839 2201 894 2223 111.
913 2197 939 2223 1.
961 2195 969 2209 ‘
989 2193 1028 2223 In

327 2243 414 2281 vico,
445 2243 500 2283 qui
530 2242 647 2273 vicus!
685 2252 715 2273 c.
744 2245 774 2274 3.
802 2243 810 2259 ⁴
831 2243 1028 2281 Consilium,

328 2294 444 2334 quoin
469 2292 634 2323 consilio!
667 2302 716 2323 lv.
733 2295 764 2323 7.
791 2297 855 2323 ‘ea
880 2292 911 2322 iu
940 2294 1028 2331 loca,

327 2344 450 2385 quibus
478 2343 511 2373 in
540 2342 643 2373 locis!
689 2353 718 2373 c.
738 2345 788 2373 19.
813 2346 820 2359 ‘
839 2343 888 2373 his
916 2343 1029 2380 rebus,

329 2403 468 2435 quarum
486 2402 596 2424 rerum
615 2392 757 2423 caussa!
783 2402 813 2423 c.
837 2395 889 2424 32.
913 2394 921 2409 ‘
940 2393 971 2423 in
990 2402 1030 2423 ea

328 2449 435 2484 parte,
452 2452 550 2483 quam
568 2443 600 2472 in
615 2441 771 2482 partem.'
797 2451 829 2472 v.
845 2445 895 2473 12.
913 2445 1028 2474 13.17.

328 2503 391 2525 vu.
411 2496 460 2524 12.
478 2494 530 2523 69.
570 2492 625 2522 ubi
651 2493 753 2522 etiam
783 2491 871 2521 vide.
929 2490 1029 2522 Addo

328 2551 408 2574 vul.
422 2545 474 2574 5-1.
490 2544 498 2559 ‘
518 2541 692 2582 praesidia:
718 2552 758 2571 ex
776 2542 897 2582 quibus
916 2543 1029 2581 pra-si-

328 2594 413 2625 diis:
435 2594 476 2624 B.
492 2593 566 2624 Civ.
589 2601 629 2623 11.
654 2595 707 2624 23.
722 2596 774 2623 25.
793 2595 844 2624 31.
867 2595 919 2624 35.
945 2593 1029 2623 etin

330 2653 423 2684 seqq.
443 2643 582 2682 pluries.
679 2630 687 2639 ¹

370 2698 388 2725 5
429 2693 558 2735 lrgfimus
587 2692 729 2734 apertus]
769 2692 879 2723 Recte
909 2693 1028 2724 Celei).

329 2744 540 2776 Burmannus
565 2743 739 2784 vulgatum
766 2742 875 2774 minus
898 2744 1031 2784 elegan-

785 197 927 228 No'rAE
959 197 1222 228 VARIORUM
1256 199 1306 229 ΙΝ

1075 294 1128 321 ter
1145 290 1273 321 dictum
1292 295 1403 331 putat,
1415 295 1451 321 et
1467 300 1507 321 ex
1523 291 1654 322 variata
1670 291 1778 333 scrip-

1074 346 1150 371 tura
1166 346 1275 381 patet,
1292 342 1393 372 aliter
1410 341 1524 382 paullo
1537 341 1687 372 lorntum
1701 351 1775 372 esse

1076 392 1255 422 (fu-sarem.
1305 393 1390 423 Nam
1421 392 1453 421 in
1483 391 1668 422 Oxoniensi
1695 391 1777 423 scri-

1076 441 1165 472 bitur
1202 443 1325 483 irfimus
1354 444 1518 482 aperitur:
1556 442 1588 471 iu
1614 441 1769 472 Leidensi

1075 492 1182 532 primo
1199 492 1312 533 infimis
1330 502 1380 532 ‘¹1'-
1416 492 1455 522 In
1474 492 1672 523 Dukeriano
1697 491 1777 529 infe-

1073 543 1140 572 rius
1155 546 1299 582 opertus.-
1324 543 1355 572 iu
1386 543 1549 580 Borugars.
1576 542 1778 582 see.1'nfine

1074 602 1138 632 111²„
1162 597 1195 622 at
1215 591 1392 623 Potnvian.
1419 592 1524 633 infima
1539 596 1674 632 apertus.
1709 593 1776 622 Ve-

1076 641 1218 679 rissime,
1241 642 1310 672 sive
1327 642 1359 671 in
1379 641 1582 672 Accusativo
1601 651 1661 681 per
1680 642 1778 672 Grae-

1075 691 1214 721 eis-mum
1234 691 1362 730 capias,
1380 691 1449 721 ¹sive
1475 691 1506 720 in
1532 691 1708 725 Ablativo,
1727 700 1779 721 rc-

1076 740 1196 770 tractis
1214 741 1278 770 huc
1305 740 1415 770 verbis
1441 739 1479 770 ab
1492 743 1594 779 parte.
1640 741 1695 771 Sic
1712 749 1776 771 vn.

1077 793 1127 820 19.
1144 791 1151 806 ‘
1169 790 1273 820 Collis
1290 789 1331 820 ab
1349 789 1474 827 infimo,
1492 789 1632 819 adclivis
1645 789 1663 819 :'
1679 800 1710 820 c.
1723 793 1777 821 7³.

1075 840 1083 856 ⁴
1102 838 1143 869 ab
1175 838 1287 869 infimo
1331 838 1500 869 revincti)
1568 838 1635 869 Adi
1670 839 1776 870 virum

1075 889 1247 920 laudatum
1264 890 1305 920 ad
1332 888 1435 919 Ovid.
1466 889 1553 919 Fast.
1572 898 1602 918 v.
1621 891 1695 919 382.
1720 899 1772 919 su-

1076 948 1136 979 pra
1157 939 1300 969 vidimus
1323 937 1502 978 legendum
1519 937 1660 976 frontem
1680 938 1779 976 jasti-

1072 994 1168 1029 gaius
1184 1000 1212 1020 c.
1233 992 1266 1020 Β.

1117 1045 1138 1072 9
1162 1042 1315 1072 Fluminis
1338 1044 1405 1071 emt
1432 1042 1565 1072 altitudo
1581 1041 1708 1072 circiter
1727 1051 1779 1081 pe-

1075 1093 1147 1122 (lum
1178 1091 1290 1131 trium]
1336 1091 1533 1121 (tiaceonius
1562 1095 1597 1121 et
1635 1090 1780 1121 Ursinus

1076 1144 1271 1179 emendant,
1287 1142 1417 1172 latitudo
1439 1142 1546 1181 pedum
1563 1144 1781 1180 trecentorum,

1076 1194 1130 1225 vel
1161 1194 1294 1224 altitudo
1321 1194 1434 1233 pedum
1465 1201 1555 1223 xxx.
1616 1192 1779 1222 Caussam

1077 1245 1220 1283 addunt,
1245 1245 1323 1283 quia
1352 1242 1439 1273 infra
1464 1243 1581 1273 Caesar
1604 1241 1662 1278 ait,
1680 1249 1779 1271 ausos

1080 1294 1223 1325 transire
1243 1293 1442 1323 latissimum
1472 1290 1608 1326 flumen,
1635 1297 1669 1321 et
1686 1290 1778 1320 altis·

1078 1345 1207 1375 simum.
1254 1343 1318 1373 Sed
1346 1342 1412 1373 fide
1440 1351 1557 1382 parum
1587 1341 1674 1371 bona
1699 1340 1780 1371 alle-

1079 1399 1159 1433 gant
1176 1393 1279 1423 verba
1296 1392 1455 1430 Caesmis,
1478 1401 1553 1421 nani
1572 1391 1628 1421 ille
1644 1399 1712 1420 nou
1730 1389 1778 1420 ait

1078 1443 1277 1473 altissimum
1304 1440 1442 1478 flumen,
1471 1440 1530 1471 sed
1553 1439 1721 1471 altissimus
1738 1439 1782 1469 ri-

1076 1502 1149 1533 pas.-
1175 1502 1249 1533 quae
1272 1492 1370 1531 longe
1393 1491 1528 1522 diversa
1554 1495 1644 1522 sunt.
1693 1490 1782 1521 Nam

1080 1543 1191 1583 potuit
1223 1541 1408 1572 decessisse
1436 1551 1523 1581 aqua
1551 1540 1709 1578 fluminis,
1744 1543 1782 1570 ut

1080 1591 1203 1633 pedum
1242 1600 1306 1621 non
1337 1591 1513 1631 plusquam
1545 1590 1645 1620 trium
1673 1594 1780 1629 esset,

1081 1642 1293 1676 nibilominus
1316 1641 1399 1681 ripae
1425 1641 1639 1672 altitudinem
1658 1641 1783 1672 retine-

1082 1693 1174 1723 bant.
1221 1692 1363 1723 Graecus
1391 1690 1446 1731 ὅρη
1469 1690 1694 1729 ἀποτομώτατα
1709 1691 1782 1721 ἅνα-

1080 1742 1208 1778 βαίνειν.
1256 1742 1327 1782 Ego
1356 1751 1435 1772 sane
1453 1742 1541 1772 scire
1559 1742 1673 1781 velim,
1704 1751 1785 1782 quo-

1081 1793 1192 1831 modo,
1208 1792 1233 1823 si
1247 1791 1390 1823 fluminis
1406 1792 1550 1823 altitudo
1567 1797 1641 1823 erat
1659 1793 1783 1833 pedum

1081 1852 1168 1879 xxx,
1189 1843 1333 1874 transire
1352 1842 1470 1874 Nervii
1487 1842 1568 1873 illud
1595 1842 1781 1882 potuerint.

1082 1893 1187 1933 Atqui
1218 1891 1306 1922 infra
1336 1893 1470 1923 C‘aesar:
1509 1894 1518 1909 ⁴
1538 1892 1608 1932 Ipsi
1640 1892 1782 1923 transire

1081 1942 1204 1973 flumen
1223 1952 1288 1973 non
1305 1941 1608 1980 ‹lubitave1·unt‚et
1622 1941 1654 1972 in
1669 1942 1781 1972 locum

1082 1993 1228 2034 iniquum
1245 1992 1435 2033 progressi!
1486 1991 1619 2023 Vossius.

1125 2051 1200 2073 xix.
1218 2045 1236 2072 3
1265 2042 1352 2077 Quod
1381 2042 1476 2072 hostis
1501 2039 1782 2082 appropinquabat]

1082 2093 1159 2124 Non
1188 2092 1321 2131 Nervii,
1347 2091 1406 2122 sed
1431 2092 1503 2132 ipse
1529 2092 1643 2122 Caesar
1660 2100 1785 2132 appro-

1082 2142 1280 2183 pinquabat.
1307 2141 1421 2182 Cujac.
1443 2142 1536 2172 Voss.
1554 2146 1590 2172 et
1612 2142 1779 2181 Bongars.

1082 2198 1162 2225 tert.
1181 2193 1343 2224 exhibent
1359 2194 1456 2233 quood
1468 2193 1576 2231 hostis,
1592 2193 1645 2224 vel
1667 2192 1781 2223 hoste«.

1082 2245 1172 2282 Lege
1198 2244 1285 2279 Quod
1309 2242 1351 2273 ad
1376 2243 1488 2273 hostes
1504 2242 1782 2283 appropinquabat.

1080 2294 1169 2323 Vide.
1188 2293 1388 2333 scriptorem
1414 2292 1456 2322 de
1487 2293 1572 2323 Bell.
1590 2292 1733 2332 Hispan.
1752 2300 1784 2323 c.

1081 2345 1111 2373 3.
1129 2346 1160 2372 9.
1188 2342 1296 2373 Duris-
1314 2352 1384 2372 cur.
1402 2351 1468 2371 see.
1498 2341 1575 2373 Jam
1589 2341 1666 2371 olim
1681 2341 1785 2371 anim-

1082 2392 1232 2423 advertit
1250 2392 1415 2430 Faernus,
1438 2392 1607 2422 Ctesarem
1624 2391 1784 2422 debuisse

1082 2443 1113 2472 in
1140 2447 1230 2473 motu
1250 2452 1336 2479 esse,
1368 2451 1433 2472 non
1459 2441 1583 2477 hostes,
1607 2441 1661 2481 qui
1689 2446 1784 2471 trans

1081 2491 1204 2522 tlumeu
1231 2491 1346 2522 Sabim
1376 2490 1643 2530 exspectabant;
1678 2500 1783 2531 quare

1081 2541 1137 2571 ille
1152 2540 1302 2581 quidem,
1328 2543 1476 2570 testante
1494 2539 1629 2578 Ursino,
1651 2539 1786 2580 legebat

1080 2591 1178 2622 hosti:
1202 2595 1303 2630 atque
1319 2590 1366 2620 ita
1381 2589 1484 2620 etiam
1504 2589 1654 2628 Lipsius:
1679 2599 1738 2629 quo
1752 2589 1785 2621 h.

1083 2642 1193 2673 Palat.
1217 2640 1348 2671 Duker.
1366 2644 1401 2670 et
1421 2639 1567 2670 Dorvill.
1585 2639 1643 2669 sed
1668 2648 1728 2679 quo
1743 2639 1784 2669 ad

1082 2692 1184 2723 etiam
1203 2689 1296 2722 Leid.
1324 2689 1419 2730 prim.
1445 2689 1582 2720 secund.
1597 2689 1694 2720 Voss.
1716 2697 1786 2720 sec.

1081 2747 1116 2775 et
1127 2742 1248 2773 Petav.
1261 2749 1323 2781 pro
1335 2739 1594 2771 varialectioue.
1621 2739 1726 2771 Immo
1740 2738 1789 2770 di-
