1818 3131
339 271 432 302 11111.
466 270 509 300 v.
542 266 648 297 cAP.
677 255 749 296 45.
783 265 845 296 nr.
880 266 1036 296 nunno
1069 249 1298 296 GA'LLJCO.

93 369 161 403 Qui
193 367 228 400 ld
261 369 413 405 censent,
442 372 508 395 non
537 360 728 393 adtendunt
751 360 792 391 ad

94 418 239 452 Caesaris
250 416 385 458 stylum.
414 422 464 445 ιν.
477 415 530 444 34.
547 412 556 428 ‘
571 411 794 453 paucitatem-

93 479 160 512 que
188 473 378 500 nostrorum
405 463 550 495 militum
586 461 794 503 praedicave-

93 519 204 552 runtz'
236 527 276 549 n.
302 519 354 547 33.
376 515 387 532 ‘
405 512 616 546 Intromissis
631 511 794 543 militibus

95 569 217 602 nostris
231 567 251 598 :’
283 575 363 597 vin.
381 567 434 596 22.
459 564 501 595 Β.
520 563 594 595 Civ.
623 571 663 595 ιι.
687 566 724 595 et
746 563 795 594 in-

92 619 240 653 numeris
256 617 352 657 locis,
368 616 427 648 ὅσα
446 616 538 647 κόνις.

133 673 155 700 6
193 668 389 709 Necabaeur]
433 667 588 699 Leidens.
623 665 721 706 prim.
757 667 795 697 et

91 724 173 752 tert.
190 729 268 751 cum
282 719 448 750 Vossiano
464 718 579 757 tertio,
604 714 742 747 Aicard.
759 718 796 746 et

92 769 159 802 Ed.
197 769 337 801 Incerta
371 768 580 800 necabantur.-
626 765 717 808 quod
748 765 796 796 in-

91 829 196 862 pense
232 829 304 861 prae
338 818 477 859 vulgato
513 817 642 857 placet.
707 814 795 845 Vide

94 871 196 903 etiam
210 870 252 902 ad
267 879 307 901 ιι.
324 872 376 901 23.

142 921 231 952 Unus
255 920 340 951 intus
363 916 515 957 Nervius]
564 916 652 949 Unus
676 915 740 947 hoc
763 913 797 946 in

90 972 169 1003 loco
196 970 285 1002 idem
311 969 456 1001 denotat
482 977 521 999 ac
545 967 680 1008 quidum.
739 966 797 997 Sic

93 1022 136 1054 B.
159 1021 204 1054 G.
229 1029 270 1053 11.
295 1023 350 1052 25.
378 1020 388 1037 ‘
406 1020 513 1052 Scuto
538 1018 579 1050 ab
607 1016 798 1049 novissimis

93 1073 148 1104 imi
163 1070 264 1104 militi
279 1069 457 1103 detracto!
500 1068 684 1100 Petronius
699 1066 799 1098 Satir.

95 1133 125 1156 c.
156 1125 210 1155 26.
241 1122 252 1140 ⁴
273 1122 360 1154 Unus
388 1129 505 1152 servus
535 1117 799 1160 Agamemnonis

93 1172 328 1214 interpellavit
352 1171 567 1212 trepidantes
579 1169 600 1209 ;'
640 1168 699 1200 ubi
720 1166 801 1198 vide

96 1224 197 1262 Joan.
212 1222 433 1255 Schefferum.
477 1220 647 1262 Sulpicius
657 1219 802 1252 Severus

98 1274 159 1305 vit.
185 1273 227 1305 B.
248 1271 393 1304 Martini
420 1281 451 1303 c.
469 1274 501 1302 S.
524 1272 534 1288 ⁴
553 1270 743 1310 Iudicatur,
767 1279 803 1301 u-

96 1331 176 1359 num
202 1331 220 1353 e
245 1321 371 1353 familia
398 1321 571 1353 servulum
595 1320 716 1360 laqueo
739 1319 802 1350 sibi

97 1373 204 1406 vitam
220 1371 428 1403 extorsisse.’
479 1370 610 1402 Eodem
624 1369 725 1400 modo
742 1369 804 1399 ite-

99 1432 174 1454 rum
199 1422 335 1454 locutus
360 1424 415 1452 est
437 1420 588 1460 ejusdem
611 1419 689 1449 libri
705 1428 734 1450 c.
749 1421 803 1449 21.

97 1472 278 1505 Immerito
303 1471 408 1512 igitur
430 1471 517 1502 hanc
540 1470 632 1503 unius
654 1471 805 1509 potesta·

99 1526 170 1554 tem
186 1522 383 1563 repudiavit
405 1521 451 1553 G.
471 1521 505 1553 J.
520 1520 661 1551 Vossius
679 1518 721 1550 de
743 1518 804 1549 vit.

100 1573 208 1606 Ser-m.
240 1581 266 1604 1.
297 1575 350 1603 33.
405 1571 517 1604 Dacis.
586 1570 662 1602 Hoc
689 1570 763 1610 jam
786 1578 805 1599 e

101 1623 236 1656 Lexicis
259 1623 482 1655 notissimum.
525 1621 594 1653 Sed
619 1620 694 1651 vide
718 1620 805 1650 insu-

103 1682 164 1716 per
189 1673 262 1705 Cel.
288 1673 407 1704 Burm.
424 1672 467 1703 ad
485 1671 603 1703 Ovidii
620 1670 728 1711 Epist.
746 1677 807 1701 xv.

104 1726 178 1756 162.
201 1724 210 1740 ‘
231 1722 336 1754 Naias
353 1732 420 1754 una
434 1721 454 1753 :'
483 1726 519 1753 et
534 1721 684 1753 Johnson
701 1719 807 1752 Arist.

102 1773 137 1806 in
162 1773 309 1805 Bentlei.
335 1783 370 1814 p.
396 1776 450 1804 51.
473 1772 590 1804 Aurei.
608 1772 702 1802 Vict.
720 1771 807 1802 Caes.

104 1833 134 1856 c.
151 1826 183 1855 3.
208 1825 217 1841 ‘
236 1823 330 1855 Unus
348 1827 442 1855 ortus
467 1822 564 1863 Epiri
579 1825 598 1852 :'
632 1820 690 1852 ubi
707 1821 808 1852 etiam

102 1873 181 1905 vide
207 1873 337 1905 Comm.
387 1873 475 1904 Unus
490 1873 539 1904 sic
554 1872 636 1904 satis
657 1871 810 1902 abundat

106 1924 209 1956 etiam
226 1924 316 1966 apud
331 1927 481 1956 nostrum
499 1932 524 1954 1.
543 1925 594 1954 12.
619 1923 660 1953 Β.
677 1922 750 1954 Civ.
768 1930 810 1954 11.

103 1977 157 2006 8⁷.
173 1975 184 1992 ‘
201 1983 266 2005 una
279 1975 366 2006 valle
378 1983 445 2006 non
459 1969 583 2012 magua
595 1973 777 2013 interjecta
790 1972 811 2004 :¹

104 2023 163 2057 ubi
180 2023 259 2057 vide
275 2024 436 2057 Ciaccon.
464 2034 494 2057 c.
519 2027 571 2056 19.
596 2025 605 2041 ‘
624 2024 737 2055 Unum
753 2022 812 2055 flu-

96 2082 186 2114 vrnen
202 2074 359 2106 tantum!

149 2128 170 2156 8
208 2125 417 2166 Profugerat]
480 2125 639 2158 Quamvis
675 2123 814 2156 defendi

110 2179 215 2217 queat
248 2185 315 2206 uuo
343 2175 519 2216 alteroque
546 2175 623 2206 loco
648 2174 815 2215 profugere

108 2233 173 2265 pro
191 2223 407 2265 transfugere
433 2225 526 2265 (vide
552 2225 593 2256 ad
620 2225 771 2257 Frontin.
788 2233 815 2255 1.

108 2277 141 2305 6.
156 2275 174 2314 ξ
190 2273 236 2314 1.)
254 2279 367 2305 tamen
383 2275 542 2315 rescripsi
557 2275 612 2305 hic
636 2275 816 2315 perfugerat

111 2324 317 2356 auctoritate
341 2324 426 2355 Mss.
443 2330 515 2356 tum
532 2325 661 2364 Ursini,
682 2326 816 2356 Car-rar.

112 2377 185 2405 tum
211 2383 362 2406 meorum
395 2384 534 2406 numero
562 2375 818 2416 septemdecim,

111 2422 147 2455 in
175 2425 298 2466 quibus
331 2426 440 2465 Bong.
468 2435 522 2466 pr.
549 2435 618 2457 sec.
646 2426 740 2456 voss.
764 2435 817 2466 pr.

112 2470 208 2514 Leid.
225 2484 276 2516 pr.
300 2475 422 2506 Petav.
439 2476 568 2507 Lovan.
595 2476 692 2515 Egm.
709 2480 745 2506 et
761 2476 818 2506 alii

113 2532 133 2554 e
150 2525 408 2564 vetustioribus,
432 2536 508 2557 curn
525 2526 612 2557 Edd.
632 2526 720 2557 Flor.
737 2526 819 2555 Vas-

117 2583 186 2610 coe.
216 2574 257 2606 R.
285 2576 402 2617 steph.
439 2577 669 2617 pluribusque.
735 2577 820 2607 Erat

116 2625 205 2657 enim
221 2626 275 2659 hic
289 2628 437 2660 Nervius
460 2628 607 2668 perfuga,
625 2638 691 2659 uon
713 2628 820 2668 profu-

115 2683 198 2713 gus:
230 2676 312 2709 licet
338 2679 389 2709 lue
415 2689 516 2709 voees
543 2679 666 2710 crebro
690 2689 821 2720 permu-

121 2728 255 2756 rentur:
292 2731 333 2759 'ut
361 2729 396 2758 in
423 2728 526 2769 Apul.
555 2729 577 2759 1.
609 2738 658 2759 τι.
690 2739 721 2770 p.
749 2732 820 2760 112.

117 2774 129 2790 ⁴
145 2782 260 2805 servos
276 2776 402 2809 alienos
426 2777 595 2819 profugos'
619 2779 702 2809 Mss.
730 2782 762 2810 2.
787 2784 823 2809 ct

123 2819 188 2855 Ed.
204 2824 298 2857 Sunt.
317 2831 406 2867 post.
426 2828 586 2870 perfugas.
632 2830 673 2861 B.
691 2830 763 2862 Civ.
781 2839 821 2862 ιι.

1434 254 1547 296 1123

845 363 896 391 27.
921 362 929 377 ‘
948 370 989 391 ex
1018 360 1139 391 eastris
1164 358 1320 392 Curionis
1345 357 1388 389 ad
1413 358 1550 390 Attium

846 409 1044 451 perfugiunt
1058 411 1077 442 ς’
1108 416 1144 442 et
1161 411 1230 441 illic
1247 409 1366 441 eadem
1378 409 1524 441 varietas
1539 419 1551 449 3

846 461 896 491 uti
912 465 948 491 ct
971 461 1011 491 B.
1028 460 1137 492 Afric.
1166 470 1197 491 e.
1215 463 1266 491 35.
1291 461 1300 477 ‘
1318 460 1493 500 legionarii
1509 460 1552 491 jn

846 516 960 543 castra
987 512 1132 543 Caesaris
1156 511 1375 552 perfugerant
1390 511 1410 543 :'
1443 521 1472 543 c.
1498 514 1551 544 51.

845 564 855 581 ‘
873 563 901 594 si
918 563 974 604 qui
991 563 1172 604 perfugere
1187 564 1336 595 vellent!

890 615 956 647 111⁴«.-
969 614 1070 655 ,πη-το]
1108 615 1225 655 anac.
1243 616 1351 656 Bong.
1368 625 1435 647 sec.
1453 615 1552 648 Leid.

847 676 899 708 pr.
914 667 1029 699 Oxon.
1049 668 1148 699 Voss.
1165 677 1234 699 sec.
1259 668 1328 698 huic
1343 678 1427 699 sert-o
1444 681 1453 700 :
1486 677 1553 709 quo

846 716 967 749 alludit
997 718 1106 759 Bong.
1142 728 1195 759 pr.
1226 718 1318 749 hinc:
1360 728 1554 759 perperam.

848 767 997 799 Nervius
1014 768 1103 799 enim
1119 768 1177 799 ille
1193 769 1268 800 loeo
1285 773 1384 799 natus
1401 769 1556 806 honesto,

846 826 915 848 non
942 822 1017 849 erat
1046 828 1175 850 servus.
1220 819 1362 850 Rectius
1386 822 1456 850 tum
1482 818 1558 849 sub-

849 868 971 899 stituas
987 868 1088 907 hujus,
1105 868 1194 909 quod
1211 873 1265 900 esta
1278 869 1312 899 in
1331 869 1457 899 Lovan.
1473 868 1558 901 Got-

849 922 939 958 torp.
957 919 1053 949 carr.
1071 919 1206 950 Duker.
1233 922 1270 950 et
1295 918 1366 949 aliis
1395 927 1453 948 sex
1478 927 1557 949 curn

850 967 938 999 Edd.
968 969 1064 999 Rom.
1088 969 1175 999 Ven.
1203 968 1278 999 Inc.
1306 967 1450 999 Mediol.
1469 967 1558 998 aliis-

850 1027 929 1059 que,
947 1021 985 1048 ut
996 1019 1163 1058 persuadet
1179 1027 1244 1049 non
1262 1018 1305 1049 ad
1321 1018 1557 1056 xs'erticonem,

851 1068 912 1099 sed
935 1068 1135 1100 Ciceronem
1152 1067 1334 1107 referatur,
1351 1067 1442 1108 qnod
1458 1071 1495 1097 et
1510 1066 1560 1097 fe-

852 1117 899 1149 cit
921 1118 1190 1158 Metaphrastes,
1216 1118 1274 1158 qui
1299 1117 1418 1157 inepte
1443 1121 1560 1148 tamen

850 1168 922 1199 huic
946 1178 1031 1199 sen-o
1056 1169 1158 1199 etiam
1179 1168 1274 1208 legit.
1328 1168 1446 1199 Vertit
1471 1167 1561 1202 enim

852 1215 940 1250 οὗτος
955 1217 1012 1257 μὲν
1027 1218 1064 1255 δὴ
1077 1219 1121 1257 τῷ
1136 1218 1282 1258 Κικέρωνι
1294 1216 1480 1258 ἐλευθερίαν,
1493 1219 1559 1249 &c-

853 1267 1056 1309 ὑποσχομένῳ
1069 1269 1236 1309 ὑφίσταται
1243 1269 1300 1300 τὰς
1312 1268 1478 1300 ἐπιστολὰς
1490 1267 1561 1300 6101-

852 1330 931 1357 σειν,
959 1321 1021 1350 &c
1049 1328 1079 1351 c.
1102 1321 1155 1350 49.
1179 1321 1189 1336 ⁴
1209 1319 1331 1350 Cicero
1356 1318 1494 1350 Gallum
1519 1318 1561 1349 ab

854 1369 974 1401 eodem
990 1370 1177 1400 Verticone
1194 1370 1336 1410 repetit,
1352 1369 1409 1410 qui
1425 1369 1561 1400 litteras

854 1420 897 1450 ad
935 1420 1106 1450 Caesarem
1144 1419 1272 1450 referat
1287 1419 1308 1451 :’
1353 1419 1411 1450 ubi
1449 1428 1563 1451 rursus

854 1470 941 1501 male
969 1469 1086 1509 Cujac.
1116 1469 1213 1500 Leid.
1247 1469 1345 1509 prim.
1380 1473 1415 1499 et
1447 1468 1562 1500 Oxou.

855 1519 983 1549 eundem
1012 1517 1212 1549 lv'erticonem.
1267 1518 1363 1548 Bene
1389 1518 1459 1549 illic
1488 1518 1566 1549 Me·

857 1569 950 1609 taph.
973 1572 1009 1599 et
1037 1568 1165 1599 Celsus.
1219 1568 1280 1600 Nil
1303 1572 1418 1599 muta:
1453 1568 1504 1599 hic
1527 1568 1563 1599 in

857 1618 940 1650 Mss.
965 1618 1142 1660 aliquoties
1168 1618 1252 1650 abiit
1275 1619 1310 1649 in
1337 1619 1418 1650 huic.
1472 1618 1563 1650 Vide

857 1668 899 1699 ad
916 1679 944 1700 c.
961 1672 1012 1700 39.

902 1723 942 1751 10
978 1719 1100 1760 Affert]
1144 1720 1229 1751 Mss.
1259 1721 1343 1760 Reg.
1375 1719 1500 1751 Eliens.
1529 1721 1566 1750 et

857 1771 982 1811 Vossii‚
995 1777 1030 1802 et
1050 1771 1136 1801 Edd.
1152 1771 1248 1802 Vett.
1267 1770 1370 1811 effert.
1408 1770 1565 1809 Graecus,

859 1819 1031 1859 ἐξήνεγκεν.
1090 1821 1176 1853 Qute
1208 1824 1245 1851 et
1281 1821 1395 1851 verior
1428 1820 1568 1850 videtur

859 1871 973 1902 lectio.
1027 1870 1134 1911 Affert
1160 1871 1251 1901 enim
1277 1871 1362 1901 illud
1385 1874 1448 1909 est,
1477 1869 1568 1911 quod

860 1920 1025 1962 deinceps
1042 1921 1183 1962 dicitur,
1205 1920 1214 1936 ‘
1233 1920 1275 1951 ad
1299 1921 1468 1953 Caesarem
1492 1929 1569 1961 per·

861 1971 980 2002 venit.'
1038 1971 1147 2002 Clark.
1205 1971 1344 2003 Placuit
1367 1971 1447 2002 mihi
1475 1970 1569 2011 effert

861 2031 938 2053 cum
955 2022 1065 2062 Bong.
1083 2021 1180 2052 Voss.
1198 2021 1321 2054 Petav.
1340 2023 1422 2053 Lov.
1445 2026 1480 2052 et
1497 2021 1569 2062 ple-

862 2073 988 2113 risque,
1005 2072 1056 2103 uti
1083 2077 1119 2103 et
1145 2072 1232 2104 Edd.
1258 2072 1435 2113 plurimis:
1470 2071 1570 2110 insert

863 2123 961 2153 Υοεε.
989 2132 1040 2163 pr.
1064 2131 1083 2152 a
1106 2131 1150 2153 m.
1178 2132 1230 2163 pr.
1276 2123 1337 2153 Est
1363 2122 1415 2152 vir
1439 2121 1571 2161 doctus,

866 2171 923 2213 qui
936 2171 1040 2211 auser-t
1056 2172 1256 2213 conjecerit.
1292 2172 1408 2212 Adfert
1420 2172 1572 2203 retinent

866 2223 984 2264 Cujac.
1017 2223 1112 2254 Leid.
1142 2233 1192 2264 pr.
1228 2228 1264 2255 et
1289 2228 1370 2256 tert.
1399 2223 1510 2254 Oxou.
1534 2225 1571 2253 et

865 2274 955 2305 Edd.
974 2275 1049 2306 Ine.
1067 2275 1160 2313 Aldi,
1177 2275 1422 2315 Plautini‚sec.
1435 2274 1570 2315 Gryph.

867 2333 944 2355 cum
961 2324 1052 2356 Scal.
1069 2331 1105 2356 et
1122 2335 1216 2366 seqq.
1273 2325 1450 2358 Quomodo
1475 2324 1502 2355 si
1527 2324 1574 2354 le-

867 2386 937 2417 gaS,
953 2376 1006 2407 ille
1018 2386 1083 2407 non
1100 2378 1142 2408 ad
1159 2387 1305 2417 servum,
1321 2377 1381 2408 sed
1403 2376 1446 2407 ad
1463 2374 1574 2407 Verti-

867 2436 987 2457 conen:
1005 2428 1058 2458 xel
1079 2428 1280 2459 Ciceronem
1297 2427 1408 2467 potius
1425 2425 1575 2457 referen-

870 2476 950 2507 dum
966 2478 1043 2518 erit,
1059 2479 1117 2519 qui
1134 2478 1268 2510 litteras
1279 2478 1398 2518 jaculo
1415 2477 1572 2516 inligatas

870 2535 967 2558 servo
993 2528 1165 2559 adtulerit.
1212 2529 1338 2559 Verum
1355 2529 1403 2559 sic
1424 2529 1464 2558 B.
1479 2528 1523 2558 G.
1546 2535 1572 2557 1.

871 2582 900 2609 5.
934 2579 943 2594 ‘
960 2578 1025 2610 sibi
1049 2589 1218 2621 quemque
1243 2581 1342 2611 domo
1366 2578 1490 2610 efferre
1519 2577 1576 2617 ju·

872 2628 986 2661 bent:'
1019 2630 1054 2660 in
1080 2631 1143 2662 Ed.
1159 2631 1283 2670 Scalig.
1305 2630 1448 2669 aliisque
1463 2630 1576 2658 exstat

871 2678 1007 2720 afferre:
1030 2681 1070 2711 B.
1084 2681 1158 2712 Civ.
1174 2691 1199 2712 1.
1217 2685 1269 2711 Tb.
1294 2682 1303 2696 ‘
1322 2679 1364 2710 ab
1378 2678 1493 2709 Ilerda
1505 2676 1575 2708 sru-

871 2735 1021 2761 mentum
1031 2731 1120 2771 jussi
1136 2736 1234 2762 erant
1246 2728 1390 2769 efferre,’
1407 2729 1440 2760 in
1455 2737 1522 2759 uno
1538 2732 1575 2760 et

874 2781 982 2812 altero
998 2781 1118 2812 itidem
1134 2781 1192 2822 off.

918 2834 958 2863 12
981 2831 1140 2872 Pericula]
1163 2832 1328 2872 Bongars.
1342 2841 1392 2874 pr.
1408 2841 1475 2864 sec.
1488 2831 1574 2863 Vos-
