1818 3131
393 188 486 217 mn.
521 187 594 233 ¹¹¹.·
626 186 732 216 cm».
762 175 831 216 19.
866 187 928 216 DE
963 187 1118 216 nanno
1150 186 1378 217 GAmeo.

155 281 264 314 minus
291 292 327 312 sc·
357 281 546 313 dederent!
574 289 604 310 c.
624 282 678 310 32.
711 280 720 296 ‘
740 279 854 310 Multi-

155 333 238 364 tudo
268 332 511 374 oppidanorum
543 331 667 362 Caesari
699 340 854 361 occurre-

155 385 257 414 runt!
280 384 319 414 B.
335 382 434 422 Hisp.
451 391 481 412 c.
495 384 524 412 4.
550 382 558 397 ‘
576 381 759 411 multitudo
777 391 853 412 cum

156 431 328 467 exissent.’
372 431 426 461 Sic
453 431 536 462 Mss.
562 431 652 461 Hinc
677 431 854 462 emendan-

156 482 234 513 dum
260 489 336 511 reor
360 481 461 511 Corn.
488 480 657 520 Nepotem
684 481 806 520 partini
834 492 852 512 e

156 530 238 562 Mas.
268 529 390 570 partim
421 529 629 569 conjectura,
657 530 689 560 in
717 531 853 571 Epami-

154 579 263 617 nonda
285 589 312 610 c.
330 582 361 610 7.
406 579 414 595 ‘
432 579 536 619 Cujus
561 589 673 610 errore
696 590 736 610 co
763 585 853 612 esset

153 628 299 660 deducta
327 638 390 663 res.
419 633 456 659 ut
481 629 537 660 illa
562 630 743 661 multitudo
771 631 854 661 mili-

153 683 224 717 tum
242 678 282 709 de
301 679 408 710 salute
426 679 706 719 pertimescerent
719 680 738 711 :'
753 681 853 721 vulgo

152 729 283 760 deducta
312 729 367 759 iun
392 729 456 760 mil.
487 731 576 771 mult.
602 733 636 761 ut
666 741 779 771 omnes,
799 733 852 771 ᾄτ.

153 779 342 819 Saepissime.
374 779 501 812 Livius.
528 780 569 810 V.
597 781 647 811 Cl.
675 781 783 812 Drak.
811 782 852 812 ad

151 836 207 859 111.
229 831 281 860 21.
309 830 318 846 ‘
336 829 522 860 Multitudo
551 831 724 861 consulum
751 830 852 862 fidem

154 878 347 918 inplorant!
385 879 428 910 Et
444 879 492 910 ita
508 889 599 920 saepe
615 880 647 911 in
665 881 854 912 collectivis

152 932 279 967 noster,
295 932 332 959 ut
346 928 525 969 aliquoties
542 930 755 962 monendum.
774 940 804 962 v.
821 934 852 962 8.

153 977 402 1018 antiquissimus
429 979 592 1020 Bongars.
616 982 762 1021 ‘magna
787 992 854 1013 ma-

153 1036 214 1057 nus
231 1028 488 1068 convenissent,’
505 1039 564 1069 pro
583 1040 715 1073 magnoej,
730 1031 788 1062 sed
808 1032 853 1062 ibi

149 1079 327 1118 perterritae
366 1080 529 1120 sequitur.
558 1081 599 1111 B.
632 1081 704 1112 Civ.
744 1091 784 1113 11.
822 1085 853 1113 6.

151 1130 159 1144 ‘
176 1138 297 1169 magna
320 1129 369 1159 vis
392 1129 535 1160 telorum
564 1130 704 1161 vulnera
730 1131 854 1162 infere-

152 1177 233 1208 bant
249 1177 268 1208 :’
298 1178 354 1209 ubi
383 1178 516 1209 omnino
542 1180 760 1222 consulenda,
778 1191 852 1222 quae

152 1231 324 1259 notantur.

194 1280 235 1309 20
259 1278 332 1309 Nisi
354 1289 438 1320 oequo
458 1281 532 1321 loco,
548 1284 602 1312 aut
624 1281 853 1322 opportunitate

151 1327 255 1368 aliqua
284 1328 373 1369 data]
415 1330 597 1371 Eleganter
619 1332 733 1363 Graeci
759 1338 852 1363 πλεο-

151 1377 250 1418 νεξίαν
265 1384 399 1418 vocant,
416 1390 489 1411 cum
507 1382 582 1421 quis
598 1381 630 1411 in
648 1391 763 1423 pugna
785 1392 853 1414 me-

151 1429 227 1460 liori
243 1428 438 1460 conditione
451 1431 577 1462 utitur:
596 1432 644 1462 sic
663 1432 853 1473 Xenophon

154 1473 332 1518 Cyropaed.
358 1478 379 1508 l.
402 1487 425 1509 1.
452 1489 484 1518 p.
506 1482 557 1510 33.
580 1479 612 1509 τί
627 1479 658 1510 δὲ
674 1479 791 1520 λέουσι,
805 1480 855 1512 καὶ

156 1527 287 1567 ἄρκτοις,
312 1527 361 1557 καὶ
382 1528 569 1567 παρδάκεσιν
595 1531 649 1560 οὐκ
673 1529 714 1561 εἷς
733 1531 770 1561 τὺ
788 1532 856 1562 ἴσον

152 1577 359 1617 καθιστάμενα
375 1579 541 1620 ἐμάχεσθε,
563 1581 649 1611 ἀλλὰ
663 1582 743 1620 μετὰ
764 1588 856 1613 πλεο-

152 1629 248 1668 νεξίας
267 1629 350 1661 τινὸς
373 1631 532 1670 ἐπειρᾶσθε
556 1630 759 1671 ἀγωνίζεσθαι
783 1632 856 1672 πρὸ-9

154 1677 251 1710 αὐτάς
279 1680 344 1710 Cur
365 1684 467 1711 autem
483 1690 550 1710 cum
566 1680 712 1719 leonibus,
729 1684 758 1711 et
774 1682 856 1711 ursis

153 1739 187 1759 uc
208 1730 317 1769 pardis
338 1740 397 1760 non
417 1741 501 1770 a'quo
525 1734 623 1761 marte
639 1731 853 1769 congredieba-

154 1780 242 1819 mini,
255 1781 308 1810 sed
321 1779 366 1810 ita
381 1790 499 1820 semper
513 1782 659 1812 adversus
673 1782 761 1811 hasce
769 1781 859 1819 ferus

153 1833 272 1862 certare
301 1830 506 1869 conabamini,
533 1835 567 1860 ut
607 1831 780 1861 conditione
809 1842 858 1862 ros

152 1879 271 1911 meliori
295 1880 412 1911 essetis.
457 1880 586 1911 Latinis
609 1881 698 1911 nulla
721 1890 785 1911 vox
803 1886 857 1912 est

153 1940 228 1972 quae
243 1929 421 1970 πλεονεξίας
437 1931 531 1974 'hunc
557 1931 782 1971 significatum
799 1941 856 1963 ex-

151 1980 297 2021 primere
325 1981 440 2021 possit.
486 1981 601 2021 Belgis
626 1982 762 2012 roordeel
792 1987 855 2020 est,

153 2036 193 2063 ut
219 2042 294 2063 cum
319 2032 438 2063 dicunt
462 2036 525 2063 met
555 2033 693 2064 roordeel
716 2033 853 2064 rechten.

158 2082 293 2114 Vossius.

195 2135 234 2163 21
260 2133 380 2171 Legata
395 2133 600 2163 dimicandum
623 2143 681 2164 non
698 2133 855 2164 existima-

155 2181 222 2222 bat]
251 2183 364 2214 Proba
381 2194 446 2213 vox
461 2184 558 2222 legali
574 2184 637 2214 hoc
653 2183 738 2222 loco,
754 2188 790 2214 et
804 2193 854 2214 re-

155 2233 304 2264 tinenda.
349 2234 507 2273 opponit
528 2235 641 2265 Caesar
656 2234 710 2264 hic
727 2235 856 2273 impera-

153 2286 250 2314 torem
272 2288 307 2315 et
329 2285 474 2323 legatum.
519 2284 660 2314 Sabinus
676 2293 741 2314 non
758 2288 855 2324 puta-

154 2332 216 2364 bat
239 2333 311 2371 sibi,
328 2333 453 2374 quippe
475 2333 589 2373 legato
614 2338 757 2372 tantum,
775 2344 856 2374 pug-

153 2382 301 2414 nandum
330 2392 414 2422 esse,
445 2392 521 2413 cum
560 2392 681 2425 magua
710 2382 855 2414 hostium

153 2433 382 2471 multitudine,
420 2433 558 2464 absente
610 2434 757 2471 Caesare,
798 2433 855 2474 qui

154 2491 318 2520 summum
346 2483 523 2523 imperium
554 2483 703 2514 tenebat.
748 2483 856 2515 Miror

154 2545 234 2568 sane
250 2536 412 2567 Ursinum
436 2541 471 2566 et
499 2535 713 2566 Ciacconium
730 2535 856 2574 ejicere

153 2596 270 2627 vocem
284 2587 369 2618 hanc,
387 2587 542 2617 voluisse.
588 2586 685 2617 Idem.

196 2644 305 2668 xvni.
322 2639 362 2668 12
379 2637 494 2667 Multae
506 2646 556 2667 res
571 2638 611 2667 ad
627 2636 681 2666 hoc
695 2635 855 2666 consilium

159 2687 267 2718 Gallos
294 2687 512 2728 hortabantur]
551 2687 670 2718 Tradit
702 2687 769 2717 Dio
799 2686 855 2717 lib.

156 2740 420 2777 xxxix-*pdlL
438 2737 557 2768 Gallos
580 2737 673 2768 nulla
702 2735 855 2769 conside-

241 2789 357 2830 Delpla.
374 2793 403 2821 et
421 2790 495 2823 Vur.
515 2792 599 2823 Clas.

1494 176 1608 218 1025

906 281 1033 311 ratione
1065 280 1216 312 adhibita
1247 281 1309 311 boc
1339 278 1470 311 facinus
1496 289 1606 312 snsce-

904 330 993 369 pisse
1010 342 1017 367 ;
1052 330 1131 360 πάνυ
1152 330 1214 371 γάρ
1234 342 1282 361 τοι
1308 331 1453 370 διακορεῖς
1481 330 1530 360 καὶ
1550 332 1608 367 τῆς

903 381 1017 417 τροφῆς
1030 381 1079 410 καὶ
1094 382 1150 411 τοῦ
1164 382 1260 412 ποτοῦ
1279 380 1368 418 ἦσαν.
1406 380 1472 411 Sed
1492 381 1607 412 Caesar

904 430 1027 459 multas
1045 431 1182 470 hujusce
1207 432 1339 462 consilii
1364 431 1510 461 rationes
1532 441 1607 471 pro·

905 477 994 516 tulit,
1022 484 1070 517 et,
1093 479 1181 510 inter
1208 481 1301 520 alias,
1329 479 1532 511 cibariorum
1558 480 1606 511 in-

904 528 1028 568 opiam.
1067 530 1178 559 Duris.

949 580 988 608 19
1025 578 1196 610 Sarmentis
1229 581 1431 620 virgultisque
1459 580 1607 621 collectis]

906 627 1010 657 Putat
1024 628 1273 668 Hotomannus,
1289 630 1438 661 Hirtium
1457 640 1537 661 x'ln.
1556 634 1607 662 15.

905 687 982 708 cum
996 678 1056 718 ait,
1072 679 1079 694 ‘
1097 679 1215 710 Gallos
1232 680 1264 710 in
1276 681 1364 711 acies
1378 680 1479 711 edere
1494 682 1608 713 solitos

904 728 938 758 in
952 728 1099 759 fascibus
1113 734 1379 760 stramentorum
1395 739 1434 760 ac
1451 731 1610 770 virgulto·

905 778 1010 809 rum:’
1036 784 1071 810 et
1093 779 1202 818 addit,
1223 781 1288 811 hoc
1316 780 1349 810 in
1379 782 1608 821 superioribus

905 829 1154 860 commentariis
1172 830 1441 861 demonstratum
1461 840 1547 870 esse,
1565 831 1607 862 ad

904 878 994 909 hunc
1011 879 1121 910 locum
1147 880 1350 920 respexisse.
1395 880 1506 911 Video
1537 882 1610 922 'qui-

907 927 983 958 dem
1000 932 1035 959 et
1050 929 1104 960 hic
1122 934 1158 960 et
1173 930 1241 960 illic
1263 934 1525 961 stramentorum
1542 931 1609 961 vir-

905 978 1143 1020 gultorumque
1173 979 1391 1019 mentionem,
1429 979 1489 1010 sed
1517 980 1610 1011 nulla

907 1027 1046 1060 sedendi
1063 1029 1126 1060 hoc
1142 1030 1215 1061 loco
1232 1030 1373 1066 mentio,
1389 1039 1456 1070 qua
1472 1029 1504 1059 in
1519 1039 1609 1070 qnae-

905 1078 1014 1109 stione
1044 1079 1147 1110 cardo
1185 1079 1235 1109 rei
1261 1082 1428 1109 versatur.
1486 1077 1611 1118 Itaque

905 1136 972 1158 non
1008 1132 1136 1159 temere
1174 1127 1425 1164 affirmaverim,
1457 1126 1610 1158 Hirtium

904 1176 992 1208 hunc
1014 1178 1124 1209 locum
1142 1178 1366 1209 intellexisse.
1411 1177 1610 1208 Praesertim

905 1236 981 1257 cum
1004 1227 1056 1258 hic
1084 1228 1199 1259 Caesar
1229 1228 1336 1267 dicat,
1366 1227 1485 1259 Gallos
1511 1227 1613 1258 colle-

905 1276 994 1317 gisse
1035 1277 1164 1317 fas‹·es;
1201 1284 1237 1309 et
1261 1277 1460 1318 Anonymus
1498 1277 1518 1308 1.
1552 1285 1609 1308 111.

905 1336 938 1367 p.
959 1330 1012 1359 61.
1038 1330 1047 1345 ‘
1065 1329 1245 1360 sarmentis
1273 1329 1431 1369 variaque
1466 1327 1610 1358 materia

905 1388 947 1409 ex
964 1379 1052 1419 agris
1067 1379 1235 1411 collecta!
1274 1379 1404 1410 Vossius.

949 1437 1026 1459 xrx.
1055 1432 1074 1460 4
1113 1429 1355 1469 Exanimutique
1388 1426 1609 1468 pervenerunt]

907 1480 1118 1510 Est-animatus
1129 1479 1280 1520 pluribus
1291 1479 1374 1509 locis
1385 1479 1499 1509 Caesar
1510 1477 1612 1517 dixit,

908 1538 970 1568 pro
998 1539 1049 1569 eo,
1075 1529 1131 1570 qui
1157 1528 1321 1569 fatigatus
1345 1537 1434 1568 aegre
1451 1527 1608 1567 spiritum

908 1579 1022 1608 trahit.
1068 1579 1169 1611 Quod
1193 1588 1258 1609 non
1281 1577 1382 1609 facile
1412 1577 1503 1618 apud
1527 1576 1609 1608 alios

907 1634 1043 1659 autores
1074 1627 1242 1669 reperIas3
1274 1629 1397 1669 quibus
1417 1628 1612 1659 exanimatus

908 1679 1106 1720 plerumque
1123 1683 1375 1710 consternatum
1392 1682 1428 1708 et
1449 1676 1610 1717 pavidum

906 1732 1030 1758 notat.-
1073 1728 1216 1759 Graecus
1260 1737 1340 1758 sane
1378 1726 1611 1768 significanter

907 1778 1081 1808 transtulit
1111 1777 1311 1809 ἀπειπόντων.
1354 1779 1442 1809 Nam
1472 1777 1612 1808 ἀπειπεῖν

906 1827 1084 1858 italassari
1099 1834 1162 1868 est,
1174 1834 1211 1860 ut
1229 1829 1284 1860 vix
1303 1829 1460 1870 spiritum
1482 1829 1610 1860 ducere

906 1878 1024 1917 possis.
1048 1878 1150 1909 Libro
1167 1879 1314 1919 septimo
1328 1879 1524 1910 exanimatus
1538 1879 1610 1910 Cae-

905 1937 959 1958 sar
981 1938 1042 1968 pro
1064 1933 1198 1960 mortuo
1221 1930 1418 1970 usurpavit:
1443 1929 1452 1946 ‘
1470 1929 1512 1959 ab
1528 1929 1610 1960 dex-

906 1986 958 2011 tro
974 1981 1079 2012 latere
1099 1980 1303 2020 transjectus
1328 1980 1609 2021 exanimatusque

904 2031 1076 2063 concidit!
1106 2032 1282 2065 Quomodo
1307 2036 1341 2062 et
1362 2032 1478 2061 Valer.
1500 2030 1612 2061 Maxi-

904 2093 978 2114 mus
1001 2093 1078 2114 usus
1106 2092 1156 2113 lx.
1185 2085 1236 2113 12.
1265 2082 1274 2098 ‘
1291 2081 1410 2113 Altera
1432 2091 1506 2111 cum
1523 2080 1608 2111 falso

905 2132 1025 2164 mortis
1049 2132 1110 2163 filii
1134 2132 1252 2163 nuntio
1270 2131 1357 2162 domi
1378 2135 1499 2162 moesta
1515 2130 1612 2161 sede-

904 2188 971 2223 ret,
995 2183 1035 2214 ad
1059 2183 1204 2224 primum
1230 2186 1450 2222 conspectum
1468 2181 1609 2212 redeun-

905 2234 946 2264 tis
963 2233 1156 2263 exanimata
1180 2232 1254 2263 est.’
1291 2232 1366 2263 Qua
1391 2231 1529 2262 notione
1555 2240 1608 2261 ex-

904 2283 1017 2314 animis
1042 2283 1238 2323 plerumque
1255 2282 1310 2312 alii
1327 2286 1462 2312 autores
1480 2280 1608 2312 dicunt.

910 2333 1043 2364 Vossius.
1088 2332 1197 2363 Cursu
1212 2331 1327 2362 lassati
1345 2341 1383 2362 ac
1401 2331 1498 2372 proin
1515 2339 1607 2370 aegre

905 2383 1059 2424 spiritum
1094 2383 1275 2413 trabentes.
1330 2381 1385 2412 Sic
1414 2391 1489 2412 cum
1515 2379 1607 2419 alibi,

905 2437 974 2466 tum
989 2435 1030 2464 B.
1046 2434 1085 2464 C.
1103 2442 1158 2464 111.
1172 2436 1224 2463 92.
1243 2434 1251 2449 ‘
1271 2431 1374 2463 Simul
1394 2432 1468 2462 sore
1489 2436 1526 2461 ut
1549 2429 1607 2460 du-

904 2484 1034 2523 plicato
1060 2493 1160 2514 cursu
1185 2482 1329 2513 Caesaris
1353 2481 1476 2511 milites
1502 2479 1610 2509 exani·

904 2537 1064 2564 „narentur
1075 2538 1109 2564 et
1124 2533 1320 2564 lassitudine
1333 2527 1607 2563 conficerentur!

906 2583 1058 2624 Hujusce
1075 2583 1282 2624 significatus
1303 2582 1468 2614 rationem
1485 2589 1608 2619 suppe-

907 2635 1063 2667 ditabunt
1079 2642 1148 2667 not.
1166 2636 1207 2666 ad
1227 2635 1266 2665 B.
1285 2635 1329 2666 G.
1347 2643 1386 2663 11.
1404 2635 1457 2663 23.
1496 2630 1607 2662 Datis.

948 2688 968 2717 8
991 2686 1142 2717 Hostium
1167 2683 1346 2722 inscientia]
1368 2683 1409 2713 In
1436 2680 1536 2711 editis
1561 2680 1608 2711 in.

908 2736 1017 2777 seitia:
1041 2736 1100 2767 sed
1124 2736 1267 2767 alteram
1285 2733 1470 2765 lectionem
1493 2734 1608 2762 servat

838 2789 943 2819 Coesar
1451 2786 1471 2816 3
1492 2784 1520 2814 Τ
