<?xml version="1.0" encoding="UTF-8"?>
<!DOCTYPE html PUBLIC "-//W3C//DTD XHTML 1.0 Transitional//EN"
    "http://www.w3.org/TR/xhtml1/DTD/xhtml1-transitional.dtd">
<html xmlns="http://www.w3.org/1999/xhtml" xml:lang="en" lang="en">
 <head>
  <title>
</title>
<meta http-equiv="Content-Type" content="text/html;charset=utf-8" />
  <meta name='ocr-system' content='tesseract 3.04.00' />
  <meta name='ocr-capabilities' content='ocr_page ocr_carea ocr_par ocr_line ocrx_word'/>
</head>
<body>
  <div class='ocr_page' id='page_1' title='image "./operaomniaexedit03caesuoft/operaomniaexedit03caesuoft_0023.png"; bbox 0 0 1872 3115; ppageno 0'>
   <div class='ocr_carea' id='block_1_1' title="bbox 372 202 1319 246">
    <p class='ocr_par' dir='ltr' id='par_1_1' title="bbox 372 202 1319 246">
     <span class='ocr_line' id='line_1_1' title="bbox 372 202 1319 246; baseline -0.005 0"><span class='ocrx_word' id='word_1_1' title='bbox 372 218 464 246; x_wconf 75' lang='lat' dir='ltr'>mss.</span> <span class='ocrx_word' id='word_1_2' title='bbox 498 216 526 244; x_wconf 87' lang='lat'>1.</span> <span class='ocrx_word' id='word_1_3' title='bbox 560 214 667 243; x_wconf 77' lang='lat' dir='ltr'>CAP.</span> <span class='ocrx_word' id='word_1_4' title='bbox 697 202 768 242; x_wconf 81' lang='lat'>44.</span> <span class='ocrx_word' id='word_1_5' title='bbox 804 212 865 242; x_wconf 83' lang='lat' dir='ltr'>DE</span> <span class='ocrx_word' id='word_1_6' title='bbox 901 213 1055 242; x_wconf 65' lang='lat' dir='ltr'>annm</span> <span class='ocrx_word' id='word_1_7' title='bbox 1088 213 1319 242; x_wconf 54' lang='lat' dir='ltr'>(nimico,</span> 
     </span>
    </p>
   </div>
   <div class='ocr_carea' id='block_1_2' title="bbox 116 307 827 2817">
    <p class='ocr_par' dir='ltr' id='par_1_2' title="bbox 122 307 822 751">
     <span class='ocr_line' id='line_1_2' title="bbox 128 307 821 352; baseline -0.009 -8"><span class='ocrx_word' id='word_1_8' title='bbox 128 322 168 344; x_wconf 88' lang='grc' dir='ltr'>ιι.</span> <span class='ocrx_word' id='word_1_9' title='bbox 195 316 227 343; x_wconf 76' lang='grc' dir='ltr'>υ.</span> <span class='ocrx_word' id='word_1_10' title='bbox 251 311 260 329; x_wconf 89' lang='lat'>‘</span> <span class='ocrx_word' id='word_1_11' title='bbox 275 312 321 343; x_wconf 91' lang='lat' dir='ltr'>Ut</span> <span class='ocrx_word' id='word_1_12' title='bbox 337 310 363 343; x_wconf 86' lang='lat' dir='ltr'>si</span> <span class='ocrx_word' id='word_1_13' title='bbox 379 308 540 352; x_wconf 83' lang='lat' dir='ltr'>possent‚’</span> <span class='ocrx_word' id='word_1_14' title='bbox 554 309 617 338; x_wconf 70' lang='grc' dir='ltr'>ὅτε.</span> <span class='ocrx_word' id='word_1_15' title='bbox 634 307 643 324; x_wconf 78' lang='lat'><em>⁴</em></span> <span class='ocrx_word' id='word_1_16' title='bbox 662 307 687 337; x_wconf 84' lang='lat' dir='ltr'>si</span> <span class='ocrx_word' id='word_1_17' title='bbox 711 307 821 338; x_wconf 87' lang='lat' dir='ltr'>minus</span> 
     </span>
     <span class='ocr_line' id='line_1_3' title="bbox 125 357 821 404; baseline -0.01 -10"><span class='ocrx_word' id='word_1_18' title='bbox 125 362 324 404; x_wconf 66' lang='lat' dir='ltr'>potuissent&#39;</span> <span class='ocrx_word' id='word_1_19' title='bbox 340 360 391 391; x_wconf 91' lang='lat' dir='ltr'>vel</span> <span class='ocrx_word' id='word_1_20' title='bbox 415 360 424 377; x_wconf 88' lang='lat'>‘</span> <span class='ocrx_word' id='word_1_21' title='bbox 440 357 600 399; x_wconf 85' lang='lat' dir='ltr'>possent,’</span> <span class='ocrx_word' id='word_1_22' title='bbox 615 357 705 398; x_wconf 84' lang='lat' dir='ltr'>quod</span> <span class='ocrx_word' id='word_1_23' title='bbox 723 362 758 388; x_wconf 88' lang='lat' dir='ltr'>et</span> <span class='ocrx_word' id='word_1_24' title='bbox 776 357 821 388; x_wconf 89' lang='lat' dir='ltr'>ibi</span> 
     </span>
     <span class='ocr_line' id='line_1_4' title="bbox 126 406 821 443; baseline -0.009 0"><span class='ocrx_word' id='word_1_25' title='bbox 126 413 211 443; x_wconf 82' lang='lat' dir='ltr'>male</span> <span class='ocrx_word' id='word_1_26' title='bbox 236 411 363 442; x_wconf 86' lang='lat' dir='ltr'>delent.</span> <span class='ocrx_word' id='word_1_27' title='bbox 386 418 452 440; x_wconf 87' lang='lat' dir='ltr'>vn.</span> <span class='ocrx_word' id='word_1_28' title='bbox 468 412 521 439; x_wconf 82' lang='lat'>55.</span> <span class='ocrx_word' id='word_1_29' title='bbox 538 410 547 425; x_wconf 93' lang='lat'>‘</span> <span class='ocrx_word' id='word_1_30' title='bbox 563 408 589 438; x_wconf 87' lang='lat' dir='ltr'>si</span> <span class='ocrx_word' id='word_1_31' title='bbox 617 408 658 438; x_wconf 87' lang='lat' dir='ltr'>ab</span> <span class='ocrx_word' id='word_1_32' title='bbox 690 417 724 438; x_wconf 88' lang='lat' dir='ltr'>re</span> <span class='ocrx_word' id='word_1_33' title='bbox 753 406 821 438; x_wconf 87' lang='lat' dir='ltr'>fru-</span> 
     </span>
     <span class='ocr_line' id='line_1_5' title="bbox 125 458 821 493; baseline -0.007 0"><span class='ocrx_word' id='word_1_34' title='bbox 125 461 287 493; x_wconf 83' lang='lat' dir='ltr'>mentaria</span> <span class='ocrx_word' id='word_1_35' title='bbox 304 461 471 491; x_wconf 78' lang='lat' dir='ltr'>Romanos</span> <span class='ocrx_word' id='word_1_36' title='bbox 488 458 673 489; x_wconf 83' lang='lat' dir='ltr'>excludere</span> <span class='ocrx_word' id='word_1_37' title='bbox 691 462 749 489; x_wconf 86' lang='lat' dir='ltr'>aut</span> <span class='ocrx_word' id='word_1_38' title='bbox 765 458 821 488; x_wconf 89' lang='lat' dir='ltr'>ad-</span> 
     </span>
     <span class='ocr_line' id='line_1_6' title="bbox 125 508 822 550; baseline -0.007 -7"><span class='ocrx_word' id='word_1_39' title='bbox 125 512 246 543; x_wconf 86' lang='lat' dir='ltr'>ductos</span> <span class='ocrx_word' id='word_1_40' title='bbox 274 510 386 550; x_wconf 87' lang='lat' dir='ltr'>inopia</span> <span class='ocrx_word' id='word_1_41' title='bbox 415 509 588 550; x_wconf 86' lang='lat' dir='ltr'>provincia</span> <span class='ocrx_word' id='word_1_42' title='bbox 615 508 822 539; x_wconf 69' lang='lat' dir='ltr'>excludere!</span> 
     </span>
     <span class='ocr_line' id='line_1_7' title="bbox 124 558 821 592; baseline -0.004 0"><span class='ocrx_word' id='word_1_43' title='bbox 124 561 210 592; x_wconf 82' lang='lat' dir='ltr'>vide</span> <span class='ocrx_word' id='word_1_44' title='bbox 228 561 330 592; x_wconf 81' lang='lat' dir='ltr'>etiam</span> <span class='ocrx_word' id='word_1_45' title='bbox 354 559 396 590; x_wconf 90' lang='lat' dir='ltr'>ad</span> <span class='ocrx_word' id='word_1_46' title='bbox 421 561 550 590; x_wconf 80' lang='lat' dir='ltr'>vi11.3.</span> <span class='ocrx_word' id='word_1_47' title='bbox 597 559 682 590; x_wconf 89' lang='lat' dir='ltr'>Cato</span> <span class='ocrx_word' id='word_1_48' title='bbox 705 558 746 589; x_wconf 87' lang='lat' dir='ltr'>de</span> <span class='ocrx_word' id='word_1_49' title='bbox 771 559 821 589; x_wconf 88' lang='lat' dir='ltr'>Re</span> 
     </span>
     <span class='ocr_line' id='line_1_8' title="bbox 124 609 821 649; baseline -0.001 -8"><span class='ocrx_word' id='word_1_50' title='bbox 124 611 249 642; x_wconf 85' lang='lat' dir='ltr'>rustica</span> <span class='ocrx_word' id='word_1_51' title='bbox 264 620 293 642; x_wconf 89' lang='lat' dir='ltr'>c.</span> <span class='ocrx_word' id='word_1_52' title='bbox 312 611 363 642; x_wconf 82' lang='lat'>3.‘</span> <span class='ocrx_word' id='word_1_53' title='bbox 381 609 562 641; x_wconf 80' lang='lat' dir='ltr'>AEdificare</span> <span class='ocrx_word' id='word_1_54' title='bbox 587 609 644 640; x_wconf 90' lang='lat' dir='ltr'>diu</span> <span class='ocrx_word' id='word_1_55' title='bbox 671 609 821 649; x_wconf 81' lang='lat' dir='ltr'>cogitare</span> 
     </span>
     <span class='ocr_line' id='line_1_9' title="bbox 122 660 822 701; baseline -0.003 -9"><span class='ocrx_word' id='word_1_56' title='bbox 122 660 281 701; x_wconf 85' lang='lat' dir='ltr'>oportet,’</span> <span class='ocrx_word' id='word_1_57' title='bbox 319 662 327 677; x_wconf 95' lang='lat'>‘</span> <span class='ocrx_word' id='word_1_58' title='bbox 352 670 531 691; x_wconf 78' lang='lat' dir='ltr'><strong>conserere</strong></span> <span class='ocrx_word' id='word_1_59' title='bbox 566 660 718 701; x_wconf 84' lang='lat' dir='ltr'>cogitare</span> <span class='ocrx_word' id='word_1_60' title='bbox 756 670 822 691; x_wconf 88' lang='lat' dir='ltr'>non</span> 
     </span>
     <span class='ocr_line' id='line_1_10' title="bbox 122 709 778 751; baseline -0.003 -10"><span class='ocrx_word' id='word_1_61' title='bbox 122 710 281 751; x_wconf 87' lang='lat' dir='ltr'>oportet‚&#39;</span> <span class='ocrx_word' id='word_1_62' title='bbox 293 711 302 727; x_wconf 89' lang='lat'>‘</span> <span class='ocrx_word' id='word_1_63' title='bbox 318 710 378 741; x_wconf 87' lang='lat' dir='ltr'>sed</span> <span class='ocrx_word' id='word_1_64' title='bbox 395 709 522 749; x_wconf 77' lang='lat' dir='ltr'>facere,</span> <span class='ocrx_word' id='word_1_65' title='bbox 538 713 602 741; x_wconf 61' lang='grc' dir='ltr'>ἃς.</span> <span class='ocrx_word' id='word_1_66' title='bbox 619 709 778 750; x_wconf 65' lang='lat' dir='ltr'>oportet!</span> 
     </span>
    </p>

    <p class='ocr_par' dir='ltr' id='par_1_3' title="bbox 116 759 825 1756">
     <span class='ocr_line' id='line_1_11' title="bbox 164 759 823 801; baseline -0.002 -10"><span class='ocrx_word' id='word_1_67' title='bbox 164 763 204 791; x_wconf 71' lang='lat'>14</span> <span class='ocrx_word' id='word_1_68' title='bbox 228 759 458 801; x_wconf 74' lang='lat' dir='ltr'>Pependerunt]</span> <span class='ocrx_word' id='word_1_69' title='bbox 484 760 538 791; x_wconf 89' lang='lat' dir='ltr'>Ita</span> <span class='ocrx_word' id='word_1_70' title='bbox 554 760 688 800; x_wconf 88' lang='lat' dir='ltr'>quidem</span> <span class='ocrx_word' id='word_1_71' title='bbox 707 770 823 791; x_wconf 87' lang='lat' dir='ltr'>exara-</span> 
     </span>
     <span class='ocr_line' id='line_1_12' title="bbox 123 809 822 851; baseline 0.001 -11"><span class='ocrx_word' id='word_1_72' title='bbox 123 810 229 841; x_wconf 87' lang='lat' dir='ltr'>turin</span> <span class='ocrx_word' id='word_1_73' title='bbox 259 810 432 851; x_wconf 87' lang='lat' dir='ltr'>plerisque</span> <span class='ocrx_word' id='word_1_74' title='bbox 460 809 655 849; x_wconf 89' lang='lat' dir='ltr'>Codicibus‚</span> <span class='ocrx_word' id='word_1_75' title='bbox 672 815 707 841; x_wconf 85' lang='lat' dir='ltr'>et</span> <span class='ocrx_word' id='word_1_76' title='bbox 735 810 822 841; x_wconf 91' lang='lat' dir='ltr'>Edd.</span> 
     </span>
     <span class='ocr_line' id='line_1_13' title="bbox 122 859 821 901; baseline 0.004 -12"><span class='ocrx_word' id='word_1_77' title='bbox 122 859 255 899; x_wconf 89' lang='lat' dir='ltr'>primis:</span> <span class='ocrx_word' id='word_1_78' title='bbox 289 860 347 890; x_wconf 88' lang='lat' dir='ltr'>sed</span> <span class='ocrx_word' id='word_1_79' title='bbox 373 860 525 891; x_wconf 81' lang='lat' dir='ltr'>Vossian.</span> <span class='ocrx_word' id='word_1_80' title='bbox 550 861 688 901; x_wconf 84' lang='lat' dir='ltr'>primus,</span> <span class='ocrx_word' id='word_1_81' title='bbox 724 861 821 892; x_wconf 90' lang='lat' dir='ltr'>Leid.</span> 
     </span>
     <span class='ocr_line' id='line_1_14' title="bbox 123 910 823 952; baseline 0.004 -12"><span class='ocrx_word' id='word_1_82' title='bbox 123 910 220 950; x_wconf 84' lang='lat' dir='ltr'>prim.</span> <span class='ocrx_word' id='word_1_83' title='bbox 245 910 369 950; x_wconf 85' lang='lat' dir='ltr'>Scalig.</span> <span class='ocrx_word' id='word_1_84' title='bbox 395 910 507 943; x_wconf 80' lang='lat' dir='ltr'>Oxou.</span> <span class='ocrx_word' id='word_1_85' title='bbox 527 921 604 943; x_wconf 90' lang='lat' dir='ltr'>cum</span> <span class='ocrx_word' id='word_1_86' title='bbox 622 911 709 942; x_wconf 87' lang='lat' dir='ltr'>Edd.</span> <span class='ocrx_word' id='word_1_87' title='bbox 732 911 823 952; x_wconf 89' lang='lat' dir='ltr'>Aldi‚</span> 
     </span>
     <span class='ocr_line' id='line_1_15' title="bbox 119 959 823 1003; baseline 0.006 -13"><span class='ocrx_word' id='word_1_88' title='bbox 119 959 294 1000; x_wconf 85' lang='lat' dir='ltr'>Stephani,</span> <span class='ocrx_word' id='word_1_89' title='bbox 318 960 463 1000; x_wconf 74' lang='lat' dir='ltr'>Gryphii</span> <span class='ocrx_word' id='word_1_90' title='bbox 483 963 546 992; x_wconf 63' lang='lat' dir='ltr'>Sec.</span> <span class='ocrx_word' id='word_1_91' title='bbox 564 961 649 993; x_wconf 85' lang='lat' dir='ltr'>dant</span> <span class='ocrx_word' id='word_1_92' title='bbox 671 964 823 1003; x_wconf 83' lang='lat' dir='ltr'><strong><em>depende-</em></strong></span> 
     </span>
     <span class='ocr_line' id='line_1_16' title="bbox 119 1009 822 1053; baseline 0.006 -13"><span class='ocrx_word' id='word_1_93' title='bbox 119 1009 204 1040; x_wconf 73' lang='lat' dir='ltr'>rint.-</span> <span class='ocrx_word' id='word_1_94' title='bbox 227 1010 316 1051; x_wconf 89' lang='lat' dir='ltr'>quod</span> <span class='ocrx_word' id='word_1_95' title='bbox 335 1011 413 1041; x_wconf 87' lang='lat' dir='ltr'>mihi</span> <span class='ocrx_word' id='word_1_96' title='bbox 443 1021 507 1042; x_wconf 90' lang='lat' dir='ltr'>non</span> <span class='ocrx_word' id='word_1_97' title='bbox 540 1012 712 1053; x_wconf 86' lang='lat' dir='ltr'>displicet.</span> <span class='ocrx_word' id='word_1_98' title='bbox 759 1014 822 1044; x_wconf 87' lang='lat' dir='ltr'>De-</span> 
     </span>
     <span class='ocr_line' id='line_1_17' title="bbox 116 1061 822 1103; baseline 0.004 -12"><span class='ocrx_word' id='word_1_99' title='bbox 116 1061 248 1099; x_wconf 73' lang='lat' dir='ltr'>pendet-e</span> <span class='ocrx_word' id='word_1_100' title='bbox 263 1066 316 1092; x_wconf 79' lang='lat' dir='ltr'>est</span> <span class='ocrx_word' id='word_1_101' title='bbox 331 1062 502 1101; x_wconf 86' lang='lat' dir='ltr'>integrum</span> <span class='ocrx_word' id='word_1_102' title='bbox 519 1062 727 1103; x_wconf 80' lang='lat' dir='ltr'>stipendium</span> <span class='ocrx_word' id='word_1_103' title='bbox 740 1073 822 1103; x_wconf 87' lang='lat' dir='ltr'>pen-</span> 
     </span>
     <span class='ocr_line' id='line_1_18' title="bbox 120 1111 824 1154; baseline 0.003 -12"><span class='ocrx_word' id='word_1_104' title='bbox 120 1111 214 1152; x_wconf 87' lang='lat' dir='ltr'>dere,</span> <span class='ocrx_word' id='word_1_105' title='bbox 232 1112 301 1142; x_wconf 85' lang='lat' dir='ltr'>sine</span> <span class='ocrx_word' id='word_1_106' title='bbox 326 1112 394 1143; x_wconf 89' lang='lat' dir='ltr'>ulla</span> <span class='ocrx_word' id='word_1_107' title='bbox 411 1111 670 1144; x_wconf 83' lang='lat' dir='ltr'>defraudatione</span> <span class='ocrx_word' id='word_1_108' title='bbox 700 1115 824 1154; x_wconf 84' lang='lat' dir='ltr'>persol-</span> 
     </span>
     <span class='ocr_line' id='line_1_19' title="bbox 120 1163 824 1205; baseline 0.003 -11"><span class='ocrx_word' id='word_1_109' title='bbox 120 1171 209 1194; x_wconf 81' lang='lat' dir='ltr'>vere.</span> <span class='ocrx_word' id='word_1_110' title='bbox 255 1163 377 1195; x_wconf 83' lang='lat' dir='ltr'>Cicero</span> <span class='ocrx_word' id='word_1_111' title='bbox 394 1163 436 1195; x_wconf 87' lang='lat' dir='ltr'>ad</span> <span class='ocrx_word' id='word_1_112' title='bbox 454 1164 547 1195; x_wconf 84' lang='lat' dir='ltr'>Fam.</span> <span class='ocrx_word' id='word_1_113' title='bbox 560 1165 625 1205; x_wconf 88' lang='lat' dir='ltr'>Ep.</span> <span class='ocrx_word' id='word_1_114' title='bbox 643 1173 669 1196; x_wconf 90' lang='grc' dir='ltr'><strong>ι.</strong></span> <span class='ocrx_word' id='word_1_115' title='bbox 683 1168 715 1196; x_wconf 87' lang='lat'>9.</span> <span class='ocrx_word' id='word_1_116' title='bbox 730 1167 738 1183; x_wconf 88' lang='lat'>‘</span> <span class='ocrx_word' id='word_1_117' title='bbox 755 1166 824 1196; x_wconf 90' lang='lat' dir='ltr'>De-</span> 
     </span>
     <span class='ocr_line' id='line_1_20' title="bbox 120 1213 822 1257; baseline 0.004 -13"><span class='ocrx_word' id='word_1_118' title='bbox 120 1213 336 1253; x_wconf 84' lang='lat' dir='ltr'>pendendum</span> <span class='ocrx_word' id='word_1_119' title='bbox 361 1214 424 1246; x_wconf 87' lang='lat' dir='ltr'>tibi</span> <span class='ocrx_word' id='word_1_120' title='bbox 449 1219 515 1254; x_wconf 85' lang='lat' dir='ltr'>est,</span> <span class='ocrx_word' id='word_1_121' title='bbox 539 1214 628 1256; x_wconf 88' lang='lat' dir='ltr'>quod</span> <span class='ocrx_word' id='word_1_122' title='bbox 655 1215 734 1247; x_wconf 82' lang='lat' dir='ltr'>mihi</span> <span class='ocrx_word' id='word_1_123' title='bbox 760 1226 822 1257; x_wconf 90' lang='lat' dir='ltr'>pro</span> 
     </span>
     <span class='ocr_line' id='line_1_21' title="bbox 118 1264 822 1306; baseline 0.004 -11"><span class='ocrx_word' id='word_1_124' title='bbox 118 1264 176 1295; x_wconf 91' lang='lat' dir='ltr'>illo</span> <span class='ocrx_word' id='word_1_125' title='bbox 189 1265 425 1306; x_wconf 61' lang='lat' dir='ltr'>spopondisti!</span> <span class='ocrx_word' id='word_1_126' title='bbox 457 1265 562 1306; x_wconf 87' lang='lat' dir='ltr'>Apul.</span> <span class='ocrx_word' id='word_1_127' title='bbox 579 1265 682 1306; x_wconf 86' lang='lat' dir='ltr'><strong>Apol.</strong></span> <span class='ocrx_word' id='word_1_128' title='bbox 697 1276 732 1306; x_wconf 88' lang='lat' dir='ltr'>p.</span> <span class='ocrx_word' id='word_1_129' title='bbox 746 1269 822 1298; x_wconf 79' lang='lat'>188.</span> 
     </span>
     <span class='ocr_line' id='line_1_22' title="bbox 120 1314 822 1356; baseline 0.004 -11"><span class='ocrx_word' id='word_1_130' title='bbox 120 1314 183 1345; x_wconf 88' lang='lat' dir='ltr'>Ed.</span> <span class='ocrx_word' id='word_1_131' title='bbox 207 1315 354 1347; x_wconf 88' lang='lat' dir='ltr'>Scriver.</span> <span class='ocrx_word' id='word_1_132' title='bbox 379 1316 388 1332; x_wconf 91' lang='lat'>‘</span> <span class='ocrx_word' id='word_1_133' title='bbox 405 1326 477 1356; x_wconf 83' lang='lat' dir='ltr'>quae</span> <span class='ocrx_word' id='word_1_134' title='bbox 507 1316 571 1346; x_wconf 87' lang='lat' dir='ltr'>etsi</span> <span class='ocrx_word' id='word_1_135' title='bbox 601 1321 743 1356; x_wconf 84' lang='lat' dir='ltr'>possunt</span> <span class='ocrx_word' id='word_1_136' title='bbox 779 1316 822 1348; x_wconf 92' lang='lat' dir='ltr'>ab</span> 
     </span>
     <span class='ocr_line' id='line_1_23' title="bbox 119 1363 824 1404; baseline 0.004 -10"><span class='ocrx_word' id='word_1_137' title='bbox 119 1363 168 1395; x_wconf 91' lang='lat' dir='ltr'>his</span> <span class='ocrx_word' id='word_1_138' title='bbox 192 1365 334 1404; x_wconf 82' lang='lat' dir='ltr'><strong>utiliter,</strong></span> <span class='ocrx_word' id='word_1_139' title='bbox 355 1365 541 1397; x_wconf 83' lang='lat' dir='ltr'>blatterata</span> <span class='ocrx_word' id='word_1_140' title='bbox 565 1365 608 1397; x_wconf 91' lang='lat' dir='ltr'>ob</span> <span class='ocrx_word' id='word_1_141' title='bbox 630 1365 824 1398; x_wconf 87' lang='lat' dir='ltr'><strong>mercedem</strong></span> 
     </span>
     <span class='ocr_line' id='line_1_24' title="bbox 120 1416 825 1457; baseline 0.003 -12"><span class='ocrx_word' id='word_1_142' title='bbox 120 1419 155 1446; x_wconf 69' lang='lat' dir='ltr'>et</span> <span class='ocrx_word' id='word_1_143' title='bbox 171 1419 426 1447; x_wconf 82' lang='lat' dir='ltr'>auctoramento</span> <span class='ocrx_word' id='word_1_144' title='bbox 449 1416 674 1456; x_wconf 75' lang='lat' dir='ltr'>inpudicitiae,</span> <span class='ocrx_word' id='word_1_145' title='bbox 698 1416 825 1457; x_wconf 88' lang='lat' dir='ltr'>depen-</span> 
     </span>
     <span class='ocr_line' id='line_1_25' title="bbox 119 1465 824 1497; baseline 0.003 -2"><span class='ocrx_word' id='word_1_146' title='bbox 119 1475 153 1495; x_wconf 81' lang='lat' dir='ltr'>sa</span> <span class='ocrx_word' id='word_1_147' title='bbox 167 1465 306 1496; x_wconf 66' lang='lat' dir='ltr'>haberi!</span> <span class='ocrx_word' id='word_1_148' title='bbox 347 1466 402 1497; x_wconf 93' lang='lat' dir='ltr'>Sic</span> <span class='ocrx_word' id='word_1_149' title='bbox 427 1466 515 1497; x_wconf 91' lang='lat' dir='ltr'>enim</span> <span class='ocrx_word' id='word_1_150' title='bbox 532 1466 619 1497; x_wconf 90' lang='lat' dir='ltr'>bene</span> <span class='ocrx_word' id='word_1_151' title='bbox 637 1465 745 1497; x_wconf 79' lang='lat' dir='ltr'>edidit</span> <span class='ocrx_word' id='word_1_152' title='bbox 761 1468 824 1497; x_wconf 86' lang='lat' dir='ltr'>Vir</span> 
     </span>
     <span class='ocr_line' id='line_1_26' title="bbox 121 1515 822 1547; baseline 0.001 -1"><span class='ocrx_word' id='word_1_153' title='bbox 121 1515 272 1547; x_wconf 85' lang='lat' dir='ltr'>Doctiss.</span> <span class='ocrx_word' id='word_1_154' title='bbox 287 1515 386 1546; x_wconf 88' lang='lat' dir='ltr'>aliter</span> <span class='ocrx_word' id='word_1_155' title='bbox 401 1515 469 1546; x_wconf 90' lang='lat' dir='ltr'>alii.</span> <span class='ocrx_word' id='word_1_156' title='bbox 502 1516 630 1546; x_wconf 83' lang='lat' dir='ltr'>Brutus</span> <span class='ocrx_word' id='word_1_157' title='bbox 643 1516 822 1547; x_wconf 85' lang='lat' dir='ltr'>eFlorent.</span> 
     </span>
     <span class='ocr_line' id='line_1_27' title="bbox 120 1565 823 1607; baseline 0.003 -12"><span class='ocrx_word' id='word_1_158' title='bbox 120 1565 174 1595; x_wconf 87' lang='lat' dir='ltr'>cui</span> <span class='ocrx_word' id='word_1_159' title='bbox 205 1565 432 1607; x_wconf 85' lang='lat' dir='ltr'>adstipulatur</span> <span class='ocrx_word' id='word_1_160' title='bbox 469 1565 637 1605; x_wconf 85' lang='lat' dir='ltr'>Egmond.</span> <span class='ocrx_word' id='word_1_161' title='bbox 675 1566 823 1597; x_wconf 88' lang='lat' dir='ltr'>malebat</span> 
     </span>
     <span class='ocr_line' id='line_1_28' title="bbox 116 1615 823 1656; baseline 0.003 -11"><span class='ocrx_word' id='word_1_162' title='bbox 116 1615 170 1646; x_wconf 81' lang='lat' dir='ltr'>hic</span> <span class='ocrx_word' id='word_1_163' title='bbox 207 1616 437 1656; x_wconf 77' lang='lat' dir='ltr'>perpenderint.</span> <span class='ocrx_word' id='word_1_164' title='bbox 497 1617 543 1647; x_wconf 84' lang='lat' dir='ltr'>Et</span> <span class='ocrx_word' id='word_1_165' title='bbox 573 1620 669 1647; x_wconf 92' lang='lat' dir='ltr'>certe</span> <span class='ocrx_word' id='word_1_166' title='bbox 705 1615 823 1648; x_wconf 90' lang='lat' dir='ltr'>favent</span> 
     </span>
     <span class='ocr_line' id='line_1_29' title="bbox 120 1666 823 1707; baseline 0.004 -12"><span class='ocrx_word' id='word_1_167' title='bbox 120 1674 254 1707; x_wconf 85' lang='lat' dir='ltr'>quoque</span> <span class='ocrx_word' id='word_1_168' title='bbox 279 1666 413 1697; x_wconf 76' lang='lat' dir='ltr'>Cari-ar.</span> <span class='ocrx_word' id='word_1_169' title='bbox 429 1670 465 1697; x_wconf 86' lang='lat' dir='ltr'>et</span> <span class='ocrx_word' id='word_1_170' title='bbox 490 1666 625 1698; x_wconf 85' lang='lat' dir='ltr'>Duker.</span> <span class='ocrx_word' id='word_1_171' title='bbox 642 1666 677 1698; x_wconf 90' lang='lat' dir='ltr'>in</span> <span class='ocrx_word' id='word_1_172' title='bbox 701 1667 823 1707; x_wconf 78' lang='lat' dir='ltr'>quibus</span> 
     </span>
     <span class='ocr_line' id='line_1_30' title="bbox 117 1716 639 1756; baseline 0.002 -11"><span class='ocrx_word' id='word_1_173' title='bbox 117 1716 336 1756; x_wconf 75' lang='lat' dir='ltr'>propenderint</span> <span class='ocrx_word' id='word_1_174' title='bbox 350 1720 386 1747; x_wconf 89' lang='lat' dir='ltr'>et</span> <span class='ocrx_word' id='word_1_175' title='bbox 398 1716 639 1756; x_wconf 77' lang='lat' dir='ltr'>praependerint.</span> 
     </span>
    </p>

    <p class='ocr_par' dir='ltr' id='par_1_4' title="bbox 119 1766 827 2817">
     <span class='ocr_line' id='line_1_31' title="bbox 162 1766 824 1804; baseline 0.002 -8"><span class='ocrx_word' id='word_1_176' title='bbox 162 1768 203 1796; x_wconf 85' lang='lat'>22</span> <span class='ocrx_word' id='word_1_177' title='bbox 234 1766 356 1797; x_wconf 82' lang='lat' dir='ltr'>Bellum</span> <span class='ocrx_word' id='word_1_178' title='bbox 383 1776 443 1796; x_wconf 84' lang='lat' dir='ltr'>non</span> <span class='ocrx_word' id='word_1_179' title='bbox 473 1766 616 1797; x_wconf 69' lang='lat' dir='ltr'>intulerit</span> <span class='ocrx_word' id='word_1_180' title='bbox 638 1767 691 1796; x_wconf 77' lang='lat' dir='ltr'>sed</span> <span class='ocrx_word' id='word_1_181' title='bbox 719 1766 824 1804; x_wconf 83' lang='lat' dir='ltr'>defen-</span> 
     </span>
     <span class='ocr_line' id='line_1_32' title="bbox 119 1814 825 1856; baseline 0.001 -10"><span class='ocrx_word' id='word_1_182' title='bbox 119 1815 216 1856; x_wconf 83' lang='lat' dir='ltr'>derit]</span> <span class='ocrx_word' id='word_1_183' title='bbox 240 1814 412 1856; x_wconf 70' lang='lat' dir='ltr'>Arcuerst,</span> <span class='ocrx_word' id='word_1_184' title='bbox 430 1815 692 1856; x_wconf 82' lang='lat' dir='ltr'>propulsaverit.</span> <span class='ocrx_word' id='word_1_185' title='bbox 739 1816 825 1847; x_wconf 80' lang='lat' dir='ltr'>Nos-</span> 
     </span>
     <span class='ocr_line' id='line_1_33' title="bbox 123 1865 824 1907; baseline 0 -10"><span class='ocrx_word' id='word_1_186' title='bbox 123 1871 176 1897; x_wconf 78' lang='lat' dir='ltr'>ter</span> <span class='ocrx_word' id='word_1_187' title='bbox 201 1866 242 1898; x_wconf 90' lang='lat' dir='ltr'>B.</span> <span class='ocrx_word' id='word_1_188' title='bbox 271 1865 311 1897; x_wconf 92' lang='lat' dir='ltr'>C.</span> <span class='ocrx_word' id='word_1_189' title='bbox 338 1875 364 1897; x_wconf 92' lang='lat'>1.</span> <span class='ocrx_word' id='word_1_190' title='bbox 387 1869 419 1898; x_wconf 83' lang='lat'>7.</span> <span class='ocrx_word' id='word_1_191' title='bbox 457 1866 707 1897; x_wconf 87' lang='lat' dir='ltr'>‘Conclamant</span> <span class='ocrx_word' id='word_1_192' title='bbox 740 1866 824 1907; x_wconf 86' lang='lat' dir='ltr'>legi-</span> 
     </span>
     <span class='ocr_line' id='line_1_34' title="bbox 122 1916 823 1958; baseline -0.001 -10"><span class='ocrx_word' id='word_1_193' title='bbox 122 1916 192 1948; x_wconf 84' lang='lat' dir='ltr'>onis</span> <span class='ocrx_word' id='word_1_194' title='bbox 209 1925 290 1948; x_wconf 80' lang='lat' dir='ltr'>xnr.</span> <span class='ocrx_word' id='word_1_195' title='bbox 307 1926 382 1958; x_wconf 85' lang='lat' dir='ltr'>quae</span> <span class='ocrx_word' id='word_1_196' title='bbox 401 1916 531 1956; x_wconf 89' lang='lat' dir='ltr'>aderat,</span> <span class='ocrx_word' id='word_1_197' title='bbox 543 1916 668 1947; x_wconf 87' lang='lat' dir='ltr'>milites</span> <span class='ocrx_word' id='word_1_198' title='bbox 686 1939 693 1947; x_wconf 95' lang='lat'>.</span> <span class='ocrx_word' id='word_1_199' title='bbox 705 1940 712 1947; x_wconf 96' lang='lat'>.</span> <span class='ocrx_word' id='word_1_200' title='bbox 724 1937 732 1947; x_wconf 86' lang='lat'>.</span> <span class='ocrx_word' id='word_1_201' title='bbox 749 1925 823 1947; x_wconf 86' lang='lat' dir='ltr'>sese</span> 
     </span>
     <span class='ocr_line' id='line_1_35' title="bbox 123 1965 824 2006; baseline 0 -9"><span class='ocrx_word' id='word_1_202' title='bbox 123 1971 260 2006; x_wconf 83' lang='lat' dir='ltr'>paratos</span> <span class='ocrx_word' id='word_1_203' title='bbox 275 1976 350 1997; x_wconf 90' lang='lat' dir='ltr'>esse</span> <span class='ocrx_word' id='word_1_204' title='bbox 366 1966 580 2006; x_wconf 87' lang='lat' dir='ltr'>imperatoris</span> <span class='ocrx_word' id='word_1_205' title='bbox 596 1966 648 1997; x_wconf 93' lang='lat' dir='ltr'>sui</span> <span class='ocrx_word' id='word_1_206' title='bbox 673 1965 824 1997; x_wconf 89' lang='lat' dir='ltr'>tribuno-</span> 
     </span>
     <span class='ocr_line' id='line_1_36' title="bbox 123 2015 822 2058; baseline 0.001 -11"><span class='ocrx_word' id='word_1_207' title='bbox 123 2026 264 2058; x_wconf 90' lang='lat' dir='ltr'>rumque</span> <span class='ocrx_word' id='word_1_208' title='bbox 297 2016 404 2057; x_wconf 89' lang='lat' dir='ltr'>plebis</span> <span class='ocrx_word' id='word_1_209' title='bbox 434 2016 577 2057; x_wconf 82' lang='lat' dir='ltr'>injurias</span> <span class='ocrx_word' id='word_1_210' title='bbox 609 2015 822 2048; x_wconf 64' lang='lat' dir='ltr'>defendere:</span> 
     </span>
     <span class='ocr_line' id='line_1_37' title="bbox 124 2067 822 2108; baseline 0 -8"><span class='ocrx_word' id='word_1_211' title='bbox 124 2067 372 2108; x_wconf 80' lang='lat' dir='ltr'>Quadrigarius</span> <span class='ocrx_word' id='word_1_212' title='bbox 403 2067 494 2108; x_wconf 90' lang='lat' dir='ltr'>apud</span> <span class='ocrx_word' id='word_1_213' title='bbox 525 2067 676 2099; x_wconf 87' lang='lat' dir='ltr'>Gellium</span> <span class='ocrx_word' id='word_1_214' title='bbox 706 2069 751 2100; x_wconf 84' lang='lat' dir='ltr'>N.</span> <span class='ocrx_word' id='word_1_215' title='bbox 778 2067 822 2100; x_wconf 82' lang='lat' dir='ltr'>A.</span> 
     </span>
     <span class='ocr_line' id='line_1_38' title="bbox 122 2118 824 2159; baseline 0.001 -11"><span class='ocrx_word' id='word_1_216' title='bbox 122 2126 176 2150; x_wconf 81' lang='lat' dir='ltr'>lx.</span> <span class='ocrx_word' id='word_1_217' title='bbox 193 2120 224 2148; x_wconf 88' lang='lat'>1.</span> <span class='ocrx_word' id='word_1_218' title='bbox 248 2119 256 2135; x_wconf 91' lang='lat'>‘</span> <span class='ocrx_word' id='word_1_219' title='bbox 272 2118 404 2149; x_wconf 87' lang='lat' dir='ltr'>Milites</span> <span class='ocrx_word' id='word_1_220' title='bbox 422 2118 557 2149; x_wconf 85' lang='lat' dir='ltr'>Metelli</span> <span class='ocrx_word' id='word_1_221' title='bbox 578 2128 597 2148; x_wconf 91' lang='lat' dir='ltr'>a</span> <span class='ocrx_word' id='word_1_222' title='bbox 617 2118 728 2159; x_wconf 88' lang='lat' dir='ltr'>pinnis</span> <span class='ocrx_word' id='word_1_223' title='bbox 749 2119 824 2150; x_wconf 89' lang='lat' dir='ltr'>hos-</span> 
     </span>
     <span class='ocr_line' id='line_1_39' title="bbox 123 2166 824 2200; baseline 0.001 -1"><span class='ocrx_word' id='word_1_224' title='bbox 123 2172 174 2199; x_wconf 89' lang='lat' dir='ltr'>tes</span> <span class='ocrx_word' id='word_1_225' title='bbox 201 2166 433 2199; x_wconf 88' lang='lat' dir='ltr'>defendebant</span> <span class='ocrx_word' id='word_1_226' title='bbox 460 2166 645 2199; x_wconf 82' lang='lat' dir='ltr'>facillime.’</span> <span class='ocrx_word' id='word_1_227' title='bbox 691 2169 824 2200; x_wconf 87' lang='lat' dir='ltr'>Eodem</span> 
     </span>
     <span class='ocr_line' id='line_1_40' title="bbox 123 2217 823 2252; baseline 0.004 -4"><span class='ocrx_word' id='word_1_228' title='bbox 123 2227 222 2248; x_wconf 88' lang='lat' dir='ltr'>sensu</span> <span class='ocrx_word' id='word_1_229' title='bbox 248 2217 300 2248; x_wconf 92' lang='lat' dir='ltr'>usi</span> <span class='ocrx_word' id='word_1_230' title='bbox 330 2222 409 2249; x_wconf 90' lang='lat' dir='ltr'>sunt</span> <span class='ocrx_word' id='word_1_231' title='bbox 435 2217 605 2249; x_wconf 88' lang='lat' dir='ltr'>Arnobius</span> <span class='ocrx_word' id='word_1_232' title='bbox 642 2227 666 2250; x_wconf 88' lang='lat'>1.</span> <span class='ocrx_word' id='word_1_233' title='bbox 692 2221 744 2250; x_wconf 89' lang='grc'>17.</span> <span class='ocrx_word' id='word_1_234' title='bbox 768 2219 823 2252; x_wconf 88' lang='lat' dir='ltr'>ed.</span> 
     </span>
     <span class='ocr_line' id='line_1_41' title="bbox 122 2267 824 2309; baseline 0.003 -11"><span class='ocrx_word' id='word_1_235' title='bbox 122 2267 238 2299; x_wconf 90' lang='lat' dir='ltr'>Plant.</span> <span class='ocrx_word' id='word_1_236' title='bbox 262 2272 298 2299; x_wconf 91' lang='lat' dir='ltr'>et</span> <span class='ocrx_word' id='word_1_237' title='bbox 319 2267 481 2309; x_wconf 84' lang='lat' dir='ltr'>Virgilius</span> <span class='ocrx_word' id='word_1_238' title='bbox 506 2269 582 2299; x_wconf 88' lang='lat' dir='ltr'>Ecl.</span> <span class='ocrx_word' id='word_1_239' title='bbox 596 2278 661 2301; x_wconf 77' lang='lat' dir='ltr'>vn.</span> <span class='ocrx_word' id='word_1_240' title='bbox 674 2271 728 2300; x_wconf 84' lang='grc'>47.</span> <span class='ocrx_word' id='word_1_241' title='bbox 753 2269 824 2300; x_wconf 85' lang='lat' dir='ltr'>alii-</span> 
     </span>
     <span class='ocr_line' id='line_1_42' title="bbox 123 2319 822 2360; baseline 0.006 -12"><span class='ocrx_word' id='word_1_242' title='bbox 123 2327 202 2359; x_wconf 88' lang='lat' dir='ltr'>que,</span> <span class='ocrx_word' id='word_1_243' title='bbox 217 2328 362 2359; x_wconf 90' lang='lat' dir='ltr'>quorum</span> <span class='ocrx_word' id='word_1_244' title='bbox 385 2319 462 2350; x_wconf 81' lang='lat' dir='ltr'>loca</span> <span class='ocrx_word' id='word_1_245' title='bbox 487 2319 723 2360; x_wconf 89' lang='lat' dir='ltr'>suppeditabit</span> <span class='ocrx_word' id='word_1_246' title='bbox 745 2321 822 2352; x_wconf 85' lang='lat' dir='ltr'>Jac.</span> 
     </span>
     <span class='ocr_line' id='line_1_43' title="bbox 123 2369 825 2412; baseline 0.004 -12"><span class='ocrx_word' id='word_1_247' title='bbox 123 2369 386 2400; x_wconf 81' lang='lat' dir='ltr'>Emmenessius.</span> <span class='ocrx_word' id='word_1_248' title='bbox 434 2369 523 2400; x_wconf 86' lang='lat' dir='ltr'>Hinc</span> <span class='ocrx_word' id='word_1_249' title='bbox 552 2369 685 2402; x_wconf 90' lang='lat' dir='ltr'>abunde</span> <span class='ocrx_word' id='word_1_250' title='bbox 714 2371 825 2412; x_wconf 85' lang='lat' dir='ltr'>liquet</span> 
     </span>
     <span class='ocr_line' id='line_1_44' title="bbox 123 2419 826 2452; baseline 0.003 -2"><span class='ocrx_word' id='word_1_251' title='bbox 123 2419 346 2450; x_wconf 82' lang='lat' dir='ltr'>necessariam</span> <span class='ocrx_word' id='word_1_252' title='bbox 362 2429 426 2450; x_wconf 92' lang='lat' dir='ltr'>non</span> <span class='ocrx_word' id='word_1_253' title='bbox 444 2428 518 2450; x_wconf 88' lang='lat' dir='ltr'>esse</span> <span class='ocrx_word' id='word_1_254' title='bbox 530 2419 704 2451; x_wconf 78' lang='lat' dir='ltr'>Ciauconii</span> <span class='ocrx_word' id='word_1_255' title='bbox 716 2430 826 2452; x_wconf 86' lang='lat' dir='ltr'>emen·</span> 
     </span>
     <span class='ocr_line' id='line_1_45' title="bbox 123 2468 825 2510; baseline 0.004 -10"><span class='ocrx_word' id='word_1_256' title='bbox 123 2468 310 2509; x_wconf 84' lang='lat' dir='ltr'>dationem,</span> <span class='ocrx_word' id='word_1_257' title='bbox 328 2470 385 2510; x_wconf 91' lang='lat' dir='ltr'>qui</span> <span class='ocrx_word' id='word_1_258' title='bbox 399 2469 485 2510; x_wconf 86' lang='lat' dir='ltr'>legit</span> <span class='ocrx_word' id='word_1_259' title='bbox 495 2470 644 2500; x_wconf 87' lang='lat' dir='ltr'>‘illatum</span> <span class='ocrx_word' id='word_1_260' title='bbox 662 2469 825 2503; x_wconf 89' lang='lat' dir='ltr'>defende-</span> 
     </span>
     <span class='ocr_line' id='line_1_46' title="bbox 122 2519 821 2561; baseline 0.004 -11"><span class='ocrx_word' id='word_1_261' title='bbox 122 2519 167 2551; x_wconf 87' lang='lat' dir='ltr'>rit</span> <span class='ocrx_word' id='word_1_262' title='bbox 181 2519 202 2558; x_wconf 89' lang='lat'>;&#39;</span> <span class='ocrx_word' id='word_1_263' title='bbox 219 2520 301 2551; x_wconf 85' lang='lat' dir='ltr'>licet</span> <span class='ocrx_word' id='word_1_264' title='bbox 330 2520 420 2551; x_wconf 89' lang='lat' dir='ltr'>haud</span> <span class='ocrx_word' id='word_1_265' title='bbox 446 2530 567 2561; x_wconf 85' lang='lat' dir='ltr'>negem</span> <span class='ocrx_word' id='word_1_266' title='bbox 596 2520 644 2551; x_wconf 85' lang='lat' dir='ltr'>ita</span> <span class='ocrx_word' id='word_1_267' title='bbox 669 2521 821 2553; x_wconf 90' lang='lat' dir='ltr'>locutum</span> 
     </span>
     <span class='ocr_line' id='line_1_47' title="bbox 125 2571 824 2615; baseline 0.004 -13"><span class='ocrx_word' id='word_1_268' title='bbox 125 2580 198 2602; x_wconf 81' lang='lat' dir='ltr'>esse</span> <span class='ocrx_word' id='word_1_269' title='bbox 214 2571 383 2603; x_wconf 80' lang='lat' dir='ltr'>Caesarem</span> <span class='ocrx_word' id='word_1_270' title='bbox 407 2583 485 2604; x_wconf 86' lang='lat' dir='ltr'>curn</span> <span class='ocrx_word' id='word_1_271' title='bbox 509 2572 602 2611; x_wconf 87' lang='lat' dir='ltr'>alibi,</span> <span class='ocrx_word' id='word_1_272' title='bbox 629 2577 700 2604; x_wconf 87' lang='lat' dir='ltr'>tum</span> <span class='ocrx_word' id='word_1_273' title='bbox 724 2573 765 2605; x_wconf 91' lang='lat' dir='ltr'>B.</span> <span class='ocrx_word' id='word_1_274' title='bbox 782 2574 824 2615; x_wconf 62' lang='lat' dir='ltr'>G,</span> 
     </span>
     <span class='ocr_line' id='line_1_48' title="bbox 125 2622 827 2665; baseline 0.006 -13"><span class='ocrx_word' id='word_1_275' title='bbox 125 2629 165 2652; x_wconf 89' lang='grc' dir='ltr'>ιι.</span> <span class='ocrx_word' id='word_1_276' title='bbox 187 2623 239 2653; x_wconf 85' lang='grc'>29.</span> <span class='ocrx_word' id='word_1_277' title='bbox 271 2622 380 2654; x_wconf 74' lang='lat' dir='ltr'>Duvis.</span> <span class='ocrx_word' id='word_1_278' title='bbox 426 2623 599 2654; x_wconf 93' lang='lat' dir='ltr'>Ciacconii</span> <span class='ocrx_word' id='word_1_279' title='bbox 628 2624 827 2665; x_wconf 89' lang='lat' dir='ltr'>conjectura</span> 
     </span>
     <span class='ocr_line' id='line_1_49' title="bbox 124 2671 826 2711; baseline 0.006 -10"><span class='ocrx_word' id='word_1_280' title='bbox 124 2671 153 2701; x_wconf 84' lang='lat' dir='ltr'>si</span> <span class='ocrx_word' id='word_1_281' title='bbox 191 2677 281 2704; x_wconf 85' lang='lat' dir='ltr'>esset</span> <span class='ocrx_word' id='word_1_282' title='bbox 326 2673 529 2711; x_wconf 82' lang='lat' dir='ltr'>necessaria,</span> <span class='ocrx_word' id='word_1_283' title='bbox 568 2673 826 2705; x_wconf 83' lang='lat' dir='ltr'>confirmaretur</span> 
     </span>
     <span class='ocr_line' id='line_1_50' title="bbox 126 2724 827 2764; baseline 0.006 -12"><span class='ocrx_word' id='word_1_284' title='bbox 126 2730 259 2762; x_wconf 85' lang='lat' dir='ltr'>quoque</span> <span class='ocrx_word' id='word_1_285' title='bbox 275 2732 317 2754; x_wconf 89' lang='lat' dir='ltr'>ex</span> <span class='ocrx_word' id='word_1_286' title='bbox 332 2732 382 2754; x_wconf 78' lang='lat' dir='ltr'>vr.</span> <span class='ocrx_word' id='word_1_287' title='bbox 400 2726 451 2755; x_wconf 85' lang='lat'>15.</span> <span class='ocrx_word' id='word_1_288' title='bbox 473 2724 483 2741; x_wconf 86' lang='lat'>‘</span> <span class='ocrx_word' id='word_1_289' title='bbox 495 2724 634 2764; x_wconf 86' lang='lat' dir='ltr'>injurias</span> <span class='ocrx_word' id='word_1_290' title='bbox 659 2724 827 2756; x_wconf 86' lang='lat' dir='ltr'>inferrent</span> 
     </span>
     <span class='ocr_line' id='line_1_51' title="bbox 127 2771 825 2817; baseline 0.009 -16"><span class='ocrx_word' id='word_1_291' title='bbox 127 2776 187 2802; x_wconf 89' lang='lat' dir='ltr'>aut</span> <span class='ocrx_word' id='word_1_292' title='bbox 202 2771 322 2804; x_wconf 82' lang='lat' dir='ltr'>inlatas</span> <span class='ocrx_word' id='word_1_293' title='bbox 338 2774 596 2815; x_wconf 85' lang='lat' dir='ltr'>propulsarent,&#39;</span> <span class='ocrx_word' id='word_1_294' title='bbox 614 2775 714 2817; x_wconf 84' lang='lat' dir='ltr'>immo</span> <span class='ocrx_word' id='word_1_295' title='bbox 731 2785 758 2807; x_wconf 91' lang='lat' dir='ltr'>c.</span> <span class='ocrx_word' id='word_1_296' title='bbox 772 2778 825 2807; x_wconf 74' lang='lat'>23.</span> 
     </span>
    </p>
   </div>
   <div class='ocr_carea' id='block_1_3' title="bbox 1488 203 1575 242">
    <p class='ocr_par' dir='ltr' id='par_1_5' title="bbox 1488 203 1575 242">
     <span class='ocr_line' id='line_1_52' title="bbox 1488 203 1575 242; baseline 0 0"><span class='ocrx_word' id='word_1_297' title='bbox 1488 203 1575 242; x_wconf 74' lang='lat'>950</span> 
     </span>
    </p>
   </div>
   <div class='ocr_carea' id='block_1_4' title="bbox 862 305 1581 2814">
    <p class='ocr_par' dir='ltr' id='par_1_6' title="bbox 872 305 1576 437">
     <span class='ocr_line' id='line_1_53' title="bbox 872 305 1576 346; baseline 0 -9"><span class='ocrx_word' id='word_1_298' title='bbox 872 308 880 323; x_wconf 91' lang='lat'>‘</span> <span class='ocrx_word' id='word_1_299' title='bbox 899 307 1021 338; x_wconf 84' lang='lat' dir='ltr'>bellum</span> <span class='ocrx_word' id='word_1_300' title='bbox 1039 307 1160 339; x_wconf 74' lang='lat' dir='ltr'>civitas</span> <span class='ocrx_word' id='word_1_301' title='bbox 1176 311 1235 338; x_wconf 81' lang='lat' dir='ltr'>aut</span> <span class='ocrx_word' id='word_1_302' title='bbox 1251 307 1392 338; x_wconf 83' lang='lat' dir='ltr'>inlatum</span> <span class='ocrx_word' id='word_1_303' title='bbox 1409 305 1576 346; x_wconf 80' lang='lat' dir='ltr'>defendit,</span> 
     </span>
     <span class='ocr_line' id='line_1_54' title="bbox 873 355 1576 397; baseline 0.003 -11"><span class='ocrx_word' id='word_1_304' title='bbox 873 362 929 387; x_wconf 85' lang='lat' dir='ltr'>aut</span> <span class='ocrx_word' id='word_1_305' title='bbox 946 356 1048 388; x_wconf 76' lang='lat' dir='ltr'>infert</span> <span class='ocrx_word' id='word_1_306' title='bbox 1066 357 1084 387; x_wconf 74' lang='grc' dir='ltr'>ι’</span> <span class='ocrx_word' id='word_1_307' title='bbox 1112 357 1154 387; x_wconf 85' lang='lat' dir='ltr'>de</span> <span class='ocrx_word' id='word_1_308' title='bbox 1173 357 1274 387; x_wconf 82' lang='lat' dir='ltr'>verbo</span> <span class='ocrx_word' id='word_1_309' title='bbox 1289 355 1453 393; x_wconf 77' lang='lat' dir='ltr'>defendere</span> <span class='ocrx_word' id='word_1_310' title='bbox 1477 358 1576 397; x_wconf 85' lang='lat' dir='ltr'>plura</span> 
     </span>
     <span class='ocr_line' id='line_1_55' title="bbox 872 405 1045 437; baseline -0.006 -1"><span class='ocrx_word' id='word_1_311' title='bbox 872 405 913 436; x_wconf 91' lang='lat' dir='ltr'>ad</span> <span class='ocrx_word' id='word_1_312' title='bbox 932 415 997 437; x_wconf 84' lang='lat' dir='ltr'>vn.</span> <span class='ocrx_word' id='word_1_313' title='bbox 1015 410 1045 436; x_wconf 76' lang='lat'>9.</span> 
     </span>
    </p>

    <p class='ocr_par' dir='ltr' id='par_1_7' title="bbox 862 457 1580 1498">
     <span class='ocr_line' id='line_1_56' title="bbox 914 457 1575 496; baseline 0.005 -10"><span class='ocrx_word' id='word_1_314' title='bbox 914 458 953 486; x_wconf 81' lang='lat'>25</span> <span class='ocrx_word' id='word_1_315' title='bbox 973 457 1067 487; x_wconf 79' lang='lat' dir='ltr'>Fines</span> <span class='ocrx_word' id='word_1_316' title='bbox 1082 457 1252 496; x_wconf 69' lang='lat' dir='ltr'>egressum]</span> <span class='ocrx_word' id='word_1_317' title='bbox 1276 457 1506 488; x_wconf 81' lang='lat' dir='ltr'>Vehementer</span> <span class='ocrx_word' id='word_1_318' title='bbox 1518 457 1575 489; x_wconf 87' lang='lat' dir='ltr'>hie</span> 
     </span>
     <span class='ocr_line' id='line_1_57' title="bbox 871 507 1577 548; baseline 0.003 -11"><span class='ocrx_word' id='word_1_319' title='bbox 871 507 1011 538; x_wconf 86' lang='lat' dir='ltr'>turbant</span> <span class='ocrx_word' id='word_1_320' title='bbox 1030 507 1111 536; x_wconf 74' lang='lat' dir='ltr'>Mss.</span> <span class='ocrx_word' id='word_1_321' title='bbox 1129 512 1163 536; x_wconf 77' lang='lat' dir='ltr'>et</span> <span class='ocrx_word' id='word_1_322' title='bbox 1179 507 1264 537; x_wconf 79' lang='lat' dir='ltr'>Edd.</span> <span class='ocrx_word' id='word_1_323' title='bbox 1280 507 1438 548; x_wconf 73' lang='lat' dir='ltr'>Plerique</span> <span class='ocrx_word' id='word_1_324' title='bbox 1450 507 1577 539; x_wconf 75' lang='lat' dir='ltr'>liabent</span> 
     </span>
     <span class='ocr_line' id='line_1_58' title="bbox 872 557 1577 598; baseline 0.001 -10"><span class='ocrx_word' id='word_1_325' title='bbox 872 567 948 588; x_wconf 93' lang='lat' dir='ltr'>cum</span> <span class='ocrx_word' id='word_1_326' title='bbox 975 557 1317 598; x_wconf 67' lang='lat' dir='ltr'>Hotomannofinilms</span> <span class='ocrx_word' id='word_1_327' title='bbox 1341 568 1506 597; x_wconf 72' lang='lat' dir='ltr'>egressum,</span> <span class='ocrx_word' id='word_1_328' title='bbox 1522 558 1577 589; x_wconf 89' lang='lat' dir='ltr'>alii</span> 
     </span>
     <span class='ocr_line' id='line_1_59' title="bbox 862 608 1579 650; baseline 0.003 -12"><span class='ocrx_word' id='word_1_329' title='bbox 862 608 947 650; x_wconf 83' lang='lat' dir='ltr'>fines</span> <span class='ocrx_word' id='word_1_330' title='bbox 961 608 1143 647; x_wconf 74' lang='lat' dir='ltr'>ingressum.</span> <span class='ocrx_word' id='word_1_331' title='bbox 1192 608 1318 638; x_wconf 80' lang='lat' dir='ltr'>Verum</span> <span class='ocrx_word' id='word_1_332' title='bbox 1337 609 1579 648; x_wconf 78' lang='lat' dir='ltr'>Carrariensis,</span> 
     </span>
     <span class='ocr_line' id='line_1_60' title="bbox 874 658 1578 698; baseline 0.001 -9"><span class='ocrx_word' id='word_1_333' title='bbox 874 658 1009 689; x_wconf 83' lang='lat' dir='ltr'>Duker.</span> <span class='ocrx_word' id='word_1_334' title='bbox 1035 663 1069 689; x_wconf 92' lang='lat' dir='ltr'>et</span> <span class='ocrx_word' id='word_1_335' title='bbox 1094 658 1298 698; x_wconf 83' lang='lat' dir='ltr'>Cujaciauus</span> <span class='ocrx_word' id='word_1_336' title='bbox 1325 664 1496 698; x_wconf 84' lang='lat' dir='ltr'>receptam</span> <span class='ocrx_word' id='word_1_337' title='bbox 1521 660 1578 690; x_wconf 90' lang='lat' dir='ltr'>ho-</span> 
     </span>
     <span class='ocr_line' id='line_1_61' title="bbox 872 709 1577 750; baseline 0 -10"><span class='ocrx_word' id='word_1_338' title='bbox 872 709 926 740; x_wconf 90' lang='lat' dir='ltr'>die</span> <span class='ocrx_word' id='word_1_339' title='bbox 957 709 1141 740; x_wconf 82' lang='lat' dir='ltr'>lectionem</span> <span class='ocrx_word' id='word_1_340' title='bbox 1178 714 1316 740; x_wconf 79' lang='lat' dir='ltr'>servant</span> <span class='ocrx_word' id='word_1_341' title='bbox 1334 720 1342 739; x_wconf 88' lang='lat'>:</span> <span class='ocrx_word' id='word_1_342' title='bbox 1381 718 1480 750; x_wconf 85' lang='lat' dir='ltr'>quam</span> <span class='ocrx_word' id='word_1_343' title='bbox 1513 719 1577 750; x_wconf 86' lang='lat' dir='ltr'>ego</span> 
     </span>
     <span class='ocr_line' id='line_1_62' title="bbox 872 758 1580 799; baseline 0.001 -10"><span class='ocrx_word' id='word_1_344' title='bbox 872 768 1008 799; x_wconf 88' lang='lat' dir='ltr'>quoque</span> <span class='ocrx_word' id='word_1_345' title='bbox 1033 758 1190 799; x_wconf 69' lang='lat' dir='ltr'>pra-fero.</span> <span class='ocrx_word' id='word_1_346' title='bbox 1239 759 1392 789; x_wconf 74' lang='lat' dir='ltr'>Variatio</span> <span class='ocrx_word' id='word_1_347' title='bbox 1409 759 1481 790; x_wconf 78' lang='lat' dir='ltr'>haec</span> <span class='ocrx_word' id='word_1_348' title='bbox 1497 765 1580 790; x_wconf 88' lang='lat' dir='ltr'>nata</span> 
     </span>
     <span class='ocr_line' id='line_1_63' title="bbox 873 807 1579 850; baseline 0.001 -11"><span class='ocrx_word' id='word_1_349' title='bbox 873 809 1021 848; x_wconf 83' lang='lat' dir='ltr'>videtur,</span> <span class='ocrx_word' id='word_1_350' title='bbox 1051 809 1138 850; x_wconf 90' lang='lat' dir='ltr'>quod</span> <span class='ocrx_word' id='word_1_351' title='bbox 1168 809 1247 840; x_wconf 93' lang='lat' dir='ltr'>olim</span> <span class='ocrx_word' id='word_1_352' title='bbox 1276 809 1441 849; x_wconf 90' lang='lat' dir='ltr'>scriptum</span> <span class='ocrx_word' id='word_1_353' title='bbox 1473 807 1579 840; x_wconf 86' lang='lat' dir='ltr'>fuerit</span> 
     </span>
     <span class='ocr_line' id='line_1_64' title="bbox 863 859 1579 902; baseline 0.001 -12"><span class='ocrx_word' id='word_1_354' title='bbox 863 859 945 901; x_wconf 81' lang='lat' dir='ltr'>finis</span> <span class='ocrx_word' id='word_1_355' title='bbox 960 870 1025 899; x_wconf 79' lang='lat' dir='ltr'>egr.</span> <span class='ocrx_word' id='word_1_356' title='bbox 1044 860 1206 902; x_wconf 89' lang='lat' dir='ltr'>quodque</span> <span class='ocrx_word' id='word_1_357' title='bbox 1224 860 1430 892; x_wconf 75' lang='lat' dir='ltr'>nesciverint</span> <span class='ocrx_word' id='word_1_358' title='bbox 1445 860 1579 892; x_wconf 86' lang='lat' dir='ltr'>librarii</span> 
     </span>
     <span class='ocr_line' id='line_1_65' title="bbox 873 910 1579 952; baseline 0.003 -12"><span class='ocrx_word' id='word_1_359' title='bbox 873 911 977 949; x_wconf 79' lang='lat' dir='ltr'>egredi</span> <span class='ocrx_word' id='word_1_360' title='bbox 994 920 1069 941; x_wconf 91' lang='lat' dir='ltr'>cum</span> <span class='ocrx_word' id='word_1_361' title='bbox 1087 916 1209 952; x_wconf 92' lang='lat' dir='ltr'>quarto</span> <span class='ocrx_word' id='word_1_362' title='bbox 1226 921 1306 942; x_wconf 81' lang='lat' dir='ltr'>casu</span> <span class='ocrx_word' id='word_1_363' title='bbox 1324 911 1486 942; x_wconf 86' lang='lat' dir='ltr'>construi.</span> <span class='ocrx_word' id='word_1_364' title='bbox 1510 910 1579 942; x_wconf 85' lang='lat' dir='ltr'>Sed</span> 
     </span>
     <span class='ocr_line' id='line_1_66' title="bbox 874 961 1578 1002; baseline 0.001 -11"><span class='ocrx_word' id='word_1_365' title='bbox 874 961 964 1000; x_wconf 85' lang='lat' dir='ltr'>vide,</span> <span class='ocrx_word' id='word_1_366' title='bbox 981 971 1056 1002; x_wconf 84' lang='lat' dir='ltr'>quae</span> <span class='ocrx_word' id='word_1_367' title='bbox 1082 962 1198 992; x_wconf 83' lang='lat' dir='ltr'>notavi</span> <span class='ocrx_word' id='word_1_368' title='bbox 1223 961 1265 992; x_wconf 90' lang='lat' dir='ltr'>ad</span> <span class='ocrx_word' id='word_1_369' title='bbox 1290 961 1442 993; x_wconf 87' lang='lat' dir='ltr'>Frontin.</span> <span class='ocrx_word' id='word_1_370' title='bbox 1464 970 1522 992; x_wconf 83' lang='lat'>111.</span> <span class='ocrx_word' id='word_1_371' title='bbox 1544 964 1578 992; x_wconf 82' lang='lat'>2.</span> 
     </span>
     <span class='ocr_line' id='line_1_67' title="bbox 873 1012 1578 1053; baseline 0.001 -11"><span class='ocrx_word' id='word_1_372' title='bbox 873 1015 926 1043; x_wconf 81' lang='lat'>38.</span> <span class='ocrx_word' id='word_1_373' title='bbox 959 1012 1112 1044; x_wconf 89' lang='lat' dir='ltr'>‘Urbem</span> <span class='ocrx_word' id='word_1_374' title='bbox 1137 1022 1275 1053; x_wconf 86' lang='lat' dir='ltr'>egressa</span> <span class='ocrx_word' id='word_1_375' title='bbox 1305 1013 1403 1043; x_wconf 89' lang='lat' dir='ltr'>erat.&#39;</span> <span class='ocrx_word' id='word_1_376' title='bbox 1450 1012 1578 1043; x_wconf 84' lang='lat' dir='ltr'>Lucan.</span> 
     </span>
     <span class='ocr_line' id='line_1_68' title="bbox 873 1063 1578 1104; baseline 0 -10"><span class='ocrx_word' id='word_1_377' title='bbox 873 1072 908 1094; x_wconf 75' lang='lat' dir='ltr'>v,</span> <span class='ocrx_word' id='word_1_378' title='bbox 934 1066 1008 1094; x_wconf 83' lang='lat'>510.</span> <span class='ocrx_word' id='word_1_379' title='bbox 1033 1064 1042 1080; x_wconf 91' lang='lat'>‘</span> <span class='ocrx_word' id='word_1_380' title='bbox 1058 1064 1219 1094; x_wconf 85' lang='lat' dir='ltr'>Tentoria</span> <span class='ocrx_word' id='word_1_381' title='bbox 1248 1068 1427 1104; x_wconf 85' lang='lat' dir='ltr'>postquam</span> <span class='ocrx_word' id='word_1_382' title='bbox 1453 1063 1578 1103; x_wconf 86' lang='lat' dir='ltr'>Egres-</span> 
     </span>
     <span class='ocr_line' id='line_1_69' title="bbox 873 1113 1579 1155; baseline 0.001 -11"><span class='ocrx_word' id='word_1_383' title='bbox 873 1113 950 1151; x_wconf 86' lang='lat' dir='ltr'>sus,’</span> <span class='ocrx_word' id='word_1_384' title='bbox 967 1113 1100 1155; x_wconf 87' lang='lat' dir='ltr'>aliaque</span> <span class='ocrx_word' id='word_1_385' title='bbox 1117 1114 1243 1145; x_wconf 89' lang='lat' dir='ltr'>ibidem</span> <span class='ocrx_word' id='word_1_386' title='bbox 1260 1114 1294 1144; x_wconf 90' lang='lat' dir='ltr'>in</span> <span class='ocrx_word' id='word_1_387' title='bbox 1312 1113 1442 1144; x_wconf 90' lang='lat' dir='ltr'>Indice.</span> <span class='ocrx_word' id='word_1_388' title='bbox 1459 1113 1579 1145; x_wconf 76' lang='lat' dir='ltr'>Valer-</span> 
     </span>
     <span class='ocr_line' id='line_1_70' title="bbox 872 1164 1577 1205; baseline 0.001 -10"><span class='ocrx_word' id='word_1_389' title='bbox 872 1164 966 1195; x_wconf 82' lang='lat' dir='ltr'>Max.</span> <span class='ocrx_word' id='word_1_390' title='bbox 984 1173 1040 1194; x_wconf 91' lang='lat'>111.</span> <span class='ocrx_word' id='word_1_391' title='bbox 1058 1167 1090 1194; x_wconf 81' lang='lat'>2.</span> <span class='ocrx_word' id='word_1_392' title='bbox 1106 1166 1134 1205; x_wconf 59' lang='grc' dir='ltr'>ξ.</span> <span class='ocrx_word' id='word_1_393' title='bbox 1152 1168 1183 1196; x_wconf 85' lang='grc'>2.</span> <span class='ocrx_word' id='word_1_394' title='bbox 1200 1164 1209 1181; x_wconf 91' lang='lat'>‘</span> <span class='ocrx_word' id='word_1_395' title='bbox 1222 1164 1412 1195; x_wconf 82' lang='lat' dir='ltr'>custodiam</span> <span class='ocrx_word' id='word_1_396' title='bbox 1429 1164 1577 1205; x_wconf 75' lang='lat' dir='ltr'>egressa&#39;</span> 
     </span>
     <span class='ocr_line' id='line_1_71' title="bbox 873 1214 1578 1255; baseline 0.003 -10"><span class='ocrx_word' id='word_1_397' title='bbox 873 1218 910 1245; x_wconf 87' lang='lat' dir='ltr'>et</span> <span class='ocrx_word' id='word_1_398' title='bbox 925 1215 1060 1255; x_wconf 83' lang='lat' dir='ltr'>passim.</span> <span class='ocrx_word' id='word_1_399' title='bbox 1098 1215 1200 1246; x_wconf 91' lang='lat' dir='ltr'>Adde</span> <span class='ocrx_word' id='word_1_400' title='bbox 1216 1214 1381 1246; x_wconf 86' lang='lat' dir='ltr'>Arntzen.</span> <span class='ocrx_word' id='word_1_401' title='bbox 1398 1216 1440 1246; x_wconf 90' lang='lat' dir='ltr'>ad</span> <span class='ocrx_word' id='word_1_402' title='bbox 1458 1215 1578 1247; x_wconf 83' lang='lat' dir='ltr'>Aurel.</span> 
     </span>
     <span class='ocr_line' id='line_1_72' title="bbox 873 1265 1580 1306; baseline 0.003 -11"><span class='ocrx_word' id='word_1_403' title='bbox 873 1265 1004 1296; x_wconf 76' lang='lat' dir='ltr'>Victor.</span> <span class='ocrx_word' id='word_1_404' title='bbox 1030 1266 1124 1306; x_wconf 88' lang='lat' dir='ltr'>Epit.</span> <span class='ocrx_word' id='word_1_405' title='bbox 1150 1269 1181 1297; x_wconf 88' lang='lat'>5.</span> <span class='ocrx_word' id='word_1_406' title='bbox 1207 1267 1235 1306; x_wconf 58' lang='grc' dir='ltr'>ξ.</span> <span class='ocrx_word' id='word_1_407' title='bbox 1261 1269 1292 1297; x_wconf 85' lang='grc'>7.</span> <span class='ocrx_word' id='word_1_408' title='bbox 1320 1267 1500 1306; x_wconf 80' lang='lat' dir='ltr'>‘egressus</span> <span class='ocrx_word' id='word_1_409' title='bbox 1525 1276 1580 1297; x_wconf 89' lang='lat' dir='ltr'>ur·</span> 
     </span>
     <span class='ocr_line' id='line_1_73' title="bbox 873 1315 1578 1357; baseline 0.001 -11"><span class='ocrx_word' id='word_1_410' title='bbox 873 1315 973 1346; x_wconf 86' lang='lat' dir='ltr'>bem.’</span> <span class='ocrx_word' id='word_1_411' title='bbox 1019 1316 1115 1347; x_wconf 91' lang='lat' dir='ltr'>Cort.</span> <span class='ocrx_word' id='word_1_412' title='bbox 1144 1317 1187 1347; x_wconf 89' lang='lat' dir='ltr'>ad</span> <span class='ocrx_word' id='word_1_413' title='bbox 1215 1317 1304 1347; x_wconf 90' lang='lat' dir='ltr'>Plin.</span> <span class='ocrx_word' id='word_1_414' title='bbox 1335 1325 1401 1348; x_wconf 84' lang='lat' dir='ltr'>vu.</span> <span class='ocrx_word' id='word_1_415' title='bbox 1428 1317 1494 1357; x_wconf 89' lang='lat' dir='ltr'>Ep.</span> <span class='ocrx_word' id='word_1_416' title='bbox 1524 1319 1578 1347; x_wconf 83' lang='lat'>33.</span> 
     </span>
     <span class='ocr_line' id='line_1_74' title="bbox 875 1366 1579 1407; baseline 0 -10"><span class='ocrx_word' id='word_1_417' title='bbox 875 1367 1006 1398; x_wconf 87' lang='lat' dir='ltr'>Noster</span> <span class='ocrx_word' id='word_1_418' title='bbox 1030 1367 1102 1407; x_wconf 90' lang='lat' dir='ltr'>ipse</span> <span class='ocrx_word' id='word_1_419' title='bbox 1127 1367 1170 1398; x_wconf 89' lang='grc' dir='ltr'>Β.</span> <span class='ocrx_word' id='word_1_420' title='bbox 1187 1367 1262 1399; x_wconf 90' lang='lat' dir='ltr'>Civ.</span> <span class='ocrx_word' id='word_1_421' title='bbox 1282 1376 1338 1398; x_wconf 82' lang='lat'>111.</span> <span class='ocrx_word' id='word_1_422' title='bbox 1362 1370 1415 1399; x_wconf 85' lang='lat'>52.</span> <span class='ocrx_word' id='word_1_423' title='bbox 1440 1368 1448 1384; x_wconf 89' lang='lat'>‘</span> <span class='ocrx_word' id='word_1_424' title='bbox 1467 1366 1579 1398; x_wconf 79' lang='lat' dir='ltr'>Muni-</span> 
     </span>
     <span class='ocr_line' id='line_1_75' title="bbox 874 1417 1580 1458; baseline 0 -10"><span class='ocrx_word' id='word_1_425' title='bbox 874 1417 984 1448; x_wconf 84' lang='lat' dir='ltr'>tiones</span> <span class='ocrx_word' id='word_1_426' title='bbox 1022 1423 1157 1449; x_wconf 89' lang='lat' dir='ltr'>nostras</span> <span class='ocrx_word' id='word_1_427' title='bbox 1199 1417 1350 1458; x_wconf 63' lang='lat' dir='ltr'>egressi)</span> <span class='ocrx_word' id='word_1_428' title='bbox 1417 1418 1580 1449; x_wconf 60' lang='lat' dir='ltr'>Variatur</span> 
     </span>
     <span class='ocr_line' id='line_1_76' title="bbox 875 1466 1285 1498; baseline 0 -1"><span class='ocrx_word' id='word_1_429' title='bbox 875 1466 978 1497; x_wconf 88' lang='lat' dir='ltr'>etiam</span> <span class='ocrx_word' id='word_1_430' title='bbox 995 1468 1038 1498; x_wconf 91' lang='lat' dir='ltr'>B.</span> <span class='ocrx_word' id='word_1_431' title='bbox 1055 1466 1165 1498; x_wconf 90' lang='lat' dir='ltr'>Afric.</span> <span class='ocrx_word' id='word_1_432' title='bbox 1183 1477 1214 1498; x_wconf 90' lang='lat' dir='ltr'>c.</span> <span class='ocrx_word' id='word_1_433' title='bbox 1231 1470 1285 1498; x_wconf 82' lang='lat'>92.</span> 
     </span>
    </p>

    <p class='ocr_par' dir='ltr' id='par_1_8' title="bbox 873 1516 1580 1755">
     <span class='ocr_line' id='line_1_77' title="bbox 917 1516 1578 1557; baseline 0.002 -10"><span class='ocrx_word' id='word_1_434' title='bbox 917 1519 958 1547; x_wconf 82' lang='grc'>27</span> <span class='ocrx_word' id='word_1_435' title='bbox 982 1516 1052 1547; x_wconf 78' lang='lat' dir='ltr'>Sibi</span> <span class='ocrx_word' id='word_1_436' title='bbox 1066 1518 1202 1557; x_wconf 80' lang='lat' dir='ltr'>concedi]</span> <span class='ocrx_word' id='word_1_437' title='bbox 1236 1518 1402 1557; x_wconf 80' lang='lat' dir='ltr'>Bongars.</span> <span class='ocrx_word' id='word_1_438' title='bbox 1430 1525 1483 1556; x_wconf 88' lang='lat' dir='ltr'>pr.</span> <span class='ocrx_word' id='word_1_439' title='bbox 1509 1525 1578 1548; x_wconf 88' lang='lat' dir='ltr'>sec.</span> 
     </span>
     <span class='ocr_line' id='line_1_78' title="bbox 873 1565 1578 1607; baseline 0.003 -11"><span class='ocrx_word' id='word_1_440' title='bbox 873 1565 1028 1596; x_wconf 81' lang='lat' dir='ltr'>Vossian.</span> <span class='ocrx_word' id='word_1_441' title='bbox 1047 1576 1099 1606; x_wconf 91' lang='lat' dir='ltr'>pr.</span> <span class='ocrx_word' id='word_1_442' title='bbox 1127 1567 1254 1597; x_wconf 88' lang='lat' dir='ltr'>Lovan.</span> <span class='ocrx_word' id='word_1_443' title='bbox 1273 1566 1396 1598; x_wconf 84' lang='lat' dir='ltr'>Petav.</span> <span class='ocrx_word' id='word_1_444' title='bbox 1413 1566 1508 1597; x_wconf 89' lang='lat' dir='ltr'>Leid.</span> <span class='ocrx_word' id='word_1_445' title='bbox 1526 1575 1578 1607; x_wconf 86' lang='lat' dir='ltr'>pr.</span> 
     </span>
     <span class='ocr_line' id='line_1_79' title="bbox 874 1615 1580 1656; baseline 0.001 -10"><span class='ocrx_word' id='word_1_446' title='bbox 874 1615 1041 1656; x_wconf 85' lang='lat' dir='ltr'>multique</span> <span class='ocrx_word' id='word_1_447' title='bbox 1058 1616 1114 1646; x_wconf 92' lang='lat' dir='ltr'>alii</span> <span class='ocrx_word' id='word_1_448' title='bbox 1131 1625 1208 1647; x_wconf 91' lang='lat' dir='ltr'>cum</span> <span class='ocrx_word' id='word_1_449' title='bbox 1225 1616 1314 1647; x_wconf 90' lang='lat' dir='ltr'>Edd.</span> <span class='ocrx_word' id='word_1_450' title='bbox 1331 1617 1485 1647; x_wconf 87' lang='lat' dir='ltr'>Vetustis</span> <span class='ocrx_word' id='word_1_451' title='bbox 1501 1616 1580 1656; x_wconf 77' lang='lat' dir='ltr'>ipsi.-</span> 
     </span>
     <span class='ocr_line' id='line_1_80' title="bbox 876 1665 1579 1708; baseline 0.003 -12"><span class='ocrx_word' id='word_1_452' title='bbox 876 1665 966 1705; x_wconf 90' lang='lat' dir='ltr'>quod</span> <span class='ocrx_word' id='word_1_453' title='bbox 996 1675 1057 1696; x_wconf 92' lang='lat' dir='ltr'>cur</span> <span class='ocrx_word' id='word_1_454' title='bbox 1083 1675 1125 1696; x_wconf 85' lang='lat' dir='ltr'>ex</span> <span class='ocrx_word' id='word_1_455' title='bbox 1152 1675 1219 1697; x_wconf 90' lang='lat' dir='ltr'>uno</span> <span class='ocrx_word' id='word_1_456' title='bbox 1250 1667 1427 1708; x_wconf 89' lang='lat' dir='ltr'>alteroque</span> <span class='ocrx_word' id='word_1_457' title='bbox 1459 1667 1579 1698; x_wconf 89' lang='lat' dir='ltr'>codice</span> 
     </span>
     <span class='ocr_line' id='line_1_81' title="bbox 874 1715 1373 1755; baseline 0.002 -9"><span class='ocrx_word' id='word_1_458' title='bbox 874 1715 1050 1755; x_wconf 88' lang='lat' dir='ltr'>mutarint,</span> <span class='ocrx_word' id='word_1_459' title='bbox 1067 1716 1193 1747; x_wconf 85' lang='lat' dir='ltr'>nescio.</span> <span class='ocrx_word' id='word_1_460' title='bbox 1211 1716 1254 1747; x_wconf 92' lang='lat' dir='ltr'>V.</span> <span class='ocrx_word' id='word_1_461' title='bbox 1272 1726 1302 1747; x_wconf 90' lang='lat' dir='ltr'>c.</span> <span class='ocrx_word' id='word_1_462' title='bbox 1319 1719 1373 1747; x_wconf 83' lang='lat'>36.</span> 
     </span>
    </p>

    <p class='ocr_par' dir='ltr' id='par_1_9' title="bbox 874 1766 1581 2299">
     <span class='ocr_line' id='line_1_82' title="bbox 917 1766 1579 1807; baseline 0.003 -10"><span class='ocrx_word' id='word_1_463' title='bbox 917 1769 959 1797; x_wconf 81' lang='lat'>28</span> <span class='ocrx_word' id='word_1_464' title='bbox 982 1766 1036 1797; x_wconf 87' lang='lat' dir='ltr'>Sic</span> <span class='ocrx_word' id='word_1_465' title='bbox 1051 1766 1180 1806; x_wconf 83' lang='lat' dir='ltr'>iterum]</span> <span class='ocrx_word' id='word_1_466' title='bbox 1214 1767 1299 1798; x_wconf 83' lang='lat' dir='ltr'>Mss.</span> <span class='ocrx_word' id='word_1_467' title='bbox 1324 1768 1368 1798; x_wconf 77' lang='lat' dir='ltr'>sic</span> <span class='ocrx_word' id='word_1_468' title='bbox 1394 1767 1481 1807; x_wconf 82' lang='lat' dir='ltr'>item,</span> <span class='ocrx_word' id='word_1_469' title='bbox 1513 1769 1579 1800; x_wconf 67' lang='grc' dir='ltr'>ἀς.</span> 
     </span>
     <span class='ocr_line' id='line_1_83' title="bbox 875 1816 1578 1851; baseline 0.003 -2"><span class='ocrx_word' id='word_1_470' title='bbox 875 1816 975 1849; x_wconf 80' lang='lat' dir='ltr'>Quod</span> <span class='ocrx_word' id='word_1_471' title='bbox 1006 1826 1072 1847; x_wconf 90' lang='lat' dir='ltr'>non</span> <span class='ocrx_word' id='word_1_472' title='bbox 1103 1822 1178 1848; x_wconf 90' lang='lat' dir='ltr'>erat</span> <span class='ocrx_word' id='word_1_473' title='bbox 1209 1822 1337 1849; x_wconf 83' lang='lat' dir='ltr'>temere</span> <span class='ocrx_word' id='word_1_474' title='bbox 1368 1818 1578 1851; x_wconf 87' lang='lat' dir='ltr'>mutandum.</span> 
     </span>
     <span class='ocr_line' id='line_1_84' title="bbox 877 1866 1579 1909; baseline 0.006 -13"><span class='ocrx_word' id='word_1_475' title='bbox 877 1866 986 1897; x_wconf 77' lang='lat' dir='ltr'>Clark.</span> <span class='ocrx_word' id='word_1_476' title='bbox 1020 1866 1191 1898; x_wconf 85' lang='lat' dir='ltr'>Revocavi</span> <span class='ocrx_word' id='word_1_477' title='bbox 1206 1866 1242 1896; x_wconf 83' lang='grc' dir='ltr'>τὸ</span> <span class='ocrx_word' id='word_1_478' title='bbox 1258 1867 1350 1898; x_wconf 74' lang='lat' dir='ltr'>item.-</span> <span class='ocrx_word' id='word_1_479' title='bbox 1377 1868 1468 1909; x_wconf 89' lang='lat' dir='ltr'>quod</span> <span class='ocrx_word' id='word_1_480' title='bbox 1491 1870 1579 1900; x_wconf 88' lang='lat' dir='ltr'>male</span> 
     </span>
     <span class='ocr_line' id='line_1_85' title="bbox 875 1915 1578 1959; baseline 0.006 -13"><span class='ocrx_word' id='word_1_481' title='bbox 875 1915 1027 1956; x_wconf 87' lang='lat' dir='ltr'>Scaliger</span> <span class='ocrx_word' id='word_1_482' title='bbox 1055 1926 1074 1947; x_wconf 89' lang='lat' dir='ltr'>e</span> <span class='ocrx_word' id='word_1_483' title='bbox 1106 1917 1242 1948; x_wconf 81' lang='lat' dir='ltr'>Carrar.</span> <span class='ocrx_word' id='word_1_484' title='bbox 1275 1917 1408 1957; x_wconf 87' lang='lat' dir='ltr'>codice,</span> <span class='ocrx_word' id='word_1_485' title='bbox 1442 1919 1578 1959; x_wconf 84' lang='lat' dir='ltr'>quicum</span> 
     </span>
     <span class='ocr_line' id='line_1_86' title="bbox 874 1964 1578 2000; baseline 0.006 -4"><span class='ocrx_word' id='word_1_486' title='bbox 874 1964 958 1997; x_wconf 88' lang='lat' dir='ltr'>facit</span> <span class='ocrx_word' id='word_1_487' title='bbox 983 1966 1118 1998; x_wconf 88' lang='lat' dir='ltr'>Dukeri</span> <span class='ocrx_word' id='word_1_488' title='bbox 1136 1968 1204 1998; x_wconf 83' lang='lat' dir='ltr'>Ms.</span> <span class='ocrx_word' id='word_1_489' title='bbox 1230 1968 1377 1999; x_wconf 89' lang='lat' dir='ltr'>mutavit</span> <span class='ocrx_word' id='word_1_490' title='bbox 1402 1968 1435 1999; x_wconf 87' lang='lat' dir='ltr'>iu</span> <span class='ocrx_word' id='word_1_491' title='bbox 1451 1969 1578 2000; x_wconf 79' lang='lat' dir='ltr'>iterum.</span> 
     </span>
     <span class='ocr_line' id='line_1_87' title="bbox 875 2015 1580 2058; baseline 0.006 -12"><span class='ocrx_word' id='word_1_492' title='bbox 875 2015 1004 2047; x_wconf 91' lang='lat' dir='ltr'>Omnes</span> <span class='ocrx_word' id='word_1_493' title='bbox 1019 2015 1086 2047; x_wconf 91' lang='lat' dir='ltr'>mei</span> <span class='ocrx_word' id='word_1_494' title='bbox 1103 2021 1138 2048; x_wconf 91' lang='lat' dir='ltr'>et</span> <span class='ocrx_word' id='word_1_495' title='bbox 1155 2017 1243 2048; x_wconf 89' lang='lat' dir='ltr'>Edd.</span> <span class='ocrx_word' id='word_1_496' title='bbox 1267 2018 1398 2058; x_wconf 90' lang='lat' dir='ltr'>priores</span> <span class='ocrx_word' id='word_1_497' title='bbox 1415 2019 1580 2051; x_wconf 86' lang='lat' dir='ltr'>exhibent</span> 
     </span>
     <span class='ocr_line' id='line_1_88' title="bbox 874 2065 1581 2107; baseline 0.006 -12"><span class='ocrx_word' id='word_1_498' title='bbox 874 2065 969 2096; x_wconf 84' lang='lat' dir='ltr'>item:</span> <span class='ocrx_word' id='word_1_499' title='bbox 993 2065 1084 2107; x_wconf 92' lang='lat' dir='ltr'>quod</span> <span class='ocrx_word' id='word_1_500' title='bbox 1100 2076 1190 2107; x_wconf 78' lang='lat' dir='ltr'>saepe</span> <span class='ocrx_word' id='word_1_501' title='bbox 1207 2067 1240 2097; x_wconf 89' lang='lat' dir='ltr'>in</span> <span class='ocrx_word' id='word_1_502' title='bbox 1257 2067 1307 2098; x_wconf 90' lang='lat' dir='ltr'>his</span> <span class='ocrx_word' id='word_1_503' title='bbox 1329 2068 1581 2100; x_wconf 86' lang='lat' dir='ltr'>commentariis</span> 
     </span>
     <span class='ocr_line' id='line_1_89' title="bbox 875 2116 1580 2159; baseline 0.006 -13"><span class='ocrx_word' id='word_1_504' title='bbox 875 2116 1037 2148; x_wconf 87' lang='lat' dir='ltr'>occurrit.</span> <span class='ocrx_word' id='word_1_505' title='bbox 1085 2117 1250 2149; x_wconf 83' lang='lat' dir='ltr'>Quaedam</span> <span class='ocrx_word' id='word_1_506' title='bbox 1268 2119 1426 2159; x_wconf 79' lang='lat' dir='ltr'>exempla</span> <span class='ocrx_word' id='word_1_507' title='bbox 1442 2119 1580 2159; x_wconf 83' lang='lat' dir='ltr'>collegi-</span> 
     </span>
     <span class='ocr_line' id='line_1_90' title="bbox 874 2168 1579 2209; baseline 0.006 -12"><span class='ocrx_word' id='word_1_508' title='bbox 874 2176 946 2197; x_wconf 89' lang='lat' dir='ltr'>mus</span> <span class='ocrx_word' id='word_1_509' title='bbox 973 2177 1004 2198; x_wconf 92' lang='lat' dir='ltr'>c.</span> <span class='ocrx_word' id='word_1_510' title='bbox 1031 2170 1083 2199; x_wconf 83' lang='lat'>36.</span> <span class='ocrx_word' id='word_1_511' title='bbox 1126 2168 1232 2199; x_wconf 90' lang='lat' dir='ltr'>‘item</span> <span class='ocrx_word' id='word_1_512' title='bbox 1262 2170 1426 2209; x_wconf 88' lang='lat' dir='ltr'>populum</span> <span class='ocrx_word' id='word_1_513' title='bbox 1458 2171 1579 2201; x_wconf 85' lang='lat' dir='ltr'>Roma-</span> 
     </span>
     <span class='ocr_line' id='line_1_91' title="bbox 874 2217 1580 2260; baseline 0.006 -12"><span class='ocrx_word' id='word_1_514' title='bbox 874 2217 978 2249; x_wconf 86' lang='lat' dir='ltr'>num.&#39;</span> <span class='ocrx_word' id='word_1_515' title='bbox 994 2228 1044 2251; x_wconf 91' lang='lat' dir='ltr'>1v.</span> <span class='ocrx_word' id='word_1_516' title='bbox 1058 2222 1088 2250; x_wconf 90' lang='lat'>1.</span> <span class='ocrx_word' id='word_1_517' title='bbox 1106 2220 1114 2235; x_wconf 92' lang='lat'>‘</span> <span class='ocrx_word' id='word_1_518' title='bbox 1128 2219 1289 2260; x_wconf 88' lang='lat' dir='ltr'>Usipetes</span> <span class='ocrx_word' id='word_1_519' title='bbox 1306 2225 1342 2251; x_wconf 92' lang='lat' dir='ltr'>et</span> <span class='ocrx_word' id='word_1_520' title='bbox 1358 2220 1439 2251; x_wconf 86' lang='lat' dir='ltr'>item</span> <span class='ocrx_word' id='word_1_521' title='bbox 1451 2220 1580 2252; x_wconf 85' lang='lat' dir='ltr'>Teuch-</span> 
     </span>
     <span class='ocr_line' id='line_1_92' title="bbox 874 2267 986 2299; baseline -0.009 0"><span class='ocrx_word' id='word_1_522' title='bbox 874 2267 986 2299; x_wconf 72' lang='lat' dir='ltr'>theri.¹</span> 
     </span>
    </p>

    <p class='ocr_par' dir='ltr' id='par_1_10' title="bbox 873 2319 1579 2814">
     <span class='ocr_line' id='line_1_93' title="bbox 915 2319 1579 2361; baseline 0.003 -11"><span class='ocrx_word' id='word_1_523' title='bbox 915 2321 957 2350; x_wconf 79' lang='lat'>30</span> <span class='ocrx_word' id='word_1_524' title='bbox 982 2319 1073 2354; x_wconf 81' lang='lat' dir='ltr'>Quod</span> <span class='ocrx_word' id='word_1_525' title='bbox 1095 2330 1134 2351; x_wconf 80' lang='lat' dir='ltr'>ex</span> <span class='ocrx_word' id='word_1_526' title='bbox 1156 2320 1191 2351; x_wconf 91' lang='lat' dir='ltr'>S.</span> <span class='ocrx_word' id='word_1_527' title='bbox 1211 2320 1249 2350; x_wconf 93' lang='lat' dir='ltr'>C.</span> <span class='ocrx_word' id='word_1_528' title='bbox 1269 2321 1387 2352; x_wconf 82' lang='lat' dir='ltr'>AEduos</span> <span class='ocrx_word' id='word_1_529' title='bbox 1410 2321 1579 2361; x_wconf 79' lang='lat' dir='ltr'>appellatos</span> 
     </span>
     <span class='ocr_line' id='line_1_94' title="bbox 873 2369 1578 2412; baseline 0.006 -13"><span class='ocrx_word' id='word_1_530' title='bbox 873 2369 987 2400; x_wconf 80' lang='lat' dir='ltr'>amicos</span> <span class='ocrx_word' id='word_1_531' title='bbox 1000 2370 1131 2410; x_wconf 70' lang='lat' dir='ltr'>diceret]</span> <span class='ocrx_word' id='word_1_532' title='bbox 1161 2370 1276 2402; x_wconf 87' lang='lat' dir='ltr'>Editio</span> <span class='ocrx_word' id='word_1_533' title='bbox 1301 2371 1437 2412; x_wconf 88' lang='lat' dir='ltr'>Gryph.</span> <span class='ocrx_word' id='word_1_534' title='bbox 1459 2371 1578 2410; x_wconf 86' lang='lat' dir='ltr'>habet,</span> 
     </span>
     <span class='ocr_line' id='line_1_95' title="bbox 873 2419 1578 2462; baseline 0.001 -12"><span class='ocrx_word' id='word_1_535' title='bbox 873 2421 952 2460; x_wconf 82' lang='lat' dir='ltr'>quod</span> <span class='ocrx_word' id='word_1_536' title='bbox 970 2419 1094 2458; x_wconf 80' lang='lat' dir='ltr'>fratres</span> <span class='ocrx_word' id='word_1_537' title='bbox 1120 2430 1160 2451; x_wconf 73' lang='lat' dir='ltr'>ez</span> <span class='ocrx_word' id='word_1_538' title='bbox 1175 2420 1210 2452; x_wconf 84' lang='lat' dir='ltr'>S.</span> <span class='ocrx_word' id='word_1_539' title='bbox 1229 2422 1266 2451; x_wconf 87' lang='lat' dir='ltr'>C.</span> <span class='ocrx_word' id='word_1_540' title='bbox 1296 2424 1326 2452; x_wconf 88' lang='lat' dir='ltr'>et</span> <span class='ocrx_word' id='word_1_541' title='bbox 1341 2422 1453 2452; x_wconf 76' lang='lat' dir='ltr'>amicos</span> <span class='ocrx_word' id='word_1_542' title='bbox 1474 2422 1578 2462; x_wconf 83' lang='lat' dir='ltr'>appel-</span> 
     </span>
     <span class='ocr_line' id='line_1_96' title="bbox 873 2470 1577 2512; baseline 0.003 -12"><span class='ocrx_word' id='word_1_543' title='bbox 873 2471 951 2500; x_wconf 82' lang='lat' dir='ltr'>latos</span> <span class='ocrx_word' id='word_1_544' title='bbox 968 2472 1083 2502; x_wconf 83' lang='lat' dir='ltr'>AEduos</span> <span class='ocrx_word' id='word_1_545' title='bbox 1097 2471 1224 2502; x_wconf 71' lang='lat' dir='ltr'>diceret.</span> <span class='ocrx_word' id='word_1_546' title='bbox 1270 2471 1368 2502; x_wconf 89' lang='lat' dir='ltr'>Rom.</span> <span class='ocrx_word' id='word_1_547' title='bbox 1384 2472 1464 2512; x_wconf 86' lang='lat' dir='ltr'>quod</span> <span class='ocrx_word' id='word_1_548' title='bbox 1478 2481 1498 2501; x_wconf 80' lang='lat' dir='ltr'><em>a</em></span> <span class='ocrx_word' id='word_1_549' title='bbox 1521 2470 1577 2502; x_wconf 83' lang='lat' dir='ltr'>Se-</span> 
     </span>
     <span class='ocr_line' id='line_1_97' title="bbox 873 2521 1577 2559; baseline 0.001 -8"><span class='ocrx_word' id='word_1_550' title='bbox 873 2524 949 2552; x_wconf 85' lang='lat' dir='ltr'>natu</span> <span class='ocrx_word' id='word_1_551' title='bbox 965 2522 1095 2559; x_wconf 86' lang='lat' dir='ltr'>AEduos,</span> <span class='ocrx_word' id='word_1_552' title='bbox 1115 2524 1179 2554; x_wconf 67' lang='grc' dir='ltr'>ἄιε.</span> <span class='ocrx_word' id='word_1_553' title='bbox 1207 2523 1274 2553; x_wconf 84' lang='lat' dir='ltr'>Ms.</span> <span class='ocrx_word' id='word_1_554' title='bbox 1301 2522 1436 2553; x_wconf 88' lang='lat' dir='ltr'>Carrar.</span> <span class='ocrx_word' id='word_1_555' title='bbox 1462 2525 1499 2553; x_wconf 89' lang='lat' dir='ltr'>et</span> <span class='ocrx_word' id='word_1_556' title='bbox 1518 2521 1577 2551; x_wconf 88' lang='lat' dir='ltr'>im-</span> 
     </span>
     <span class='ocr_line' id='line_1_98' title="bbox 874 2572 1577 2611; baseline -0.001 -9"><span class='ocrx_word' id='word_1_557' title='bbox 874 2581 1007 2611; x_wconf 87' lang='lat' dir='ltr'>pressus</span> <span class='ocrx_word' id='word_1_558' title='bbox 1023 2573 1173 2603; x_wconf 88' lang='lat' dir='ltr'>Florent.</span> <span class='ocrx_word' id='word_1_559' title='bbox 1220 2572 1308 2608; x_wconf 74' lang='lat' dir='ltr'>Quod</span> <span class='ocrx_word' id='word_1_560' title='bbox 1323 2572 1447 2610; x_wconf 77' lang='lat' dir='ltr'>fratres</span> <span class='ocrx_word' id='word_1_561' title='bbox 1466 2581 1485 2601; x_wconf 83' lang='grc' dir='ltr'><em>α</em></span> <span class='ocrx_word' id='word_1_562' title='bbox 1498 2581 1530 2602; x_wconf 81' lang='lat' dir='ltr'>se</span> <span class='ocrx_word' id='word_1_563' title='bbox 1545 2574 1577 2602; x_wconf 82' lang='lat' dir='ltr'>et</span> 
     </span>
     <span class='ocr_line' id='line_1_99' title="bbox 873 2623 1577 2664; baseline 0.001 -12"><span class='ocrx_word' id='word_1_564' title='bbox 873 2623 985 2654; x_wconf 71' lang='lat' dir='ltr'>amicos</span> <span class='ocrx_word' id='word_1_565' title='bbox 1008 2624 1128 2654; x_wconf 81' lang='lat' dir='ltr'>AEduos</span> <span class='ocrx_word' id='word_1_566' title='bbox 1153 2624 1324 2664; x_wconf 73' lang='lat' dir='ltr'>appellatos</span> <span class='ocrx_word' id='word_1_567' title='bbox 1346 2624 1485 2658; x_wconf 81' lang='lat' dir='ltr'>diceret;</span> <span class='ocrx_word' id='word_1_568' title='bbox 1509 2632 1577 2663; x_wconf 90' lang='lat' dir='ltr'>quo</span> 
     </span>
     <span class='ocr_line' id='line_1_100' title="bbox 874 2672 1578 2713; baseline 0 -10"><span class='ocrx_word' id='word_1_569' title='bbox 874 2674 974 2704; x_wconf 87' lang='lat' dir='ltr'>modo</span> <span class='ocrx_word' id='word_1_570' title='bbox 999 2673 1135 2705; x_wconf 86' lang='lat' dir='ltr'>videtur</span> <span class='ocrx_word' id='word_1_571' title='bbox 1157 2673 1350 2713; x_wconf 85' lang='lat' dir='ltr'>legendum,</span> <span class='ocrx_word' id='word_1_572' title='bbox 1379 2672 1438 2703; x_wconf 90' lang='lat' dir='ltr'>sed</span> <span class='ocrx_word' id='word_1_573' title='bbox 1461 2672 1512 2703; x_wconf 87' lang='lat' dir='ltr'>ita</span> <span class='ocrx_word' id='word_1_574' title='bbox 1538 2676 1578 2704; x_wconf 92' lang='lat' dir='ltr'>ut</span> 
     </span>
     <span class='ocr_line' id='line_1_101' title="bbox 876 2722 1576 2763; baseline 0 -9"><span class='ocrx_word' id='word_1_575' title='bbox 876 2728 953 2762; x_wconf 88' lang='lat' dir='ltr'>post</span> <span class='ocrx_word' id='word_1_576' title='bbox 980 2723 1119 2754; x_wconf 84' lang='lat' dir='ltr'>verbum</span> <span class='ocrx_word' id='word_1_577' title='bbox 1147 2734 1191 2762; x_wconf 86' lang='lat' dir='ltr'>se,</span> <span class='ocrx_word' id='word_1_578' title='bbox 1222 2722 1468 2762; x_wconf 79' lang='lat' dir='ltr'>interpunctio,</span> <span class='ocrx_word' id='word_1_579' title='bbox 1499 2732 1576 2763; x_wconf 81' lang='lat' dir='ltr'>quae</span> 
     </span>
     <span class='ocr_line' id='line_1_102' title="bbox 876 2772 1578 2814; baseline 0.001 -11"><span class='ocrx_word' id='word_1_580' title='bbox 876 2772 1023 2804; x_wconf 90' lang='lat' dir='ltr'>Librarii</span> <span class='ocrx_word' id='word_1_581' title='bbox 1044 2773 1217 2814; x_wconf 87' lang='lat' dir='ltr'>imperitia</span> <span class='ocrx_word' id='word_1_582' title='bbox 1239 2772 1374 2803; x_wconf 76' lang='lat' dir='ltr'>sublata</span> <span class='ocrx_word' id='word_1_583' title='bbox 1396 2777 1459 2813; x_wconf 83' lang='lat' dir='ltr'>est,</span> <span class='ocrx_word' id='word_1_584' title='bbox 1480 2773 1578 2804; x_wconf 78' lang='lat' dir='ltr'>resti-</span> 
     </span>
    </p>
   </div>
  </div>
 </body>
</html>
