1818 3131
458 191 552 221 mn.
586 191 616 220 1.
649 179 844 220 omnm.
880 189 942 219 nn
977 189 1131 218 nanno
1164 187 1334 217 crvier.

169 289 298 320 ratione
325 289 462 321 defendi
491 294 606 330 potest
632 289 702 319 liaec
731 288 869 326 locutio,

171 348 211 370 ac
259 343 405 379 amantum
442 340 631 374 nmsimum:
677 347 738 368 nec
781 338 868 368 enirn

169 389 260 420 illam
292 389 451 430 loquendi
477 389 638 419 rationem
671 387 870 425 refugerunt

169 438 287 477 optimi
304 439 500 478 scriptores.
526 437 611 467 vide
633 443 751 468 notata
771 437 811 467 ad
830 438 869 468 Β.

171 488 215 519 G.
233 497 265 519 v.
278 491 330 519 28.
359 488 467 519 Duris.
512 487 708 517 Lactantius
725 496 803 517 sane
827 487 869 517 de

170 537 274 568 Mort.
290 537 426 568 Pei-sec.
441 547 469 568 c.
481 540 596 567 48.11.
615 537 725 573 habet,
738 537 870 567 sirecte

170 587 335 618 Cellarius
353 587 473 625 edidit,
497 591 504 604 ‘
519 597 617 628 quem
633 588 665 617 iu
679 587 776 617 tantis
791 597 870 617 sum-

168 636 227 666 mis
239 636 338 667 rebus
350 638 483 676 experti
496 638 514 673 ;'
532 644 567 667 ut
579 638 697 668 eodeni
714 638 870 678 loquendi

169 686 282 724 inodo,
295 696 360 727 quo
373 691 497 725 nostw,
509 697 586 717 usus
602 686 766 718 videatur.
796 689 870 717 Non

169 740 281 766 tamen
296 735 428 773 dubito,
438 737 516 776 quin
532 736 577 766 ibi
593 736 771 771 legendum
785 746 872 776 quem

168 785 202 815 ιίι
218 785 315 815 tantis
328 795 438 815 sumus
455 786 544 815 rebus
558 786 689 825 rsprrli.
725 786 814 818 Quin
836 791 872 817 et

172 835 301 873 Caesar,
319 843 352 865 ut
380 836 552 875 probabile
571 835 714 874 vidi-tur,
734 836 871 876 reliquit

171 887 261 915 tanta
287 889 352 915 erat
381 896 565 916 sunimurum
586 895 688 916 rerum
718 890 873 926 exspectn-

169 934 291 974 tio,t5c.
316 936 426 966 Duris.
452 946 522 966 eur.
549 946 615 967 soc.
661 936 763 976 Apud
794 938 872 967 Lac-

169 987 255 1015 taut.
281 984 313 1014 in
337 985 397 1015 Ed.
416 986 538 1026 Lssltraj.
557 992 650 1017 recte
663 987 736 1026 jam
759 988 872 1017 editur

169 1043 271 1065 sumne
285 1037 416 1075 experti.
457 1036 490 1066 Si
508 1045 585 1066 sana
602 1036 654 1067 liic
670 1043 722 1067 est
735 1038 872 1078 vulgata

170 1084 286 1124 lectio,
302 1095 365 1116 nou
383 1087 570 1126 jungendae
587 1094 666 1119 sunt
688 1092 777 1119 tanea
793 1098 872 1119 sum-

169 1144 236 1164 ma:
259 1136 317 1166 sed
341 1146 461 1166 summa
479 1147 582 1167 rerum
598 1138 787 1177 exspectatio
804 1142 872 1168 erat

170 1188 270 1218 tanta.
316 1187 356 1218 In
380 1187 478 1218 Voss.
502 1188 629 1228 legitur
643 1198 759 1219 summa
780 1190 871 1228 atque

170 1245 285 1268 rerum.
339 1238 457 1268 Malim
485 1237 649 1269 accedere
677 1238 806 1277 Lipsio‚
837 1243 871 1268 et

172 1287 336 1327 Δίου-(10,
361 1289 418 1329 qui
450 1289 593 1325 margini
616 1289 872 1328 adscripserunt

173 1347 316 1374 summan·
339 1339 389 1370 uti
405 1343 440 1370 et
457 1339 489 1370 in
516 1340 626 1379 Marg.
647 1339 760 1369 Plant.
778 1340 871 1368 1573.

172 1393 207 1419 et
222 1389 360 1420 Schedis
380 1390 567 1420 Pulmanni.
613 1389 738 1419 Summa
758 1398 873 1426 rerum,

173 1438 258 1469 trita
271 1444 325 1469 est
342 1439 479 1477 locutio,
496 1445 531 1470 ut
547 1450 662 1470 summa
680 1441 758 1478 belli,
781 1441 873 1479 impe-

172 1488 226 1527 rii,
239 1490 330 1529 reip„
351 1491 405 1529 ὅγε.
451 1490 552 1530 Apud
568 1496 721 1521 nostrum
739 1500 873 1531 quoque

174 1538 215 1571 B.
234 1538 272 1569 C.
288 1546 327 1569 11.
345 1541 396 1570 30.
421 1540 429 1556 ί
446 1539 500 1570 De
518 1549 645 1571 summa
663 1550 772 1571 rerum
792 1541 873 1572 deii-

172 1588 293 1620 berare
319 1589 460 1630 incipit!
487 1591 524 1621 B.
543 1591 583 1622 C.
606 1600 661 1622 ιιι.
684 1595 735 1622 51.
759 1591 876 1622 ‘Alter

172 1638 284 1669 omnia
306 1649 407 1679 agere
439 1640 479 1670 ad
509 1642 759 1682 praescriptum,
789 1643 875 1673 alter

172 1689 278 1719 libere
307 1690 348 1720 ad
375 1699 537 1721 suminam
562 1701 673 1723 rerum
698 1693 874 1724 consulere

175 1738 302 1770 debet.'
330 1749 359 1771 e.
382 1744 436 1772 67.
460 1744 607 1773 ‘summa
625 1744 795 1774 exercitus
814 1745 875 1775 sal-

174 1790 239 1830 va,’
257 1791 297 1821 B.
313 1790 411 1822 Alex.
427 1801 457 1822 c.
473 1795 522 1822 10.
538 1794 546 1808 ‘
558 1794 614 1824 De
624 1803 753 1824 summa
764 1804 875 1825 rerum

175 1850 214 1871 ac
231 1842 341 1872 salute
359 1843 503 1873 omnium
517 1843 536 1873 :¹
565 1845 619 1874 vel
647 1849 762 1884 potest
775 1845 875 1875 scribi

171 1900 297 1921 summae
311 1893 367 1923 rei.
414 1886 480 1923 Res
493 1903 612 1924 summa
629 1895 764 1935 passim.
787 1895 874 1926 vide

175 1940 218 1972 ad
235 1950 315 1972 vui.
332 1945 364 1973 6.
379 1947 414 1974 et
430 1944 566 1975 crebro.
626 1947 629 1950 '

217 1994 259 2022 20
285 1992 468 2033 Exciperet]
513 1994 568 2025 lta
583 1994 733 2035 Scaliger
746 2000 782 2027 et
809 1997 877 2036 ple-

174 2041 282 2082 rique.
321 2042 393 2082 Ego
408 2053 450 2073 ex
469 2044 552 2074 Mss.
570 2044 697 2075 Eliens.
715 2051 750 2076 et
765 2046 877 2077 Vossii

177 2091 427 2132 praeferendum
477 2094 637 2124 existimo
689 2095 877 2135 exciperent.

178 2143 284 2172 Clark.
315 2143 422 2173 Recte
432 2143 568 2183 judicat
584 2143 757 2175 Clarkins:
775 2151 877 2186 atque

175 2191 226 2222 ita
249 2191 322 2230 jam
353 2192 532 2223 ediderunt
559 2193 719 2224 Beroald.
743 2195 876 2226 Manut.

177 2241 310 2282 Gryph.
328 2242 464 2283 aliique,
478 2248 512 2273 et
529 2249 688 2273 exaratur
703 2244 736 2274 in
754 2245 877 2276 Petav.

174 2293 300 2333 scalig.
319 2293 415 2324 Leid.
431 2303 482 2333 pr.
501 2303 541 2324 ac
557 2294 683 2325 Lovan.
706 2296 879 2336 acciperent

174 2342 209 2372 in
235 2342 310 2373 Pal.
335 2343 444 2382 Βοῦς.
463 2343 556 2374 Leid.
576 2353 642 2375 sec.
660 2344 805 2375 Dorvill.
824 2346 878 2375 Li-

175 2393 246 2423 vius
283 2402 421 2424 xxxnt.
460 2396 513 2425 43.
557 2396 566 2410 ‘
587 2394 718 2434 Saepius
757 2396 878 2435 patriae

175 2453 276 2484 qnam
315 2454 450 2474 suorum
489 2449 632 2474 eventus
676 2445 877 2476 miseratus!

175 2493 281 2524 Plura
297 2494 373 2524 vide
390 2494 430 2524 ad
450 2495 490 2524 Β.
502 2495 546 2525 G.
564 2503 614 2524 Π.
631 2497 685 2525 42.
703 2496 711 2511 ‘
729 2496 878 2526 Eventus

175 2542 257 2574 belli
275 2553 340 2573 non
358 2543 536 2583 ignorans.¹

220 2601 314 2624 xxii.
329 2597 347 2623 5
375 2594 414 2624 In
425 2593 631 2633 conspectum]
668 2593 734 2624 Ms.
754 2594 878 2625 Eliens.

176 2642 211 2674 ia
231 2647 398 2683 conspectu.
442 2643 532 2674 Vide
557 2653 659 2684 supra
684 2643 726 2674 ad
751 2652 799 2674 lv.
829 2647 879 2674 12.

180 2692 289 2723 Clark.
327 2693 508 2725 Accedunt
527 2695 608 2725 Lov.
626 2694 719 2726 Leid.
735 2704 789 2735 pr.
801 2695 880 2725 Sca-

178 2742 241 2783 lig.
254 2747 289 2774 et
303 2743 390 2774 Edd.
407 2744 501 2775 Rom.
518 2744 614 2776 Med.

224 2792 304 2824 Cum
333 2803 367 2824 eo
396 2794 434 2824 de
462 2794 561 2825 salute
589 2804 647 2825 sua
679 2794 761 2835 agit,
789 2798 882 2835 atque

1508 176 1620 218 1365

918 288 1068 328 almerae]
1114 289 1194 319 Mss.
1223 288 1378 318 (Liaccon.
1413 286 1552 316 Nonio.
1582 295 1621 316 ac

919 338 1016 368 editt.
1039 340 1132 368 Rom.
1153 339 1238 368 Ven.
1256 335 1413 367 Beroald.
1438 345 1621 375 repraesen-

920 392 993 417 tant
1018 398 1087 417 cum
1115 398 1147 417 eo
1173 389 1210 418 de
1233 389 1330 417 salute
1355 397 1410 416 sua
1433 392 1506 417 orat
1528 389 1621 426 atque

919 437 1066 467 obsecrat.
1126 438 1180 468 Sic
1201 438 1340 468 Plautus
1359 437 1450 467 Asin.
1467 436 1547 467 Act.
1563 444 1622 475 υι.

919 488 973 517 Sc.
991 490 1022 518 3.
1039 490 1092 517 71.
1116 488 1249 525 Giano,
1275 488 1328 517 cui
1355 487 1497 517 «laturus
1521 487 1622 525 hanc,

915 537 999 577 jube
1028 543 1146 577 petere
1174 543 1276 578 atque
1291 548 1378 568 omre
1395 537 1531 568 necerim)
1576 537 1621 568 Et

921 587 1055 617 Curcnl.
1080 587 1159 617 Act.
1188 596 1242 617 ιιι.
1267 591 1319 617 62.
1345 590 1353 603 ‘
1371 587 1480 617 Tecum
1507 598 1560 617 uro
1586 592 1622 618 et

921 647 1046 677 quaeso,
1073 637 1203 678 quibas
1232 637 1372 668 tabellas
1399 637 1521 668 afferet
1535 638 1625 677 Tibi,

921 696 959 722 ut
973 690 1003 721 ei
1019 690 1143 728 detur‚·
1161 695 1225 720 &cu
1270 690 1358 720 Vide
1374 690 1473 720 etiam
1497 691 1622 720 Teren-

923 740 1007 771 tium
1035 740 1120 771 Hec.
1146 740 1227 771 Act.
1245 749 1292 770 tv.
1318 740 1374 770 Sc.
1391 743 1421 769 4.
1439 742 1492 769 04.
1539 739 1623 769 Mihi

922 795 1051 821 certum
1083 790 1231 828 videtur,
1262 790 1348 820 hanc
1378 799 1450 819 esse
1481 789 1625 819 Caesaris

922 839 1027 879 ipsius
1053 849 1198 878 manum,
1224 849 1321 880 quam
1350 839 1427 869 ideo
1451 843 1624 869 mutarunt

923 890 1077 928 Librarii,
1103 890 1193 930 quod
1221 890 1358 929 phrasin
1387 889 1498 929 paullo
1522 889 1625 919 rario-

924 949 993 969 rem
1009 949 1074 970 non
1092 940 1335 980 intelligerent.
1360 940 1470 970 Daris.
1495 940 1624 970 Merito

922 990 984 1021 hoc
1003 990 1142 1021 verbum
1162 991 1335 1021 revocavit
1351 990 1518 1021 Clarkius.
1558 991 1627 1029 Ag·

923 1046 1063 1070 noscunt
1094 1041 1182 1070 enirn
1215 1041 1298 1071 Mss.
1328 1040 1395 1071 mei
1427 1040 1559 1077 decem,
1589 1044 1626 1070 et

923 1090 1010 1121 Edd.
1037 1091 1135 1121 Rom.
1153 1090 1294 1121 Medion.
1312 1091 1397 1121 Ven.
1415 1091 1504 1121 Flor.
1522 1090 1625 1120 Vasc.

922 1140 990 1170 Str.
1015 1140 1134 1181 Steph.
1156 1141 1287 1181 Gryph.
1305 1146 1340 1171 et
1366 1141 1491 1180 plures.
1535 1139 1625 1170 Vide

923 1189 1026 1220 Parei
1054 1189 1130 1219 Ind.
1156 1190 1271 1220 Plaut.
1293 1189 1354 1220 sub
1371 1190 1411 1220 V.
1429 1199 1556 1227 mecum,
1582 1192 1626 1219 te-

922 1249 1001 1277 cum,
1038 1244 1072 1270 et
1101 1240 1222 1271 similia
1251 1241 1292 1271 ad
1331 1240 1370 1271 B.
1402 1240 1445 1270 G.
1475 1248 1539 1270 vn.
1571 1242 1624 1270 47.

924 1288 1084 1329 Alioquin
1102 1300 1195 1329 agere
1209 1291 1247 1321 de
1261 1290 1365 1330 aliqua
1383 1300 1421 1331 je
1445 1299 1505 1329 pro
1522 1289 1626 1329 loqui,

924 1345 1012 1369 esset
1030 1339 1268 1371 rectissimum.
1311 1340 1401 1371 Vide
1429 1340 1482 1371 Cl.
1508 1339 1626 1370 Burni.

925 1389 966 1419 ad
992 1389 1129 1420 Phaedr.
1147 1390 1230 1421 Fab.
1247 1394 1299 1421 52.
1316 1390 1404 1420 infra
1428 1400 1458 1421 c.
1484 1392 1536 1420 26.
1560 1392 1568 1407 ‘
1585 1389 1626 1420 de

924 1440 1168 1480 compositione
1185 1441 1237 1481 agi
1249 1440 1269 1471 :¹
1286 1447 1322 1472 et
1335 1440 1469 1481 passim.

970 1493 1009 1520 10
1032 1490 1082 1521 Ab
1098 1490 1147 1530 eo]
1192 1491 1302 1521 voees
1326 1491 1377 1521 hae
1400 1500 1466 1521 non
1493 1499 1628 1530 compa-

926 1546 1001 1571 rent
1018 1541 1051 1571 in
1068 1542 1203 1572 Carrar.
1228 1541 1355 1572 Lovan.
1378 1540 1474 1571 Leid.
1491 1549 1542 1580 pr.
1560 1549 1627 1571 sec.

925 1591 1024 1621 Voss.
1048 1591 1156 1622 Dorv.
1183 1591 1269 1622 Edd.
1298 1592 1395 1622 Rom.
1421 1590 1514 1622 Med.
1538 1590 1625 1620 Ven.

927 1640 1057 1672 Abesse
1074 1642 1177 1672 etiam
1195 1646 1277 1681 puto
1293 1651 1312 1671 a
1329 1641 1411 1671 Mss.
1428 1641 1514 1671 aliis.
1552 1640 1627 1670 Nec

926 1690 1184 1721 desiderantur:
1210 1690 1269 1721 ἀπὸ
1286 1691 1387 1721 κοινοῦ
1403 1688 1628 1729 repetendum

922 1750 979 1780 per
1003 1751 1083 1771 eum.
1129 1741 1220 1772 Dein
1252 1742 1284 1771 in
1316 1740 1408 1771 Leid.
1439 1740 1547 1780 primo
1576 1744 1629 1770 est

924 1791 1118 1829 sublimatus,
1132 1791 1164 1821 id
1180 1797 1245 1828 est,
1260 1797 1399 1822 evectus
1414 1801 1422 1821 ε
1449 1790 1508 1821 sed
1526 1791 1627 1820 male.

926 1840 1133 1871 Posterioris
1150 1842 1213 1872 aevi
1230 1846 1282 1871 est
1298 1851 1375 1872 vox.
1402 1841 1491 1872 Vide
1508 1841 1627 1871 Arntz.

927 1889 969 1922 ad
997 1889 1082 1920 Aur.
1109 1891 1201 1921 Yict.
1229 1892 1340 1930 Epist.
1367 1900 1398 1921 c.
1427 1894 1459 1921 4.
1491 1891 1629 1922 ‘Pallas

926 1940 1097 1980 praetoriis
1113 1942 1319 1972 ornamwtis
1337 1941 1558 1972 sublimatus!

972 1993 1010 2019 13
1039 1991 1086 2020 Εα
1100 1990 1148 2030 re]
1183 1992 1265 2021 Eam
1282 1992 1325 2022 ob
1342 2000 1491 2022 causam.
1514 1991 1632 2022 Vitru-

927 2039 999 2069 vius
1013 2047 1038 2068 1.
1056 2042 1085 2069 1.
1110 2043 1118 2055 ‘
1133 2040 1182 2070 Ea
1207 2049 1244 2070 re
1261 2039 1395 2071 facilius
1419 2040 1531 2071 onmia
1551 2050 1630 2081 cog-

927 2088 1091 2120 noscunt.'
1152 2089 1262 2120 Causa
1294 2094 1420 2129 autem,
1449 2100 1547 2131 qnam
1575 2092 1630 2123 hic

928 2139 1013 2170 dicit
1031 2143 1155 2177 noster,
1176 2149 1242 2170 non
1261 2144 1337 2171 erat
1353 2140 1498 2171 Caesaris
1513 2141 1545 2171 in
1563 2141 1632 2172 Ita-

928 2189 1005 2220 liam
1032 2189 1212 2229 adventus,
1242 2196 1279 2221 ut
1310 2200 1486 2230 pei-peram
1518 2191 1632 2222 existi-

928 2241 1032 2272 mavit
1044 2241 1100 2272 Fr.
1117 2241 1371 2272 Hotomannus:
1394 2251 1461 2271 non
1479 2242 1567 2272 enim
1589 2242 1631 2273 ob

929 2300 1005 2322 eam
1032 2292 1199 2323 rationem
1225 2291 1353 2322 tribuni
1382 2297 1461 2322 sunt
1484 2301 1525 2321 ex
1549 2292 1632 2324 urbe

929 2342 1074 2382 expulsi,
1089 2341 1149 2373 sed
1165 2342 1255 2383 quod
1283 2343 1452 2373 Caesarem
1480 2351 1500 2371 a
1515 2347 1631 2373 contu-

929 2392 1038 2423 meliis
1054 2393 1264 2423 inimicorum
1277 2392 1514 2424 defenderent.
1548 2393 1634 2423 Por-

930 2450 967 2472 ro
993 2451 1132 2482 operam
1159 2442 1240 2473 lusit
1266 2442 1372 2474 Gabr.
1392 2443 1553 2481 Faernus,
1577 2443 1633 2474 cui

928 2492 983 2523 hic
1000 2493 1114 2533 placet
1129 2493 1258 2532 injuria,
1270 2498 1308 2524 ut
1320 2493 1634 2524 animadverterunt

929 2542 991 2572 viri
1007 2543 1147 2581 eruditi,
1172 2543 1250 2574 licet
1274 2542 1386 2573 forsan
1404 2544 1474 2582 ejus
1501 2542 1634 2582 conjec-

930 2597 1039 2622 turam
1055 2593 1204 2623 nonnihil
1221 2593 1415 2633 adjuverint
1445 2593 1509 2623 Ms.
1529 2592 1635 2624 Norv.

931 2648 964 2673 et
983 2643 1082 2673 editt.
1107 2644 1206 2674 Rom.
1224 2644 1310 2674 Ven.
1328 2642 1489 2674 Beroald.
1506 2642 1634 2674 habent

930 2693 1019 2723 enim
1033 2693 1067 2724 in
1082 2703 1118 2724 ea
1139 2703 1181 2724 re.
1206 2693 1318 2724 Dacis.
1365 2692 1405 2722 In
1420 2702 1455 2723 ea
1471 2702 1504 2723 re
1517 2701 1634 2724 exara-

932 2746 987 2773 tur
1014 2753 1148 2785 quoque
1178 2745 1211 2774 in
1246 2743 1313 2773 Ms.
1345 2742 1484 2774 Hotom.
1516 2743 1632 2775 Ciace.

931 2791 1061 2824 Lovan.
1088 2793 1216 2833 Scalig.
1241 2791 1337 2824 Leid.
1364 2801 1415 2833 pr.
1440 2801 1510 2824 sec.
1531 2793 1632 2825 Voss.
