1872 3115
389 154 480 183 [AB.
516 154 546 184 1.
578 154 683 184 CAP.
714 143 784 184 47.
817 155 878 184 DE
913 155 1067 186 nmmo
1099 157 1327 189 GAmAco.
1489 152 1574 194 959

123 267 233 297 qucum
256 261 293 288 ut
309 255 546 295 monitumjam
562 254 604 285 ad
621 264 651 285 c.
666 256 719 284 3-1.

168 311 208 339 10
234 308 268 339 C.
289 308 440 339 Valerium
460 306 640 346 Procillum]
678 306 821 336 Illurcum

124 359 275 390 nonnulli
302 362 422 398 putant
447 356 638 394 legendum.
685 356 772 385 Sane
790 364 821 385 c.

123 414 155 441 6.
181 411 269 441 Scal.
287 414 320 440 et
339 408 536 448 Anonymus
555 408 663 446 qunm
681 407 818 437 habent.

124 460 282 491 Meminit
295 458 424 489 Valerii
443 457 640 498 interpretis
654 457 775 488 Cicero
790 456 822 486 in

126 511 235 551 Epist.
255 509 297 540 ad
314 508 423 540 Attic.
468 508 611 539 Graecus
628 512 825 539 constanter

123 559 256 601 Μάρκον.
297 560 431 591 Vossius.
478 560 663 600 Perperam
681 558 823 590 Graecus

123 611 301 650 Interpres
322 610 376 641 hic
394 615 428 640 et
446 609 532 640 iufra
549 620 577 640 c.
595 612 647 640 53.
674 609 760 639 liunc
780 608 823 638 vi-

121 671 193 692 rum
213 661 316 691 Murci
343 661 547 700 prmnomine
581 660 731 699 insignit,
747 669 823 690 cum

121 719 225 752 supra
240 720 271 742 c.
289 714 340 741 19.
358 720 433 741 cum
449 715 542 741 recte
561 711 669 747 Caium
684 720 824 741 vocave-

121 766 192 799 rat;
209 761 269 792 scd
287 761 403 801 inepte
419 761 506 791 hunc
519 761 562 791 ab
580 762 638 792 illo
651 760 822 791 diversum

121 811 348 843 existimabat.
395 811 491 842 Idem
519 812 677 842 mendum
703 811 755 842 hie
777 811 824 841 vi-

121 862 202 893 dere
219 866 271 893 est
289 862 320 893 in
340 861 592 903 Antiquissimis
606 861 704 893 editt.
724 863 820 893 Rom.

122 916 158 943 et
173 913 261 944 Ven.
306 913 417 944 Daris.
464 913 620 944 Meorum
637 913 747 943 nullus
765 913 820 944 ha-

120 961 179 993 bet
210 962 379 999 Marcum;
402 962 460 993 sed
486 967 683 994 constanter
710 963 822 1002 Cajum

119 1013 174 1044 vel
199 1012 315 1051 quum
332 1023 407 1044 cum
425 1014 487 1045 Ed.
513 1013 654 1045 Incerta
669 1018 820 1052 servant,

120 1064 182 1095 nisi
209 1064 297 1105 quod
328 1075 412 1095 unus
445 1069 480 1095 et
507 1065 595 1095 alter
625 1073 820 1104 praenomen

119 1113 269 1145 omittat.
336 1114 498 1145 Ceterum
533 1114 568 1144 in
601 1114 820 1155 sequentibus

119 1163 202 1195 mire
220 1164 360 1196 turbant
374 1164 491 1197 Ursini
507 1163 656 1203 codices,
677 1174 820 1205 quornm

120 1219 235 1246 tamen
256 1215 369 1255 lectio,
392 1225 410 1246 a
425 1216 517 1246 nullo
533 1225 685 1246 meorum
701 1215 822 1247 confir·

117 1269 222 1305 mata,
249 1264 312 1305 ipsi
331 1265 451 1296 melius
473 1265 633 1305 placebat
648 1265 656 1281 ‘
675 1264 820 1296 donatus

119 1319 207 1354 erat,
232 1324 374 1355 quorum
390 1314 619 1355 amicitiajam
634 1313 821 1346 Ariovistus

119 1366 219 1406 longa
236 1366 479 1398 consuetudine
496 1366 655 1397 utebatur
668 1371 704 1398 et
720 1376 821 1407 prop-

121 1420 175 1447 ter
189 1415 291 1447 fidem
318 1421 353 1448 et
377 1421 518 1457 propter
531 1418 554 1448 l.
570 1417 614 1448 G.
632 1417 821 1458 scientiam,

119 1472 154 1499 et
171 1467 286 1508 quod‚’
303 1469 365 1499 &c.

163 1520 203 1549 14
225 1517 409 1558 Longinqua
425 1518 639 1548 consuetudine
660 1516 821 1557 utebatur]

119 1567 262 1599 Frustra
278 1567 340 1598 viri
354 1567 446 1598 docti
460 1567 514 1598 hic
531 1568 622 1605 longa
636 1567 820 1598 emendant

121 1627 182 1659 pro
198 1618 374 1658 longinqua.
412 1617 467 1649 Sic
482 1617 625 1648 Plautus
643 1617 675 1647 in
693 1616 819 1655 Milite,

120 1670 128 1686 ‘
148 1669 332 1709 longinqua
359 1666 447 1699 vita'
476 1667 573 1698 dixit.
619 1667 665 1697 Et
687 1667 818 1698 Gellius

119 1719 142 1750 l.
161 1722 197 1750 et
212 1727 242 1749 c.
268 1718 386 1748 ultimo
403 1717 515 1757 operis
532 1716 604 1747 sui:
629 1717 637 1732 ‘
653 1716 721 1747 Sed
738 1726 820 1756 quo-

118 1769 209 1800 niam
223 1767 417 1809 longinquis
445 1776 505 1807 per
530 1767 685 1807 hyemem
712 1766 819 1797 nocti-

119 1819 181 1852 bus
193 1818 228 1849 in
244 1827 339 1858 agro,
356 1817 455 1848 sicuti
469 1816 553 1856 dixi,
572 1821 671 1847 terrae
692 1815 818 1847 Atticm

119 1868 422 1901 commentationes
437 1868 538 1899 hasce
560 1866 680 1898 ludere
705 1877 744 1899 ac
771 1867 819 1898 fa-

119 1930 197 1953 cere
224 1920 335 1952 exorsi
366 1929 502 1951 sumus:
530 1919 656 1951 idcirco
684 1929 741 1950 eas
770 1919 820 1949 in-

118 1971 312 2012 scripsimus
328 1971 479 2002 noctium
498 1969 711 2002 Atticarum!
741 1970 820 2000 Plu-

120 2031 159 2052 ra
178 2021 347 2052 adducere
372 2029 632 2061 supervacuum.
684 2019 819 2051 Vossius.

120 2071 155 2102 Si
191 2070 344 2111 pluribus
375 2080 458 2110 opus
490 2069 546 2110 sit,
575 2070 676 2110 pleno
707 2069 819 2100 modio

119 2121 351 2162 suppeditabit
379 2121 431 2151 vir
472 2129 619 2151 summus
659 2120 693 2152 J.
724 2119 819 2151 Frid.

120 2171 314 2203 Gronovius
327 2171 471 2202 observ.
488 2180 539 2202 lv.
556 2173 608 2201 11.
633 2170 688 2210 qui
705 2170 768 2200 hac
785 2169 819 2200 in

121 2231 158 2252 re
175 2221 346 2253 Ciacconii
358 2226 392 2252 et
408 2221 541 2252 Brantii
559 2230 706 2252 errorem
724 2224 819 2252 nota-

121 2271 184 2302 vit.
221 2271 482 2302 Observandum
494 2271 595 2302 etiam
615 2275 678 2311 est,
693 2270 820 2302 frustra

118 2330 192 2353 esse
219 2321 275 2352 Fr.
300 2321 552 2352 Hotomannum
577 2321 738 2362 aliosque,
761 2321 818 2362 qui

119 2380 162 2402 ex
187 2372 251 2402 hoc
275 2371 351 2402 loco
369 2371 544 2412 colligunt,
568 2372 715 2413 linguam
733 2372 817 2403 Ger-

119 2421 285 2452 manicam
302 2432 321 2452 a
342 2421 476 2452 Gallica
498 2431 635 2462 prorsus
651 2421 754 2453 fuisse
771 2422 818 2453 di-

117 2481 265 2510 versam,
279 2482 354 2503 cum
372 2472 522 2513 ejusdem
547 2476 678 2503 tantum
694 2472 816 2513 linguae

121 2527 218 2554 erant
248 2523 414 2562 Dialecti,
446 2528 483 2554 ut
513 2523 627 2554 multis
660 2523 818 2562 probavit

119 2572 184 2603 Ph.
211 2573 386 2604 Cluverius
411 2573 528 2605 Germ.
553 2583 577 2604 1.
594 2577 624 2604 5.
671 2574 717 2605 Et
737 2583 818 2606 sane

121 2621 319 2663 discrepans
342 2624 592 2664 pronunciatio,
614 2623 718 2654 verba
731 2631 820 2655 nova

120 2675 296 2717 paullatim
309 2674 514 2713 introducta,
526 2675 717 2716 multusque
729 2675 820 2707 inter

123 2737 199 2758 suos
213 2727 338 2769 linguae
351 2727 565 2761 Germanicae
581 2738 661 2760 usus
678 2733 819 2769 possent

874 250 998 290 facere,
1015 257 1052 283 ut
1067 256 1257 294 complures
1275 256 1353 287 anni
1377 259 1575 300 transirent,

875 302 1069 343 prinsquam
1109 305 1242 336 Gallica
1280 309 1454 340 commode
1494 320 1571 342 usus

875 352 979 384 fucrit
1011 354 1211 388 Ariovistus.
1256 358 1368 391 Daris.
1427 361 1514 392 Vide
1543 372 1576 392 e-

876 404 956 433 tiam
982 404 1173 445 Cellarium,
1197 413 1233 439 ct
1260 409 1380 440 navis.
1404 410 1446 441 ad
1466 420 1500 442 v.
1521 414 1575 443 29.

874 454 1084 496 ‘longinqua
1120 457 1325 490 obsidione.'
1370 461 1575 502 ‘Temporis

875 505 1122 545 longinquitas’
1148 508 1188 537 B.
1216 510 1254 539 C.
1285 519 1307 540 1.
1337 513 1389 541 29.
1425 511 1457 541 in
1486 511 1575 544 Edd.

876 556 1005 595 primiS,
1018 566 1083 587 non
1099 567 1178 588 vero
1197 559 1280 589 Mse.
1298 566 1347 590 est
1364 562 1464 599 longa.
1511 562 1574 594 Ce-

876 610 986 637 terum
1004 608 1206 639 Ciacconius
1227 611 1373 649 conjecit
1391 612 1576 644 rescriben-

875 656 953 687 dum
976 659 1116 697 multum,
1143 669 1333 700 perperam.
1384 663 1458 692 Non
1487 664 1575 694 enim

876 707 1067 739 Ariovistus
1081 709 1089 725 ‘
1107 710 1250 740 multum
1278 711 1439 742 utebatur
1466 714 1577 744 scien·

875 758 923 788 tia
946 758 1089 790 Gallica}
1115 760 1259 801 lingum,⁷
1287 762 1377 802 qnod
1405 763 1573 803 innueret,

875 818 950 840 eum
964 809 1096 841 Gallice
1108 810 1307 852 frequenter
1322 813 1470 845 locutum
1485 824 1575 854 esse;

875 866 909 892 et
927 861 1025 893 istam
1042 868 1216 895 ostentare
1234 865 1424 901 scientiam,
1438 866 1496 896 sed
1515 867 1523 883 ‘
1542 877 1577 897 n-

874 912 1012 944 tebaun·
1029 914 1135 944 multa
1148 914 1316 954 scientia,'
1343 915 1365 947 i.
1380 926 1410 946 e.
1428 916 1576 948 habebat

875 972 1031 1002 magnam
1064 964 1136 1004 ejus
1176 966 1300 1005 lingnae
1335 966 1575 1005 cognitionem.

875 1012 1031 1046 offendit
1056 1014 1170 1046 forsan
1201 1018 1419 1048 Ciacconium
1446 1019 1577 1049 multum

874 1072 936 1104 pro
952 1074 1076 1105 magno
1093 1066 1178 1097 dici:
1198 1072 1232 1098 at
1252 1068 1316 1098 vid.
1336 1069 1380 1099 N.
1398 1069 1516 1101 Heius.
1533 1069 1574 1100 ad

875 1113 976 1146 Ovid.
994 1116 1091 1147 Rem.
1108 1116 1225 1148 Amor.
1243 1120 1318 1148 632.
1354 1128 1386 1149 v.
1407 1122 1457 1150 11.
1471 1119 1480 1136 ‘
1496 1120 1584 1151 mul-

873 1168 918 1195 tm
932 1175 1044 1205 operae
1062 1176 1113 1197 res
1126 1166 1146 1204 ;'
1171 1167 1230 1197 ubi
1243 1168 1299 1198 alii
1316 1169 1408 1199 multi
1422 1169 1534 1208 operis.

917 1218 955 1245 15
983 1216 1030 1247 M.
1049 1217 1199 1248 IlIettium
1214 1219 1265 1258 qui
1279 1218 1410 1259 hospitio
1425 1220 1579 1251 Ariovisti

872 1275 945 1296 usus
958 1266 1041 1306 erat]
1064 1268 1121 1299 Sic
1138 1273 1191 1299 est
1206 1280 1212 1299 :
1237 1270 1316 1299 nihil
1333 1270 1482 1301 sanctius
1498 1271 1577 1301 olim

874 1317 965 1356 apud
983 1317 1172 1350 Germanos
1184 1320 1427 1360 hospitiijure.
1461 1321 1578 1352 Caesar

873 1368 896 1398 l.
916 1377 964 1400 Vl.
990 1370 998 1386 ‘
1017 1369 1180 1411 Hospites
1206 1371 1336 1402 violare
1358 1370 1409 1402 fas
1433 1381 1499 1403 non
1518 1382 1578 1412 pu-

874 1423 969 1450 tant:
988 1420 1043 1460 qui
1060 1430 1191 1461 quaque
1209 1422 1249 1452 de
1263 1430 1381 1452 caussa
1397 1422 1439 1452 ad
1455 1432 1511 1453 eos
1523 1431 1579 1452 ve-

874 1477 970 1507 nere,
986 1470 1028 1499 ab
1056 1471 1180 1510 injuria
1205 1472 1399 1512 probibent,
1427 1478 1577 1504 sanctos-

875 1529 939 1559 que
952 1519 1089 1557 habent‚
1102 1521 1142 1550 iis
1155 1522 1303 1552 omnium
1314 1522 1430 1552 domus
1445 1527 1578 1562 patent,

873 1567 1053 1608 victusque
1078 1571 1369 1601 cmnmunicatur.’
1413 1572 1524 1603 Etiam
1545 1581 1577 1603 a-

873 1617 943 1657 pud
971 1618 1128 1650 Graecos:
1155 1619 1244 1651 Isac.
1266 1621 1379 1653 Tzetz.
1406 1622 1440 1653 in
1469 1623 1578 1662 Lyco-

873 1668 994 1708 pllron.
1025 1668 1165 1700 Παλαιὸν
1181 1669 1248 1701 ἔθος
1262 1671 1299 1701 τὸ
1314 1672 1356 1709 μὴ
1371 1672 1444 1704 τοὺς
1455 1680 1575 1713 συμφα-

872 1716 987 1756 Ὑόντας
1002 1719 1154 1757 ἀλλήλοις
1167 1733 1244 1752 ποτε
1258 1723 1326 1762 παρ’
1342 1722 1492 1760 ἀλλήλων
1502 1723 1571 1761 θνή-

873 1781 969 1810 σκειν,
994 1769 1021 1801 εἷ
1035 1770 1078 1809 μή
1098 1784 1157 1803 που
1178 1774 1270 1804 τοῦτο
1291 1774 1438 1806 ἀκουσίως
1455 1777 1574 1817 συμβῇ.

874 1820 967 1852 Hinc
982 1821 1105 1853 Parius
1131 1822 1189 1854 ille
1211 1824 1399 1857 iamborum
1416 1827 1575 1867 scriptor,

871 1870 927 1912 (ut
948 1870 1116 1912 Origenes
1134 1873 1154 1904 l.
1167 1882 1206 1904 11.
1227 1879 1347 1906 contra
1364 1876 1497 1907 Celsum
1515 1886 1574 1917 ap-

874 1921 1007 1961 pellat‚)
1036 1922 1106 1953 sive
1129 1923 1354 1956 Archilochus
1388 1926 1574 1966 Lycambae

873 1972 1035 2004 violatum
1048 1974 1187 2014 hospitii
1199 1974 1256 2013 jus
1273 1976 1481 2016 exprobans,
1499 1978 1546 2008 ait
1565 1989 1572 2008 :

865 2020 981 2063 Ὅρκον
996 2022 1029 2054 δὲ
1045 2023 1227 2064 ἐνοσφίσθης
1241 2024 1353 2065 μέγαν,
1380 2025 1458 2059 ἅλας
1472 2039 1507 2058 τε
1522 2027 1574 2058 καὶ

870 2073 1039 2114 τράπεζαν.
1063 2076 1330 2115 Sacramentum,
1347 2077 1468 2117 inquit,
1483 2087 1575 2109 men-

872 2134 906 2154 sa
923 2129 958 2156 et
974 2126 1043 2156 sale
1065 2126 1293 2158 conciliatum.
1337 2127 1394 2158 Sal
1411 2128 1574 2159 indicium

872 2179 1047 2215 perpetua:
1084 2180 1120 2206 et
1156 2176 1363 2216 incorruptae
1400 2178 1574 2217 amicitur,

871 2234 960 2265 unde
982 2239 1018 2265 et
1040 2221 1176 2276 nbffln
1195 2239 1321 2277 ΠἾἾᾏ
1339 2242 1477 2277 pactum
1493 2237 1573 2269 salis

871 2289 1013 2321 Hebraei
1028 2296 1166 2331 vocant,
1182 2295 1344 2322 aeternum
1358 2291 1480 2323 fredus.
1515 2292 1571 2323 Sic

869 2350 899 2378 2.
915 2348 1024 2379 Paral.
1040 2357 1123 2380 xm.
1141 2353 1170 2381 5.
1187 2337 1329 2392 '7an
1344 2337 1454 2392 *5¹7⁸
1470 2354 1570 2391 ffirp

869 2395 1013 2451 ‘ww'
1052 2397 1108 2459 ὃν
1148 2399 1266 2453 w&
1306 2402 1466 2454 nabun
1501 2417 1569 2461 int

868 2459 1077 2515 runnu-m
1102 2461 1224 2516 anaba
1244 2460 1286 2515 π’)
1309 2461 1453 2521 :abun
1470 2475 1490 2505 i·
1507 2475 1573 2505 Do-

870 2528 972 2559 minus
993 2529 1078 2560 Deus
1095 2530 1195 2560 1sra'e'l
1209 2529 1295 2560 dedit
1310 2539 1440 2568 regnum
1452 2527 1572 2559 Dat-idi

867 2586 958 2618 super
975 2578 1122 2610 Israifilem
1137 2579 1169 2610 in
1185 2582 1348 2617 aeternum,
1374 2578 1422 2609 illi
1446 2580 1475 2608 et
1489 2576 1575 2618 filiis

869 2628 934 2666 ejus
947 2633 1074 2668 pactum
1089 2629 1174 2659 satis.
1226 2629 1359 2660 Vossius.
1413 2627 1483 2658 Pro
1499 2635 1574 2657 usus

869 2682 936 2710 erat
952 2679 1066 2711 inveni
1089 2680 1121 2711 in
1146 2679 1231 2710 Mss.
1259 2679 1425 2717 Bongars.
1447 2676 1570 2708 Petav.

868 2730 1053 2772 Vossianis,
1072 2729 1310 2769 Leidensibroe,
1335 2727 1457 2769 Scalig.
1483 2726 1571 2759 aliis-
