1818 3131
331 199 424 229 Lis.
450 198 492 228 v.
526 195 632 226 cAP.
655 185 722 225 10.
759 195 819 224 nu
855 196 1009 225 sumn)
1043 197 1273 228 GALLwO.

86 292 192 326 litlem
228 291 446 324 eodm—uno
477 293 564 321 erant
592 290 667 320 visae
697 294 779 320 tem-

86 352 187 382 pore;
225 353 244 373 ιι
259 344 362 374 littore
375 342 583 372 discesserant.
622 339 719 372 Quod
743 345 779 371 et

86 392 209 423 rectius
228 392 366 423 videtur.
409 391 662 431 Supervacuum
689 390 777 421 enim

85 442 177 479 illud,
202 443 328 477 timore,·
349 450 424 471 cum
446 440 518 480 jam
537 440 778 480 praecessisset,

81 493 264 531 perlem-itte.
311 491 358 521 Ut
386 494 479 521 recte
505 491 681 521 annotavit
695 491 780 522 Vos—

84 542 160 571 sius.
186 541 291 572 Clark.
344 540 411 571 Uno
424 543 557 580 tempore
572 541 673 572 etiam
687 541 779 572 exhi-

84 591 163 621 bent
181 590 262 621 Mss.
278 590 342 620 mei
358 595 394 621 et
409 590 549 621 aliorum
567 600 681 622 omnes
695 601 779 632 prae-

83 646 135 671 ter
151 640 284 671 unicum
301 640 414 670 Ursini
430 644 465 671 et
482 641 590 671 varias
616 641 779 672 lectiones

81 690 308 731 Scaligerani3
347 691 435 732 quod
466 695 593 722 temere
619 691 667 722 illi
692 692 779 723 adri-

83 746 240 782 puorunt.
287 742 423 772 Ceterae
452 741 537 772 Edd.
564 742 780 773 consentiunt

83 801 159 822 cum
189 793 290 823 Mss.:
323 802 426 833 quare
452 792 553 823 etiam
571 793 719 831 restitui,
744 799 779 825 et

83 852 160 872 mox
175 843 350 880 anchoram,
374 841 440 874 fide
464 843 548 874 Mss.
564 853 571 872 ι
589 843 631 873 de
648 853 714 884 qua
737 844 780 874 lo-

83 892 218 923 cutione
244 893 298 923 adi
324 894 396 924 Cel.
426 893 542 924 Burm.
571 893 613 924 ad
639 892 779 925 Sueton.

84 943 202 974 Claud.
219 953 248 974 c.
267 946 318 974 34.
341 944 349 960 ‘
367 943 609 984 exspirantium
635 943 779 974 faciem!

83 1003 112 1024 c.
139 996 188 1023 12.
213 994 221 1009 ‘
239 997 378 1024 utuntur
394 993 492 1024 taleis
520 1003 582 1034 pro
610 1003 744 1025 nummo
759 994 778 1025 ι’

81 1043 180 1083 plura
193 1043 286 1075 alibi.

126 1101 177 1123 ix.
216 1097 234 1124 5
273 1093 321 1124 Eo
358 1095 457 1124 minus
487 1095 605 1126 veritus
640 1095 782 1135 navibus]

83 1143 217 1174 Phrasis
240 1147 291 1174 est
308 1145 420 1184 paullo
445 1145 563 1184 rarior,
577 1154 643 1186 qua
669 1149 781 1176 tamen

82 1203 160 1224 usus
183 1197 233 1224 est
257 1198 294 1225 et
320 1194 437 1226 Cicero
459 1194 568 1226 Acad.
586 1195 713 1227 Quaest.
730 1204 781 1227 lv.

82 1247 135 1275 45.
160 1244 271 1276 Dacis.

125 1296 144 1325 7
171 1294 212 1330 Q.
225 1295 355 1326 Atrium
379 1295 537 1336 praefecit]
559 1297 702 1328 Ursinus
725 1306 783 1328 ne-

85 1348 144 1380 gat
168 1349 282 1376 notam
308 1346 371 1377 sibi
388 1346 550 1378 familiam
574 1347 722 1386 Atriam,
748 1353 784 1379 et

85 1394 214 1426 Arrium
239 1395 292 1427 hic
319 1396 432 1437 legere
454 1397 593 1428 mavult.
640 1398 711 1437 Ego
735 1397 783 1427 ni-

85 1445 130 1476 liil
156 1450 260 1486 muto,
286 1456 361 1478 cum
388 1448 421 1477 in
453 1447 613 1489 inscript.
640 1448 785 1489 antiqua

86 1495 173 1526 Atria·
192 1505 323 1537 quoque
339 1506 460 1528 nomeu
483 1502 654 1529 occurrat:

85 1546 128 1578 Q.
152 1546 313 1578 ATRIO.
338 1547 519 1579 CLONIO

89 1596 190 1628 LEG.
217 1596 324 1628 AVG.
349 1597 424 1628 PR.
455 1598 529 1628 PR.

129 1647 505 1679 PROVINCIARUM

85 1696 316 1728 THRACIAE.
340 1695 675 1728 CAPPADOCIAE.

86 1745 238 1778 SYRIAE
262 1746 479 1778 MAIORIS.

87 1796 338 1828 HISPANIAE.
363 1795 637 1828 CITERIORIS

88 1846 332 1878 CLAVDIVS.
356 1846 526 1878 IVSTVS.

90 1899 190 1931 LEG.
212 1888 294 1929 W.
319 1897 490 1929 GEMIN.
514 1896 554 1927 P.
578 1896 606 1927 F

87 1948 377 1981 SEVERIANAE.
405 1945 772 1978 ALEXANDRINAE

88 1999 306 2036 PRAESIDl.
329 1997 768 2030 ABSTINENSISSIMO.

94 2050 228 2082 Vossius.
263 2050 433 2081 Titurium
463 2049 626 2080 exhibent
654 2048 787 2079 Duker.

91 2106 127 2132 et
141 2100 296 2131 Vossian.
318 2099 497 2137 secundus,
511 2102 547 2129 et
563 2097 676 2128 statim
692 2097 787 2128 Titu-

93 2151 142 2181 rio
157 2150 253 2181 Leid.
278 2158 332 2190 pr.
349 2149 443 2180 Attio
466 2148 530 2179 Ed.
546 2149 644 2179 Rom.
669 2152 790 2179 contra

93 2201 228 2231 Celsum
257 2204 292 2231 et
320 2199 589 2240 Metaphrasten.
613 2199 789 2230 Atriorum

94 2259 215 2282 nomen
242 2250 417 2290 aliquoties
445 2249 593 2280 occurrit
622 2249 654 2279 in
682 2249 789 2280 Inscr.

93 2300 233 2332 Gruter.
259 2309 415 2340 corpore.
449 2298 536 2329 Vide
563 2297 728 2338 Iudicem,
755 2302 791 2330 et

90 2350 126 2381 in
144 2350 310 2383 Gudianis
327 2359 360 2390 p.
377 2351 450 2380 152.
468 2349 512 2380 N.
529 2353 561 2380 5.

137 2400 175 2431 L.
199 2399 350 2430 ATRIO
375 2399 414 2430 L.
437 2398 476 2429 F.
500 2399 602 2429 VEL.
627 2398 770 2431 PRIMI

136 2449 290 2481 GENIO
314 2448 418 2479 VET.
445 2448 554 2480 AUG-

137 2498 302 2538 Praefecit]
341 2498 419 2528 Non
449 2506 624 2529 necessum
659 2502 723 2538 est,
756 2503 793 2529 ut

97 2556 172 2580 eum
191 2549 228 2580 P.
245 2548 424 2580 Ciacconio
440 2548 588 2589 legamus
609 2548 649 2584 Q.
667 2549 794 2580 Atrium

93 2598 296 2637 pra-feceram
322 2607 398 2629 nam
425 2599 542 2637 verba,
567 2609 599 2629 eo
624 2599 724 2630 minus
746 2609 793 2630 re-

97 2644 262 2688 linquebat,
276 2649 432 2680 habenda
445 2654 524 2680 sunt
548 2654 708 2690 tanquam
732 2649 794 2680 Pa-

99 2698 246 2730 renthesi
278 2699 419 2731 inclusa.
442 2699 554 2731 Davis.
592 2699 793 2731 Ciacconius

97 2745 194 2788 legit,
219 2749 402 2789 prefecerat
411 2760 424 2789 ‚·
456 2754 496 2782 ut
520 2750 690 2783 cohaereat
716 2759 794 2782 cum

1417 188 1528 230 1081

830 299 881 327 eo,
899 290 986 330 quod
1003 291 1192 331 praecessit,
1207 290 1405 331 relinquebat.
1452 291 1530 333 Sed,

826 340 982 380 praefecit,
1007 352 1087 373 vera
1103 348 1154 372 est
1173 342 1297 380 lectio;
1318 347 1354 373 et
1370 344 1531 384 cohaeret‚

830 399 895 420 non
913 400 988 421 cum
1003 393 1206 432 relinquebat,
1230 392 1288 423 sed
1311 402 1386 423 cum
1403 402 1532 433 praece-

830 439 933 471 dente
963 442 1138 472 contendit:
1164 443 1253 483 quod
1278 448 1313 474 et
1340 443 1533 475 observavit

830 491 999 522 Davisius.
1028 492 1135 522 Clark.

873 543 912 572 17
939 541 983 571 Et
1006 550 1121 580 aggere
1137 544 1175 572 ad
1192 543 1374 574 munitiones
1401 543 1534 586 adjecto]

832 591 946 622 Proba
961 591 1075 622 lectio.
1121 593 1329 631 Ciacconius,
1351 595 1427 635 quia
1445 595 1533 626 infra

830 641 954 681 legitur
969 642 1079 671 adacta
1093 642 1187 680 turri,
1203 647 1237 673 et
1254 643 1307 673 hic
1331 644 1534 675 emendabat

829 692 951 722 adacta.
988 692 1136 722 Frustra.
1166 691 1281 732 Agger
1307 694 1442 733 proprie
1465 695 1535 734 jaci

831 741 970 780 dicitur,
998 742 1101 772 turris
1130 742 1194 781 agi.
1237 742 1366 773 Vossius.
1411 744 1535 775 Merito

831 791 884 822 hic
902 791 1120 832 reprehendit
1136 791 1274 822 Vossius
1298 792 1536 831 Cim-conium

831 842 901 882 qui,
919 842 1075 883 quoniam
1092 840 1180 872 infra
1198 842 1330 883 iegitur,
1345 844 1456 874 adacta
1470 848 1535 874 tur-

831 892 872 930 ri,
891 897 925 923 et
938 892 991 923 hic
1009 892 1166 923 emendat
1189 893 1308 924 adacto.
1332 892 1461 924 Inscite
1479 895 1536 925 ad-

831 942 978 974 modum.
1042 943 1130 973 Nam
1160 942 1214 983 (ut
1238 943 1365 983 optime
1395 943 1536 975 adnotat

832 994 895 1025 iste
909 994 972 1025 Vir
995 994 1237 1035 Doctissimus)
1258 995 1375 1036 Agger
1400 997 1535 1037 proprie

822 1043 890 1082 jaci
906 1043 1042 1082 dicitur,
1057 1043 1177 1074 Turris
1191 1045 1255 1083 agi.
1283 1046 1390 1076 Clark.

877 1096 917 1124 19
949 1094 1090 1132 Longius
1116 1093 1275 1134 persequi]
1311 1095 1394 1126 Mss.
1422 1105 1536 1127 omnes

833 1144 1072 1184 Bongarsiani,
1086 1144 1284 1184 Lefflenses,
1295 1146 1461 1185 Vossiani,
1475 1146 1539 1178 Pe-

834 1198 901 1225 tav.
921 1195 1048 1226 Lovan.
1067 1195 1164 1235 Egm.
1190 1195 1324 1226 Duker.
1341 1200 1377 1227 et
1394 1200 1463 1227 tres
1481 1197 1538 1227 alii

834 1254 910 1276 cum
928 1245 1015 1276 Edd.
1034 1246 1130 1276 Rom.
1158 1245 1300 1276 Mediol.
1319 1247 1406 1277 Ven.
1429 1251 1465 1278 et
1483 1246 1539 1277 In-

833 1300 929 1326 certa
942 1296 1093 1336 prosequi.
1140 1296 1250 1328 Quem
1264 1306 1465 1328 consensum
1482 1307 1538 1328 ve-

833 1349 983 1383 neratus,
997 1346 1031 1376 id
1048 1346 1199 1387 reposui:
1218 1346 1301 1377 licet
1318 1346 1434 1386 sciam,
1449 1347 1540 1387 quod

834 1396 1033 1436 plerumque
1070 1397 1211 1437 persequi
1259 1397 1392 1427 dicatur
1430 1397 1540 1427 inimi-

835 1456 906 1484 cus,
921 1447 1063 1486 prosequi
1089 1448 1215 1478 amicus
1240 1451 1276 1478 et
1303 1457 1425 1478 comes.
1471 1447 1540 1478 Sed

835 1496 935 1526 aliter
961 1496 1084 1526 Caesar.
1120 1496 1209 1526 Vide
1230 1496 1328 1527 Voss.
1353 1496 1395 1527 ad
1413 1505 1468 1527 111.
1485 1499 1538 1528 26.

836 1546 890 1577 Sic
917 1546 978 1576 boc
1003 1545 1090 1576 libro
1107 1556 1138 1577 c.
1154 1549 1206 1576 52.
1237 1547 1245 1562 ‘
1261 1546 1409 1585 Longius
1426 1555 1540 1586 prose-

836 1596 892 1636 qui
923 1595 1063 1634 veritus‚
1092 1595 1183 1636 quod
1211 1595 1303 1626 silvae
1331 1595 1539 1636 paludesque

836 1645 1128 1677 intercedebant?
1153 1645 1210 1676 ubi
1232 1646 1350 1677 eadem
1374 1645 1539 1677 confusio.

836 1697 877 1728 V.
892 1701 926 1727 et
939 1696 1048 1727 varias
1063 1696 1226 1727 lectiones
1243 1706 1316 1736 cap.
1334 1706 1403 1737 seq.
1417 1706 1467 1728 1v.
1484 1700 1537 1729 26.

836 1746 844 1762 ‘
857 1745 971 1786 Atque
987 1755 1043 1776 eos
1060 1746 1092 1776 in
1109 1745 1221 1786 fugam
1236 1746 1417 1785 dederunt,
1429 1756 1540 1788 neque

836 1796 968 1836 longius
993 1796 1151 1837 prosequi
1174 1798 1378 1836 potuerunt!
1409 1799 1450 1829 B.
1468 1799 1541 1831 Civ.

837 1854 878 1876 11.
894 1848 926 1876 8.
951 1847 959 1863 ‘
978 1846 1068 1877 Hinc
1096 1845 1138 1876 ad
1162 1847 1395 1886 repellendum
1412 1852 1447 1878 et
1465 1858 1542 1888 pro—

836 1896 1046 1937 sequendum
1062 1896 1194 1926 hostem
1220 1897 1487 1936 procurrebant.'
1511 1908 1542 1930 c.

837 1949 889 1977 41.
913 1949 921 1963 ‘
940 1946 1062 1987 Neque
1079 1944 1249 1986 fugientes
1274 1947 1408 1988 longius
1430 1958 1542 1989 prose-

839 1997 924 2038 qui?
947 1998 1005 2028 ubi
1023 1998 1099 2029 vide.
1115 1998 1272 2030 Ciaccon.
1290 2008 1346 2030 111.
1363 2003 1418 2031 51.
1431 2000 1542 2032 ‘Inse-

839 2052 982 2089 quentes
996 2053 1140 2088 nostros,
1156 2058 1198 2079 ne
1215 2049 1346 2089 longius
1361 2059 1542 2091 proseque-

839 2102 968 2138 rentur,
995 2098 1194 2130 revocavit.'
1245 2099 1373 2130 Eadem
1398 2101 1543 2132 varietas

838 2148 881 2178 B.
909 2147 1016 2179 Afric.
1047 2159 1077 2179 c.
1107 2152 1158 2180 15.
1201 2149 1242 2181 B.
1260 2149 1404 2190 Hispan.
1431 2162 1460 2182 c.
1491 2155 1543 2183 10.

838 2199 846 2215 ‘
861 2198 989 2239 longius
1017 2198 1059 2229 ad
1082 2198 1276 2230 Cordubam
1294 2210 1407 2231 versus
1432 2211 1544 2241 prose-

840 2249 909 2280 cuti
926 2254 1004 2280 sunt
1021 2259 1078 2280 eos
1092 2249 1112 2278 :'
1137 2249 1185 2280 sic
1198 2250 1288 2280 enim
1302 2251 1386 2282 Mss.
1402 2256 1438 2282 et
1454 2251 1543 2282 Edd.

839 2299 935 2330 Vett.
982 2299 1037 2329 Sic
1060 2299 1070 2315 ‘
1088 2298 1225 2330 fortuna
1241 2300 1459 2342 prosequitur
1483 2302 1545 2332 ini-

839 2348 937 2380 mica'
960 2348 1052 2389 apud
1081 2349 1174 2380 Hirt.
1191 2349 1231 2380 B.
1248 2348 1348 2381 Alex.
1365 2361 1394 2382 c.
1410 2354 1464 2382 25.
1508 2351 1545 2382 Si

842 2404 953 2431 tamen
979 2399 1026 2430 ibi
1052 2410 1071 2430 a
1093 2400 1178 2431 Mss.
1195 2401 1363 2432 nonnullis
1387 2402 1544 2433 standum

841 2449 976 2490 quidem
993 2454 1056 2481 est.

883 2508 918 2530 x.
937 2503 954 2531 1
979 2500 1104 2531 Milites
1121 2500 1294 2541 equitesque
1314 2500 1347 2531 in
1373 2501 1545 2541 expeditio-

841 2559 910 2580 nem
934 2550 1035 2591 misit]
1062 2551 1187 2582 Milites
1213 2561 1276 2592 pro
1303 2551 1419 2592 pedite
1445 2551 1546 2590 dixit,

843 2599 964 2631 eodem
986 2601 1087 2632 modo
1114 2600 1157 2631 de
1182 2600 1274 2632 bello
1298 2601 1408 2631 civili:
1433 2609 1473 2631 ιι.
1490 2603 1543 2631 41.

843 2649 920 2682 ‘Ne
948 2651 1109 2682 militibus
1135 2650 1283 2692 quidem,
1312 2655 1349 2680 ut
1378 2647 1545 2689 defessis}

843 2710 954 2743 neque
970 2702 1152 2744 equitibus,
1174 2705 1212 2731 ut
1234 2700 1363 2741 paucis,
1381 2704 1416 2730 et
1430 2700 1544 2732 labore

845 2751 1023 2793 confectis,
1058 2751 1206 2784 studium
1244 2749 1287 2781 ad
1326 2751 1543 2792 pugnandum
