1818 3131
286 211 381 240 Lln.
414 207 496 238 vll.
528 205 634 236 CAP.
663 193 733 234 21.
768 205 830 234 DF.
864 204 1019 234 RELLO
1050 204 1277 234 GALLlcs).

69 315 121 347 pr.
138 314 158 336 a
172 314 216 336 m.
234 313 301 335 sec.
318 305 528 341 testaturque
544 299 685 330 Ursinus
702 308 762 336 per

67 368 84 385 o
102 356 264 396 scriptum
279 361 410 395 qnoque
433 360 504 381 esse
522 349 555 379 in
569 357 627 379 suo
641 357 679 378 ac
696 349 761 378 Va·

1398 192 1512 235 1205

811 299 866 328 hac
882 298 961 335 fuga
978 298 1198 339 recipientem
1214 297 1234 335 ;’
1274 307 1348 329 cum
1368 298 1508 329 Norvie.

812 349 933 388 aliique
963 349 1046 380 Msti
1072 350 1168 379 simul
1195 358 1233 379 ac
1263 354 1396 379 veteres
1424 348 1506 379 editi

66 406 182 437 ticano
198 404 280 435 Cod.
305 403 336 433 in
360 399 497 441 reliquis
520 398 603 428 Mss.
621 402 656 427 et
674 396 760 427 Edd.
806 408 971 438 pronomen
998 400 1267 429 demonstr-uticum
1299 409 1362 430 non
1392 409 1510 439 agnos-

66 460 120 487 est
134 454 284 492 fortuitu.
320 452 411 482 Hirt.
436 449 477 480 dc
500 449 539 478 Β.
560 446 711 478 Afric.c.
728 449 758 477 3.

66 506 75 522 ‘
94 504 235 536 fortuitu
251 502 396 532 oblatam
413 496 648 530 occasionem!
693 496 760 527 Sed

66 560 101 586 et
124 554 169 584 ibi
194 553 258 582 Ms.
283 550 384 588 Scal.‚
401 549 510 579 Latin.
537 551 572 577 et
595 546 707 578 L'rsin.
725 551 760 577 et

66 604 108 635 R.
134 601 249 641 steph.
267 599 422 637 fortuito:
454 597 554 628 immo
586 596 682 626 Leid.
707 606 758 636 pr.

54 652 191 691 sor-tuito
205 659 286 680 casu.
332 648 485 688 Optime,
503 651 539 677 nt
562 646 609 676 ibi
633 645 760 676 videbi-

65 711 149 734 mus.
193 699 297 740 Apul.
323 699 465 729 Metam.
489 698 509 728 l.
528 705 592 727 vn.
622 705 655 736 p.
686 698 759 726 149.

64 753 127 785 Ed.
152 752 245 783 Pric.
261 751 270 767 ⁴
289 754 472 780 occurrunt
494 747 658 778 fortuito.’
690 747 758 777 ΜΒ.

62 802 221 836 Βοι·νὶ11ἰί
254 806 372 832 contra
395 799 557 837 fortuitu.-
592 797 758 838 quomodo

62 853 165 884 etiam
182 852 248 882 Ms.
265 850 358 881 Leid.
375 859 449 880 cnm
473 848 546 879 aliis
572 847 605 877 in
629 847 759 887 Hygini

62 902 202 934 Astron.
230 909 270 930 ιι.
292 902 344 930 ⁶20.
368 900 377 916 ‘
402 897 542 929 fortuitu
570 897 726 938 pervenit
740 897 759 927 ε’

61 952 118 983 ubi
144 951 220 982 vide
243 949 403 981 Munker.
448 948 560 988 Magis
588 952 700 978 tamen
723 947 758 977 in

62 1002 197 1034 Caesare
213 1001 337 1031 inclino
354 1000 386 1030 in
401 998 439 1029 τὸ
448 999 591 1038 fortuito,
607 997 658 1028 uti
674 1003 709 1028 et
724 998 758 1028 in

61 1053 225 1085 Cicerone
241 1050 323 1082 fecit
339 1051 392 1081 Cl.
408 1049 562 1081 Graevins
579 1058 654 1079 cum
671 1048 755 1078 aliis.

61 1102 148 1134 Vide
165 1101 314 1141 Philipp.
331 1109 366 1131 x.
383 1102 415 1130 2.
443 1101 450 1115 ‘
471 1099 531 1130 tibi
547 1107 613 1129 non
637 1097 757 1128 incidit

58 1152 198 1185 fortuito
214 1151 233 1182 ι’
268 1155 303 1182 at
333 1149 517 1191 saepissime
547 1148 581 1179 in
609 1148 692 1178 Mss.
721 1151 758 1178 et

61 1202 147 1235 Edd.
165 1201 338 1234 Ciceronis
355 1199 515 1238 variatur,
531 1206 594 1228 uec
617 1206 684 1228 non
706 1197 758 1227 Li.

59 1253 103 1284 vii
117 1256 153 1284 et
169 1252 318 1283 aliorum.
351 1249 420 1281 Adi
438 1249 488 1280 Cl.
512 1247 687 1279 Drakenb.
713 1247 756 1278 ad

59 1311 99 1335 Π.
116 1305 168 1334 28.
190 1302 199 1319 ‘
215 1302 359 1333 Temere
382 1309 421 1331 ac
443 1298 584 1330 fortuito
599 1301 720 1338 ageret
733 1296 755 1328 :’

59 1357 97 1384 et
112 1353 185 1385 Cel.
197 1352 313 1382 Burm.
326 1349 369 1381 ad
386 1349 526 1380 Sueton.
551 1347 628 1378 Tib.
655 1357 686 1379 c.
702 1350 756 1379 40.

59 1403 68 1419 ‘
85 1401 228 1434 fortuito
244 1408 389 1440 superne
406 1398 544 1437 delapsa
556 1395 658 1427 sunt.’

101 1455 143 1484 *24
168 1450 252 1486 Quin
266 1450 360 1480 etiam
376 1449 450 1488 ipsis
464 1446 636 1486 remittere]
661 1446 756 1478 Grae-

58 1512 130 1541 eus,
146 1500 377 1541 συγγινώσκειν.
414 1497 481 1529 Sed
494 1497 566 1527 haec
583 1496 630 1527 ita
644 1496 756 1537 potius

59 1553 259 1595 accipienda
290 1552 460 1588 videntur,
488 1555 526 1580 ut
551 1548 644 1579 dicat
670 1549 756 1579 Ver-

57 1603 260 1644 cingetorix,
289 1605 298 1619 ‘
315 1611 350 1633 se
378 1601 568 1641 imperinm,
601 1598 689 1640 quod
720 1599 755 1629 in

59 1663 135 1685 enm
151 1654 379 1691 contulerant,
395 1651 476 1691 ipsis
494 1650 641 1681 libenter
652 1649 756 1679 remit-

58 1708 146 1736 tere:
169 1705 198 1735 si
226 1704 260 1735 id
286 1702 327 1733 ad
349 1711 445 1733 suum
468 1701 564 1731 unius
581 1700 754 1739 honorem,

57 1755 170 1795 potius
183 1763 282 1796 quam
295 1752 337 1784 ad
349 1752 497 1792 ipsorum
509 1750 655 1781 omniurn
669 1750 754 1780 salu-

57 1809 140 1844 tem,
155 1804 328 1844 pertinere
344 1799 617 1841 suspicarentur.'
648 1800 754 1830 Clark.

98 1857 140 1886 26
163 1853 258 1893 Haec]
280 1853 336 1883 Sic
357 1852 441 1882 Mss.
457 1851 542 1891 Reg.
563 1849 688 1880 Eliens.
716 1854 752 1880 et

56 1903 180 1944 Vossfi,
205 1909 240 1934 et
263 1902 371 1934 Editt.
395 1901 489 1931 Vett.
513 1901 654 1932 Graecus
670 1902 752 1933 item

55 1954 164 1986 ταῦτα.
207 1952 356 1992 Scaliger
373 1954 408 1981 et
433 1950 640 1981 recentiores
661 1954 750 1992 quod.

54 2003 157 2036 Nullo
172 2011 288 2033 sensns
302 2001 503 2032 discrimine.
528 2001 636 2031 Clark.
671 2003 751 2033 Haec

54 2052 157 2084 etiam
170 2061 284 2084 omnes
299 2051 366 2082 mei
377 2050 418 2082 ad
435 2060 556 2082 unum:
575 2061 678 2093 quare
700 2062 751 2084 re-

54 2103 184 2134 vocavi.

96 2155 138 2183 39
160 2152 201 2183 Se
228 2161 268 2183 ex
290 2152 347 2182 Ιιασ
363 2150 448 2190 fuga
469 2151 678 2194 re01'pz'entem]
699 2152 751 2184 Si-

55 2202 126 2232 mili
141 2201 214 2232 fere
233 2200 331 2232 modo
344 2200 431 2231 dixit
445 2201 577 2231 Seneca
592 2202 690 2234 Cous.
708 2203 750 2234 ad

56 2251 216 2282 Helviam
241 2260 271 2281 c.
288 2253 339 2281 17.
362 2251 372 2267 ‘
392 2249 482 2281 Huic
507 2259 622 2290 parem
646 2252 751 2283 virtu-

54 2304 125 2332 tem
151 2301 309 2332 exhibeas
335 2304 485 2340 oportet,
509 2306 544 2331 et
566 2301 711 2332 animum
731 2313 750 2333 a

54 2351 147 2382 luctu
172 2350 340 2391 recipias.’
375 2351 453 2381 Nou
469 2356 544 2380 erat
564 2351 676 2391 igitur,
691 2363 751 2384 cur

55 2400 109 2431 Fr.
149 2400 382 2431 Hotomannus
420 2400 505 2431 hanc
544 2401 750 2434 locutionem

54 2455 245 2491 suspectam
259 2450 412 2481 haberet.
438 2451 550 2482 Dat-is.
579 2452 647 2483 Sed
661 2454 749 2494 quod

52 2509 184 2532 omnem
197 2501 288 2532 tollit
297 2502 503 2541 scrupulum,
515 2502 639 2542 phrasi,
651 2513 750 2544 quam

52 2550 190 2582 adhibet
220 2552 347 2590 Caesar,
378 2561 456 2582 usus
485 2557 538 2583 est
571 2562 672 2593 supra
702 2563 749 2585 lv.

52 2601 107 2630 27.
150 2599 300 2631 Velleius
337 2601 540 2632 Patercnlus
574 2611 614 2633 11.
643 2605 696 2634 70.
716 2606 748 2635 4.

54 2650 64 2666 ‘
81 2648 189 2680 victus
212 2650 284 2682 acie
310 2660 386 2682 cum
408 2651 440 2681 in
467 2652 631 2688 tumulum
647 2657 747 2684 nocte

56 2707 97 2729 ex
117 2697 202 2738 fuga
220 2709 252 2731 se
274 2700 455 2740 recepisset!
507 2701 617 2734 Porro
643 2703 747 2734 Scali-

57 2755 127 2788 ger,
141 2747 300 2782 ursinum
324 2754 476 2793 secutus,
490 2750 600 2784 edidit
626 2752 636 2770 ‘
652 2762 688 2784 se
704 2762 746 2784 ex

810 453 899 479 cant.
936 449 1031 479 Idem.
1055 459 1126 480 cnr.
1151 459 1218 480 sce.
1259 450 1329 480 Huc
1355 449 1452 480 deest
1475 450 1508 479 in

810 498 894 528 Mss.
913 497 1000 537 Reg.
1030 498 1151 529 miens.
1177 504 1211 529 ct
1238 500 1335 530 Voss.
1370 499 1457 529 Item
1474 499 1507 530 in

810 547 918 578 Editt.
931 548 1026 578 Vett.
1037 553 1072 578 et
1087 548 1234 589 Interpr.
1248 550 1275 580 G
1284 559 1382 580 rtrc0.
1401 550 1508 581 Clark.

810 598 882 629 Hac
895 602 1049 628 servatur
1065 598 1106 629 ab
1125 599 1234 630 Ursin.
1253 599 1377 630 Andin.
1394 600 1508 630 Oxon.

809 654 844 680 et
856 648 950 680 Leid.
970 658 1020 688 pr.
1051 648 1104 679 Ab
1121 649 1255 689 reliquis
1269 649 1377 687 abest,
1390 655 1427 679 ut
1443 659 1509 680 non

810 699 1036 730 necessarium
1050 707 1245 739 pronomen.
1272 700 1315 729 Et
1332 699 1379 729 sic
1393 703 1508 729 noster

808 759 849 781 11.
867 753 916 781 12.
933 751 942 766 ‘
960 751 1071 783 Quum
1088 759 1122 781 se
1138 750 1250 780 hostes
1271 760 1311 780 ex
1330 749 1410 790 fuga
1426 750 1509 781 reci·

809 800 954 841 perent.’
994 810 1041 831 vr.
1065 804 1117 832 41.
1145 801 1154 817 ‘
1174 800 1370 841 Equitatum
1401 810 1435 831 se
1465 810 1507 831 ex

809 850 890 891 fuga
917 851 1084 891 recepisse
1109 850 1285 881 dicerent!
1308 849 1408 880 Adde
1424 858 1506 881 vm.

808 905 860 932 20.
879 902 920 932 B.
940 901 1013 932 Civ.
1032 910 1086 932 111.
1099 904 1150 932 95.
1166 903 1238 932 102.
1253 901 1262 918 ‘
1280 909 1507 941 quascumque

807 952 841 982 in
855 956 970 991 partes
984 962 1026 982 ex
1043 950 1123 991 fuga
1143 960 1178 982 se
1201 951 1386 991 recepisset
1408 956 1442 981 et
1464 960 1507 981 ex

808 1001 888 1041 fuga
915 1002 948 1032 in
977 1001 1135 1032 civitates
1165 1010 1200 1032 se
1231 1001 1400 1042 recepisse
1413 1000 1432 1032 ι’
1471 1005 1507 1032 et

807 1051 899 1082 Hirt.
916 1051 958 1081 de
974 1052 1015 1081 B.
1032 1050 1130 1082 Alex.
1148 1053 1178 1081 3.
1194 1053 1248 1082 47.

850 1105 958 1132 xxr.5
994 1101 1089 1131 Milia
1117 1101 1273 1130 hominum
1298 1100 1428 1140 delectu]
1466 1099 1508 1130 In

807 1149 973 1181 Vossiano
993 1150 1103 1190 primo
1119 1149 1245 1180 diserte
1268 1149 1432 1189 scriptum
1457 1149 1507 1180 in-

807 1200 883 1231 veni
897 1200 1014 1231 dilecti.
1060 1198 1160 1232 Quod
1172 1200 1230 1229 vix
1244 1208 1263 1229 a
1275 1198 1417 1229 librariis
1433 1208 1508 1239 pro·

807 1249 913 1281 ficisci
949 1250 1074 1291 potuit.
1131 1248 1277 1281 Consule
1314 1252 1432 1279 notata
1463 1248 1505 1279 ad

806 1300 959 1332 Frontin.
982 1310 1032 1331 1v.
1056 1303 1086 1332 2.
1102 1301 1119 1340 ᾧ
1134 1303 1165 1331 7.
1191 1300 1200 1317 ‘
1218 1300 1246 1332 C
1273 1299 1366 1330 milia
1383 1299 1507 1330 barba-

807 1359 918 1380 rorum
946 1350 1065 1390 proelio
1097 1349 1248 1390 superati
1277 1349 1375 1381 sunt.'
1415 1350 1505 1380 Flor.

806 1409 862 1431 ιιι.
885 1403 938 1431 20.
965 1401 975 1417 ⁴
991 1401 1025 1431 X
1051 1400 1193 1440 amplius
1220 1399 1311 1430 milia
1335 1399 1506 1430 hominum

806 1459 872 1480 non
902 1449 1002 1481 modo
1035 1448 1195 1490 effugisse
1225 1449 1376 1481 contenti
1391 1452 1411 1480 ε’
1447 1449 1505 1480 ubi

806 1500 892 1531 male
909 1500 992 1531 Mss.
1008 1500 1162 1540 aliorum,
1177 1504 1213 1531 et
1227 1503 1373 1540 quatuor
1385 1499 1505 1531 Leidd.

805 1551 949 1582 homines.
981 1551 1022 1582 B.
1047 1550 1145 1592 Hisp.
1175 1560 1205 1582 c.
1225 1543 1276 1581 34.
1299 1553 1307 1567 ‘
1322 1549 1506 1580 Interfecti

806 1602 1064 1633 snnthominum
1076 1601 1168 1632 milia
1180 1600 1288 1632 xxn!
1333 1600 1388 1631 Ita
1401 1599 1505 1630 etiam

805 1651 888 1682 Mss.
906 1651 981 1682 Val.
998 1652 1093 1682 Max.
1107 1659 1158 1682 lx.
1174 1653 1205 1681 2.
1224 1653 1252 1681 1.
1269 1653 1303 1680 et
1319 1650 1397 1680 Ext.
1415 1652 1444 1681 3.

846 1704 865 1732 7
892 1701 981 1736 Quod
990 1711 1066 1742 pene
1080 1701 1113 1731 in
1126 1711 1171 1740 eo,
1184 1700 1211 1731 si
1224 1700 1255 1730 id
1271 1699 1412 1740 oppidum
1429 1699 1505 1729 reii-

803 1750 954 1791 nuissent]
977 1751 1033 1782 Ita
1057 1761 1099 1781 ex
1120 1749 1280 1791 Antiquis
1303 1748 1504 1791 quibusdam

804 1801 915 1831 Editis
943 1801 1100 1839 restitui3
1135 1799 1254 1831 addita
1281 1809 1364 1831 voce
1388 1800 1434 1839 id,
1459 1809 1502 1830 ex

803 1851 886 1882 Mss.
917 1852 1002 1891 Reg.
1030 1851 1157 1881 Eliens.
1189 1854 1225 1880 et
1253 1849 1376 1880 Vossii.
1425 1850 1503 1882 Quo

803 1905 904 1941 pacto
927 1901 1097 1932 sententia
1118 1900 1159 1931 fit
1181 1904 1218 1930 et
1240 1899 1420 1940 perspicua
1445 1899 1503 1930 ad·

802 1951 951 1991 modurn,
997 1956 1033 1982 et
1075 1950 1202 1982 locutio
1240 1949 1501 1990 elegantissima.

804 2001 945 2033 Graecus
970 2006 1065 2032 recte
1085 2000 1265 2041 expressit,
1281 2000 1314 2030 ἐν
1327 1998 1427 2038 τούτῳ
1441 1999 1503 2039 γὰρ

802 2051 928 2092 σχεδὸν,
943 2051 969 2082 εἰ
993 2050 1112 2088 ταύτην
1135 2050 1351 2090 διαφυλάξειαν
1368 2050 1426 2087 τὴν
1447 2049 1502 2081 πό-

802 2107 864 2141 λιν,
880 2101 939 2139 τὴν
962 2101 1047 2139 νίκην
1065 2103 1169 2132 πᾶσαν
1182 2102 1311 2132 κεῖσθαι.
1347 2102 1501 2142 Scaliger

802 2158 838 2185 et
854 2153 962 2185 Editt.
975 2153 1048 2184 fere
1061 2162 1175 2184 omnes
1198 2153 1405 2184 recentiores
1421 2153 1501 2192 quod

803 2212 904 2244 penes
928 2213 996 2243 eos,
1017 2204 1045 2234 si
1067 2204 1223 2244 oppidum,
1238 2204 1290 2243 ‹is-c.
1314 2212 1425 2241 sensti,
1441 2207 1501 2233 aut

803 2253 936 2294 abjecto
962 2253 1156 2292 admodum,
1180 2258 1239 2283 aut
1264 2252 1367 2283 nullo.
1394 2252 1501 2284 Clark.

803 2304 854 2335 Cl.
871 2304 1025 2335 Clarkius
1049 2304 1146 2344 legit,
1168 2304 1247 2344 quod
1274 2312 1373 2344 paene
1389 2303 1422 2333 in
1445 2313 1498 2343 eo,

800 2355 828 2384 si
842 2354 877 2384 id
891 2354 1034 2395 oppidum
1047 2353 1257 2393 retinuissent,
1271 2363 1420 2384 summam
1439 2353 1502 2384 vic·

801 2405 890 2435 torioe
901 2408 1040 2435 constare
1054 2404 1279 2443 intelligebant.
1325 2403 1380 2434 Sic
1404 2407 1500 2434 certe

803 2454 944 2486 Graecns
970 2455 1004 2486 in
1034 2464 1093 2486 suo
1121 2454 1240 2485 codice
1263 2454 1405 2494 reperit.
1450 2453 1500 2484 At

798 2514 888 2544 penes
902 2515 950 2536 eos
965 2506 1114 2537 retinent
1136 2505 1253 2546 Cujac.
1278 2505 1398 2536 Petav.
1415 2504 1499 2536 Got-

802 2559 892 2595 torp.
928 2555 1055 2597 aliique
1090 2555 1168 2586 libri
1209 2553 1496 2595 praestantissimi3

801 2609 1010 2646 quapropter
1031 2605 1122 2636 illam
1142 2605 1324 2636 lectionem
1347 2612 1412 2634 non
1427 2611 1496 2632 mo-

799 2661 873 2685 veo.
916 2654 983 2686 Sed
1011 2655 1045 2685 id
1069 2658 1257 2696 agnoscunt
1287 2653 1370 2683 Mss.
1397 2650 1498 2682 editi-

799 2712 864 2744 que
878 2708 1025 2736 veteres.
1051 2705 1162 2735 Datis.
1179 2712 1248 2735 cur.
1264 2712 1331 2733 sec.
1356 2701 1450 2731 Pame
1464 2700 1498 2731 in

797 2762 831 2785 eo
860 2762 903 2785 ex
926 2755 1009 2787 meis
1038 2754 1165 2786 habent
1189 2752 1251 2785 soli
1272 2750 1437 2792 Andium,
1459 2755 1496 2783 et
