1818 3131
254 175 368 216 1174

252 290 412 323 Turnebo
426 291 563 330 ibidem,
576 292 694 331 utjnm
708 292 835 323 monuit
851 292 953 323 Bran-

254 343 331 373 tins.
382 341 503 379 virgil.
524 342 596 372 leci.
616 351 694 373 vni.
720 345 771 374 20.
796 343 953 384 ςΜορεο,

253 401 356 422 nova<
388 391 496 421 incide
525 390 642 423 faces!
687 393 818 424 Seneca
833 393 953 433 Agam.

253 451 300 470 vs,
329 443 403 470 777.
427 440 587 471 ‘service
616 445 731 473 taurus
760 443 877 474 vulnus
906 445 952 474 iu-

252 491 321 521 cisa
346 491 488 530 gerens!
534 491 578 523 Et
606 492 652 523 ita
680 493 813 524 incidere
840 504 953 533 net-ros,

250 550 353 577 renas,
382 550 464 580 spem
493 541 583 572 alibi.
631 542 706 573 Hoc
735 548 849 574 tamen
878 544 953 574 loeo

251 590 330 620 mihi
353 591 491 621 videtur
515 602 587 623 esse
613 592 732 624 mos-a
758 594 852 624 verbi
879 596 954 624 acei-

249 641 327 670 dttnt
345 641 366 672 i.
382 650 411 671 e.
428 640 499 672 sere
516 642 707 673 abscidunt.
755 644 799 673 l‘t
817 645 954 674 accidere

249 690 363 730 copias,
379 694 442 721 &tu
461 691 503 721 de.
517 702 581 732 quo
594 693 634 723 ad
651 703 730 724 un.
746 697 797 724 31.
825 694 952 723 Passim

249 742 386 773 accidere
403 743 485 774 abiit
510 744 542 774 in
559 744 723 775 abscidere.
771 744 836 774 ‚xdi
856 744 954 774 modo

251 792 323 823 Cet.
342 793 519 825 Drakenb.
549 802 583 825 et
598 795 680 825 alios
696 795 736 825 ad
754 794 883 825 Lixium
900 804 954 825 111.

251 844 302 872 10.
326 843 335 859 ‘
353 844 473 873 accisa*
493 844 568 875 res)

294 895 333 922 12
358 893 398 923 Se
422 903 461 923 esc
485 895 701 925 consuetudine
727 895 957 937 reclinaverint]

249 941 413 972 Voculam
431 952 470 973 (κι-
486 943 517 973 in
537 953 566 974 v.
584 953 614 975 c.
635 954 699 975 non
717 946 862 985 reperio.
911 947 954 977 Iit

249 990 406 1022 similiter
430 993 568 1023 'saeuus
595 993 718 1025 Auual.
737 1004 768 1025 v.
794 995 856 1025 ‘ex
881 997 954 1036 quis

248 1042 290 1071 ol»
326 1047 452 1074 nwtum
485 1054 614 1084 panem,
649 1045 763 1085 plures
799 1046 955 1078 adsuetu-

247 1093 350 1124 diue.’
374 1094 507 1125 Vossius.
555 1095 595 1126 In
618 1096 700 1126 Mss.
724 1097 806 1137 Reg.
826 1098 952 1129 Elieus.

247 1149 282 1174 et
301 1144 412 1174 Vossii
440 1144 539 1175 deest
564 1156 615 1176 ex.
667 1148 823 1187 Utroque
852 1148 952 1178 modo

247 1192 327 1224 alibi
353 1194 484 1226 locutus
510 1199 561 1225 est
579 1197 704 1227 Caesar.
731 1198 838 1229 sim-lc.
883 1199 953 1229 Cur

246 1244 400 1286 Scaliger
424 1246 478 1276 hie
508 1247 786 1287 przrpositionem
815 1247 952 1279 addide-

246 1296 304 1334 rit,
321 1297 447 1330 nescio.
496 1298 580 1328 Mss.
606 1304 640 1329 et
668 1297 757 1328 Editi
775 1308 888 1329 omnes
912 1310 951 1330 ea

247 1351 377 1377 carent.
439 1347 556 1379 Quare
588 1357 700 1378 rursus
730 1348 836 1389 ejeci;
870 1349 951 1379 licet

250 1396 367 1436 sciam,
397 1397 479 1428 alibi
506 1397 596 1429 addi.
642 1398 789 1429 Variant
819 1409 952 1441 quoque

248 1445 334 1477 Mss.
354 1455 386 1477 v.
404 1450 456 1478 57.

289 1505 423 1528 xxvnt.
446 1500 467 1528 ⁶2
494 1498 716 1537 Mugnitndine
737 1499 840 1539 paulz'o
867 1499 954 1538 infra

245 1547 436 1588 elephantos]
482 1548 578 1579 Idem
592 1549 697 1580 tradit
715 1550 874 1589 ὅθι-νιος.)
893 1551 951 1582 sed

248 1597 364 1639 miror,
395 1599 485 1640 quod
518 1599 566 1630 ait
597 1609 674 1631 uros
711 1601 743 1631 in
777 1601 952 1641 Pyrenaeis

247 1649 419 1680 montibus
453 1650 558 1689 nasci,
590 1650 678 1691 quod
718 1661 785 1682 non
816 1652 952 1683 memini

246 1699 377 1739 uspiam
396 1700 581 1740 proditum,
599 1700 641 1732 ad
660 1710 701 1733 11.
727 1701 854 1743 Georg.
880 1703 952 1734 Ma-

246 1749 339 1780 ronis
371 1760 504 1781 versum
545 1755 620 1784 37-1.
653 1754 662 1770 ‘
684 1752 875 1793 Sylvestrcs
900 1754 950 1784 uri

245 1799 393 1840 assidue,
415 1810 619 1842 capreaeque
644 1802 829 1843 sequaces.'
854 1804 862 1820 ‘
877 1803 949 1843 Syl-

246 1854 377 1881 vestu-es
408 1851 483 1890 uri,’
513 1851 635 1891 inquit,
669 1851 723 1882 ‘id
751 1858 816 1892 est,
846 1852 949 1884 boves

245 1903 408 1939 agrestes,
425 1900 481 1941 qui
504 1901 536 1931 in
562 1901 729 1941 Pyrenaeo
745 1906 858 1933 monte
876 1911 950 1933 nas-

247 1954 372 1981 euntur
402 1951 493 1981 inter
524 1951 651 1983 Gallias
689 1956 723 1982 et
764 1952 949 1993 Hispanias

246 2001 369 2042 posito.
423 2003 506 2033 Sunt
537 2007 662 2043 autem,
690 2003 845 2043 exeeptis
880 2004 949 2034 ele-

246 2051 394 2091 pltantis·‚
409 2052 555 2092 majores
572 2053 770 2084 animalibus
791 2054 947 2084 caeteris:

245 2103 329 2135 dicti
347 2105 395 2135 uri
412 2104 472 2134 ἀπὸ
485 2106 546 2135 τῶν
562 2104 648 2146 ὀρῶν,
661 2104 694 2135 id
711 2109 776 2145 est,
793 2116 813 2136 a
828 2106 950 2137 monti-

246 2153 332 2185 bus.’
378 2154 445 2186 Hic
470 2155 552 2186 nihil
571 2164 676 2196 prope
696 2155 786 2194 νοτὶς
811 2155 951 2186 confun-

244 2202 296 2235 dit
332 2204 469 2236 Servius
507 2206 630 2236 saltum
666 2204 878 2245 Hercynium
915 2211 950 2237 et

245 2252 463 2294 Pyrenaeum.
510 2255 612 2288 Quod
636 2255 678 2286 de
706 2256 878 2287 montibus
902 2257 950 2287 ait

244 2314 348 2336 merae
379 2315 477 2346 nugae
510 2310 601 2337 sunt.
660 2306 721 2337 Uri
753 2316 818 2337 vox
854 2316 947 2338 mere

245 2354 468 2393 Germanica;
493 2365 569 2386 uam
586 2360 621 2388 et
636 2355 806 2398 hodieque
822 2358 949 2389 nrm-hs:

244 2404 383 2436 dicitur.
412 2406 548 2437 Vossius.

309 2455 400 2494 Infra
428 2457 616 2497 elephantos]
672 2456 713 2488 Id
745 2461 811 2495 cst,
838 2458 946 2490 minor

244 2506 446 2548 elephanti&
477 2509 487 2524 ‘
506 2506 601 2538 Infra
621 2508 752 2539 intimos
776 2509 949 2541 homincs’

243 2557 324 2589 Ter.
342 2558 493 2590 Eumnr.
514 2562 544 2590 2.
561 2561 614 2590 36.
637 2559 693 2590 ubi
712 2559 787 2590 vide
801 2560 947 2592 Rivium.

245 2608 406 2649 Propert.
425 2617 449 2640 ι.
465 2611 518 2640 20.
537 2613 567 2640 5.
592 2611 602 2627 ‘
620 2610 682 2641 Est
699 2610 759 2641 tibi
777 2620 843 2642 non
860 2611 948 2643 infra

245 2659 407 2699 speciem,
419 2667 486 2690 non
499 2660 632 2691 nomine
645 2660 784 2700 dispar.’
799 2661 890 2693 Hirt.
904 2663 946 2693 B.

246 2709 348 2741 Alex.
364 2719 394 2741 c.
418 2711 468 2742 13.
508 2709 517 2727 ⁴
535 2709 632 2742 Infra
646 2711 731 2742 hanc
745 2712 950 2753 magnitudi-

247 2760 346 2791 nem?
371 2761 414 2792 Et
426 2760 612 2803 saepissime
625 2761 693 2794 alii.
719 2762 947 2794 Ms.1)01·vini

724 186 866 217 No'rAE
901 186 1167 218 vARmRUM
1200 189 1250 219 ΙΝ

1002 292 1056 324 hic
1080 292 1181 324 habet
1211 294 1295 323 intra
1317 293 1512 333 elephantos.-
1541 297 1578 324 ut
1601 295 1706 327 multa

1004 343 1161 374 dicuutur
1184 353 1256 374 esse
1275 344 1357 373 intr-11
1379 344 1509 384 aliquid,
1527 344 1624 385 cujus
1641 350 1709 377 ter-

1003 394 1108 424 minos
1133 404 1197 424 nou
1215 395 1400 431 excedunt,
1416 395 1474 424 sed
1494 395 1532 425 iis
1550 405 1585 425 se
1603 395 1707 427 inclu-

1003 444 1098 481 dunt,
1127 450 1161 475 ct
1190 445 1335 474 minores
1367 450 1454 476 silut.
1505 445 1593 476 vide
1625 455 1708 487 qnos

1003 495 1119 525 laudat
1144 495 1216 525 Cel.
1236 496 1350 526 llurm.
1373 496 1414 525 ad
1435 495 1600 528 Quinctil.
1620 495 1706 528 Inst.

1003 545 1100 575 Orat.
1124 554 1176 575 lx.
1201 549 1232 576 3.
1259 548 1268 562 ‘
1289 547 1371 586 Ejus
1399 547 1525 586 scripta
1548 547 1637 577 iutra
1659 545 1708 579 fa-

1002 605 1088 625 mam
1106 600 1183 625 sunt
1196 596 1214 631 ;'
1242 600 1276 626 et
1294 597 1384 627 Clar.
1407 597 1538 628 Duker.
1557 596 1598 626 ad
1616 597 1708 630 Flor.

1004 649 1068 676 ι.3.
1094 652 1102 662 ⁶
1120 645 1250 676 facinus
1268 646 1358 676 iutra
1382 647 1519 685 glorium
1544 646 1632 678 fnit)
1665 647 1708 679 In

1002 695 1136 726 Velleio
1155 704 1177 725 ι.
1196 698 1247 726 27.
1278 695 1287 711 ⁴
1306 695 1406 725 iutra’
1432 696 1543 735 placet
1569 707 1704 738 quoque

1004 755 1125 781 magno
1153 746 1247 784 Viro,
1273 746 1281 762 ‘
1299 754 1434 785 semper
1457 744 1543 775 infra
1566 746 1709 777 aliorum

1005 795 1246 826 restimutioues
1263 805 1298 825 se
1314 795 1532 826 metiente-111!
1569 796 1578 811 ‘
1594 794 1709 826 Infra’

1005 850 1117 875 tamen
1133 846 1186 875 hic
1211 855 1330 883 servo;
1355 854 1429 875 nam
1454 845 1538 876 intra
1554 846 1710 883 „nignita-

1003 895 1105 925 dinem
1124 896 1209 925 bene
1227 895 1293 926 dici
1311 905 1408 935 posse
1425 894 1574 935 videtur,
1587 905 1654 926 non
1664 895 1711 926 in-

1004 948 1055 975 iru
1069 946 1256 985 clepl'mntus.

1048 999 1065 1026 3
1099 996 1151 1026 ris
1164 999 1208 1026 est
1223 995 1340 1035 een-mn]
1375 996 1534 1037 Plerique
1551 1007 1578 1028 r.
1599 1005 1704 1028 eorum

1004 1049 1058 1076 est.
1088 1044 1154 1076 Alii
1173 1049 1216 1075 est
1232 1046 1278 1076 ris
1293 1055 1409 1077 eorum.
1441 1046 1536 1077 Inter
1553 1046 1658 1077 lineas
1671 1046 1711 1076 τὸ

1005 1100 1049 1127 ese
1077 1096 1108 1126 in
1136 1096 1230 1127 Leid.
1249 1107 1298 1136 pr.
1325 1102 1422 1127 certo
1443 1096 1579 1137 indicio,
1594 1097 1709 1128 delen-

1004 1147 1078 1177 dam
1113 1157 1186 1177 esse
1218 1148 1384 1186 voculam,
1413 1147 1462 1178 uti
1493 1153 1528 1178 et
1561 1147 1658 1179 abest
1690 1157 1710 1179 a

1003 1198 1130 1227 Lovau.
1149 1198 1244 1228 Carr.
1259 1198 1391 1227 Duker.
1407 1198 1553 1229 Dorvill.
1567 1202 1603 1229 et
1620 1197 1708 1230 Edd.

1005 1248 1100 1278 Rom.
1120 1247 1259 1278 Mediol.
1276 1258 1314 1278 ac
1327 1249 1414 1279 Veu.

1046 1300 1066 1327 6
1102 1298 1331 1337 Adulescentes]
1379 1298 1518 1338 Optime
1551 1297 1708 1329 Leidens.

1005 1346 1103 1385 prim.
1120 1352 1154 1377 et
1176 1347 1414 1387 Scaliger-anus
1440 1348 1576 1378 homines
1595 1348 1710 1378 adoles·

1002 1400 1117 1427 centes.-
1135 1407 1234 1438 quam
1249 1398 1429 1429 lectionem
1442 1398 1620 1429 confirmat
1633 1407 1709 1440 per-

1004 1452 1126 1487 petuus
1155 1448 1301 1479 Caesaris
1338 1448 1471 1488 plenior
1500 1449 1627 1489 stylus:
1669 1452 1709 1479 ut

1003 1498 1138 1530 homines
1156 1499 1255 1539 Galli,
1281 1500 1437 1539 Harudes,
1461 1499 1622 1539 Germani,
1643 1501 1708 1530 Sec.

1005 1550 1143 1580 Terent.
1162 1549 1296 1581 Phorm.
1312 1560 1343 1581 v.
1360 1553 1392 1580 9.
1409 1553 1461 1581 53.
1491 1551 1499 1567 ‘
1516 1550 1613 1581 homo
1631 1549 1710 1580 ado-

1004 1599 1135 1630 lescens
1149 1600 1175 1630 si
1185 1600 1395 1631 habetunam
1409 1599 1572 1631 amicam!
1585 1599 1709 1631 Cicero

1004 1649 1068 1689 Ep.
1082 1648 1122 1679 ad
1136 1650 1228 1680 Fam.
1243 1659 1283 1680 11.
1301 1653 1349 1681 15.
1376 1654 1384 1666 ⁴
1400 1650 1566 1680 hominem
1579 1649 1711 1680 adoles·

1003 1704 1136 1731 centem
1154 1710 1218 1731 non
1235 1705 1302 1731 tam
1327 1701 1465 1731 allicere
1481 1699 1595 1731 volui!
1636 1699 1708 1730 Sal-

1002 1750 1078 1781 lust.
1105 1752 1205 1782 Catil.
1233 1761 1263 1782 c.
1280 1753 1332 1782 38.
1369 1753 1378 1767 ‘
1394 1750 1555 1782 Homines
1579 1749 1709 1781 adoles·

1001 1806 1120 1832 centes
1151 1811 1312 1832 summam
1343 1806 1548 1842 potestatem
1582 1801 1675 1832 nacti
1688 1800 1710 1831 τ’

1001 1852 1122 1893 quibus
1148 1853 1230 1884 locis
1254 1853 1330 1883 vide
1353 1858 1451 1883 notas
1474 1857 1509 1883 et
1533 1852 1710 1883 Gramma-

1001 1903 1098 1934 ticos.
1122 1901 1222 1932 Adde
1234 1903 1307 1934 Liv.
1322 1911 1361 1933 ιι.
1374 1906 1425 1933 18.
1447 1903 1530 1934 Sall.
1541 1903 1622 1943 Jng.
1634 1912 1663 1934 c.
1675 1906 1711 1934 6.

1001 1953 1115 1985 Plaut.
1142 1954 1297 1984 Trinum.
1325 1963 1373 1985 lv.
1405 1957 1437 1985 2.
1466 1957 1520 1985 94.
1555 1955 1563 1971 ‘
1582 1953 1709 1985 amanti

1000 2004 1123 2035 homini
1141 2004 1375 2035 adolescenti!

1043 2057 1061 2084 7
1090 2054 1215 2085 Relatis
1225 2055 1255 2085 in
1269 2055 1423 2095 publicum
1436 2054 1593 2095 cornibus]
1617 2055 1708 2086 Con-

1000 2104 1111 2134 firmat
1134 2103 1249 2141 ἄδηλος
1273 2110 1406 2145 auctor,
1423 2105 1480 2146 qui
1506 2105 1575 2136 ait:
1604 2106 1613 2123 ⁴
1633 2105 1708 2146 Ego

1001 2155 1189 2195 Moguntiae
1215 2160 1250 2186 et
1274 2156 1489 2195 Wormaciae,
1511 2155 1707 2187 Germaniae

1002 2205 1044 2236 ad
1053 2206 1208 2238 Rhenum
1222 2207 1432 2245 civitatibus,
1443 2205 1594 2247 ingentia
1604 2205 1706 2237 boum

1001 2257 1216 2297 sylvestrium
1235 2257 1364 2297 capita,
1379 2257 1481 2297 duplo
1497 2256 1550 2298 (ut
1566 2256 1643 2288 milii
1657 2255 1706 2287 vi-

1000 2307 1185 2346 debantur)
1196 2307 1391 2339 domesticis
1404 2307 1548 2348 majora,
1565 2315 1640 2338 cum
1656 2315 1708 2337 re-

999 2357 1110 2398 liquiis
1128 2357 1325 2398 quibusdam
1354 2366 1529 2394 cornuum,
1552 2354 1707 2386 aedificiis

999 2408 1147 2449 publicis
1163 2407 1283 2439 affixa’
1312 2407 1407 2449 (ante
1424 2407 1550 2438 saecula
1565 2405 1706 2446 aliquot,

999 2464 1037 2491 ut
1052 2459 1177 2501 fertur)
1192 2460 1200 2476 ‘
1215 2459 1294 2491 olim
1313 2469 1389 2490 cum
1410 2455 1634 2489 admiratione
1650 2456 1699 2486 in-

999 2511 1127 2551 spexi.'
1176 2511 1272 2543 Citat
1298 2511 1388 2541 hunc
1416 2513 1590 2539 auctorem
1617 2507 1704 2539 Ges-

998 2570 1111 2592 nerus.
1152 2561 1238 2592 Voss.

1043 2613 1056 2640 l
1066 2613 1079 2640 1
1108 2611 1137 2640 Λ
1156 2621 1185 2641 n.
1197 2609 1227 2640 b.
1240 2608 1382 2640 cornibus
1394 2607 1519 2648 dnff'ert]
1556 2607 1667 2638 Deest
1681 2618 1703 2639 a

997 2662 1032 2693 in
1046 2661 1131 2692 Mss.
1148 2661 1234 2701 Reg.
1251 2664 1286 2691 et
1302 2659 1427 2698 vossii,
1443 2664 1477 2689 et
1493 2658 1583 2690 Edit.
1601 2659 1702 2691 Rom.

1000 2711 1107 2743 Clark.
1151 2711 1181 2743 A
1212 2719 1279 2741 non
1305 2713 1482 2750 comparet
1506 2716 1645 2750 quoque·
1662 2707 1701 2739 in

996 2763 1104 2803 Bong.
1136 2771 1188 2803 pr.
1218 2761 1341 2794 Petav.
1371 2760 1498 2792 Lovan.
1521 2760 1619 2790 voss.
1642 2766 1696 2799 pr.
