1915 3115
304 193 391 234 948

307 297 392 329 Mss.
419 299 456 328 et
484 295 575 328 Hirt.
608 295 650 327 B.
673 295 773 326 Alex.
798 304 830 326 c.
853 296 908 326 76.
929 293 1008 325 ‘In-

305 347 389 380 ermi
406 347 487 377 nihil
505 344 671 386 proficere
693 343 876 386 poterant!
918 344 1006 375 Vide

308 398 434 439 passim
453 397 495 428 de
517 395 680 427 similibus
702 395 792 426 viros
819 394 950 434 doctos,
972 400 1007 425 et

305 449 452 482 Collect.
478 452 595 478 nostra
612 447 647 477 iu
673 447 801 477 Lucan.
825 455 881 477 111.
910 448 1005 477 uo:

308 499 357 529 ita
376 499 407 529 iu
426 498 494 528 Μ».
513 497 694 528 veterrimo
710 497 838 528 Bonon.
865 496 1009 527 Lactan-

309 549 349 579 tii
372 547 494 588 passim
517 547 687 587 inbecillus,
713 551 750 578 ut
779 556 803 578 1.
826 549 857 577 3.
885 555 932 577 ιν.
958 549 1008 576 13.

308 601 374 630 «Sco.
419 598 511 629 Alibi
551 598 585 629 in
611 597 754 629 Caesaris
795 598 877 628 Mss.
915 597 1009 627 adcli-

310 659 378 689 vus,
394 648 538 687 declivus,
552 649 716 688 proclivus.

350 702 393 731 22
417 699 487 730 Hos
509 709 572 730 esse
593 699 725 739 eosdem]
748 697 836 729 Mire
861 697 934 727 liaee
962 697 1010 727 in-

309 749 479 791 terpolata
495 754 574 780 sunt
597 749 630 779 in
659 748 768 779 Editis
794 753 831 778 et
852 747 935 778 Mss.
960 755 1009 776 re—

309 799 530 838 centioribus,
570 809 645 840 quae
685 799 795 829 omnia
832 805 1010 829 recensere

309 860 377 881 non
391 854 502 881 vacat.
546 849 636 880 Vide
652 848 845 885 Brantium,
861 852 897 877 et
919 846 1011 877 alios.

312 901 484 931 Germanos
521 898 651 929 addunt
689 898 857 939 plerique,
908 897 1011 928 etiam

311 949 467 982 Clarkius
495 958 513 980 e
543 949 609 980 Ms.
637 949 763 989 Regio:
798 948 874 979 cum
899 951 1012 978 tamen

310 999 472 1032 Davisius
517 999 591 1040 jam
636 999 847 1030 exhibuisset
884 1002 1012 1030 tantum

315 1050 369 1080 hos
392 1059 456 1080 esse
481 1049 609 1080 eosdem.
669 1048 738 1079 Pro
767 1058 832 1089 quo
859 1048 1014 1087 Scaliger

311 1109 355 1131 ex
371 1098 487 1130 Ursini
501 1098 632 1138 codice,
649 1098 772 1139 aliique
785 1099 837 1129 hos
852 1107 914 1128 esse
931 1098 1013 1127 Gor-

312 1160 428 1182 manos.
474 1149 669 1181 Davisianae
686 1148 828 1179 editioni
844 1147 1013 1179 accedunt

313 1200 561 1240 Hotomannus,
591 1203 627 1230 et
664 1199 748 1230 Mss.
780 1197 1014 1238 Bongarsiani,

313 1250 535 1289 Petavianus,
560 1251 686 1281 Lovan.
703 1249 818 1280 Oxon.
847 1248 1013 1289 Egmoud.

314 1300 439 1341 aliique
455 1310 530 1332 cum
553 1299 614 1330 Ed.
637 1300 786 1331 Incerta.
834 1300 1015 1338 Germanos,

314 1360 460 1392 quaeque
477 1350 628 1381 nonnulli
646 1350 776 1380 addunt
800 1347 914 1380 scirent
936 1348 1016 1388 illos,

312 1410 408 1432 mera
438 1405 517 1431 sunt
547 1401 761 1440 glossemata,
784 1397 959 1430 toleranda
982 1398 1016 1428 in

315 1451 514 1492 Interprete
532 1449 607 1490 πρὸς
620 1433 742 1480 ‘roffam
758 1449 784 1480 δ’
808 1449 916 1479 ἐκεῖνοι
931 1448 1018 1478 αὐτοὶ

314 1500 399 1533 οὗτοί
425 1500 500 1532 εἰσιν
523 1501 552 1532 οἱ
574 1499 728 1540 Γερμανοί.
776 1499 868 1530 Dein
891 1509 1017 1539 superu—

314 1552 381 1582 rint
408 1561 470 1592 pro
496 1553 689 1591 superassent
722 1549 858 1580 restitui
885 1559 904 1579 e
936 1549 1017 1579 Mss.

317 1601 481 1642 plurimis,
505 1600 539 1631 iu
564 1600 686 1640 quibus
715 1600 894 1640 Bongars„
917 1603 953 1629 et
975 1608 1017 1628 ex

317 1651 406 1683 Edd.
425 1651 550 1691 primis,
577 1651 672 1681 Rom.
696 1648 838 1680 Mediol.
868 1649 1018 1687 Incerta,

316 1702 401 1732 ch.
419 1700 571 1741 aliisque,

359 1754 401 1782 28
427 1749 549 1781 Castris
563 1760 599 1780 ac
612 1748 775 1790 paludibus
801 1758 831 1778 se
853 1747 1020 1779 continuis-

316 1803 378 1843 see]
412 1803 468 1834 lta
494 1802 595 1842 vulgo
633 1811 722 1831 nunc
753 1800 928 1839 exhibent,
960 1799 1019 1829 sed

318 1854 403 1885 Mss.
441 1852 584 1883 aliorum
621 1861 660 1882 ac
700 1851 765 1881 mei
795 1855 927 1881 tantum
955 1859 1020 1879 non

319 1913 434 1936 omncs
471 1902 626 1943 praebent
662 1911 738 1932 cum
775 1901 905 1941 aliquot
933 1899 1020 1930 Edd.

319 1953 466 1986 vetustis
485 1953 521 1983 C.
539 1963 570 1983 sc
586 1963 622 1983 ac
638 1953 701 1993 pal.
728 1952 891 1983 tenuisset:
914 1951 1021 1982 Recte

320 2003 469 2035 omnino.
513 2002 602 2032 Vide
624 2001 778 2042 quaedum
808 2000 851 2031 ad
869 2000 1021 2032 Frontin.

320 2063 360 2085 ιι.
391 2058 421 2084 5.
447 2056 480 2084 4.
524 2052 645 2083 ‘Intra
672 2052 880 2082 l'anormum
906 2050 1021 2090 copias

320 2102 455 2134 tenuit.'
501 2101 604 2143 Apud
631 2101 762 2132 Livium
788 2100 872 2131 nihil
888 2104 940 2131 est
957 2099 1023 2130 frc-

321 2153 492 2194 quentius‚
516 2156 554 2183 nt
570 2151 673 2183 docet
690 2151 740 2183 (ΣΙ.
767 2150 1024 2190 Drakenburgi-

322 2213 360 2234 us
377 2203 420 2233 ad
437 2211 519 2234 vlu.
536 2206 567 2233 2.
591 2201 680 2232 infra
696 2212 726 2233 c.
743 2204 796 2234 49.
833 2204 841 2218 ‘
858 2201 925 2232 Ubi
946 2211 1022 2232 eum

321 2253 442 2284 castris
475 2262 550 2284 sese
586 2257 704 2284 tenere
741 2251 934 2283 intellexit)
966 2261 1023 2282 111.

323 2305 376 2334 17.
409 2303 418 2318 ‘
432 2302 551 2333 castris
582 2312 654 2333 sese
689 2302 854 2334 tenebat.'
901 2303 1023 2333 Emen-

322 2353 454 2384 dandus
472 2353 574 2384 etiam
591 2353 685 2384 locus
703 2363 734 2384 v.
751 2356 804 2383 57.
829 2353 838 2369 ‘
852 2363 927 2384 cum
953 2363 1023 2384 cas-

324 2404 387 2434 tris
403 2413 476 2435 sese
507 2403 662 2434 teneret.’
712 2404 802 2435 Nam
829 2403 899 2434 illic
921 2403 1024 2434 etiam

325 2454 494 2485 contineret
520 2454 632 2493 vulgo.
650 2462 727 2484 vm.
752 2456 804 2485 11.
829 2454 838 2470 ‘
854 2453 974 2484 castris
989 2463 1024 2484 se

327 2503 468 2535 tencre!
493 2504 534 2534 B.
551 2504 625 2533 (Ἰν.
643 2513 696 2534 ιιι.
713 2506 765 2534 30.
791 2506 798 2519 ·’
814 2503 933 2534 castris
950 2512 1025 2534 sese

327 2555 438 2586 tenuit
450 2554 470 2585 ι’
494 2555 542 2586 sie
572 2557 579 2571 ‘
592 2555 690 2586 domo
721 2565 756 2585 se
787 2554 908 2586 tenuit’
935 2554 1025 2595 Nep.

327 2605 449 2646 Epam.
465 2614 494 2636 c.
511 2608 562 2635 10.
579 2604 634 2634 ubi
652 2604 727 2634 wide
745 2605 874 2636 Comm.

371 2657 412 2686 32
437 2655 508 2686 Hac
524 2664 561 2685 ue
576 2655 675 2695 ipsum
691 2655 811 2695 quidem
824 2665 949 2695 sperare
964 2665 1028 2686 nos-

328 2708 392 2734 tros
407 2706 560 2736 exercitus
573 2705 642 2746 capi
653 2706 756 2746 posse]
771 2705 923 2736 Puerilia
939 2710 1028 2745 sunt,

329 2763 403 2796 ‹111ae
428 2755 590 2788 Brantius
613 2755 675 2799 ait,
695 2765 818 2797 sperare
837 2754 951 2797 ἀκύρως
967 2766 1028 2799 pro

770 200 912 231 No'l'AE
945 199 1208 230 VARIORUM
1243 199 1291 229 ΙΝ

1058 294 1177 326 timere
1194 293 1288 334 poni.
1333 292 1395 324 Ait
1410 293 1537 333 Caesar,
1549 291 1759 325 Ariovistum

1057 345 1202 382 ratione,
1238 349 1273 375 et
1305 344 1447 375 consilio
1474 343 1592 375 Gallos
1622 350 1760 383 supera·

1058 395 1158 433 visse,
1174 400 1208 425 at
1227 395 1391 425 Romanos
1409 399 1445 425 ut
1462 398 1536 425 astu
1553 396 1704 433 superet,
1715 401 1759 423 ne

1059 455 1195 485 sperare
1213 445 1347 486 quidem
1376 443 1512 475 audere.
1559 442 1705 474 Videtur
1721 441 1760 472 il-

1059 496 1117 526 lud
1132 496 1232 536 ipsum
1249 495 1290 525 ad
1308 495 1475 526 Caesarem
1496 492 1654 524 Brantius
1671 497 1762 523 retu·

1059 545 1150 583 lisse,
1167 544 1378 585 ineptissime
1396 543 1562 584 prosa-m,
1574 552 1650 574 cum
1664 541 1760 574 Ario-

1060 595 1163 625 vistus
1178 595 1398 634 intelligatur.
1450 594 1582 624 Vossius.

1103 648 1143 676 33
1169 645 1232 680 Qut·
1247 654 1331 675 suum
1348 645 1489 675 timorem
1507 645 1539 674 in
1559 644 1605 674 rei
1618 643 1760 680 frumen-

1060 695 1152 726 taria>
1176 696 1400 725 simulationem
1426 694 1643 733 angustiasque
1669 694 1761 724 ilinc-

1060 756 1129 777 rum
1143 745 1331 785 conferrent]
1354 745 1494 776 Ursinus
1511 750 1547 775 et
1562 744 1762 775 ciacconius

1062 796 1194 836 legunt:
1230 795 1241 813 ‘
1258 795 1325 828 Qui
1353 795 1403 825 sui
1428 794 1555 825 timoris
1580 793 1762 826 simulatio·

1062 855 1138 876 nem
1156 846 1187 875 in
1205 855 1275 876 rem
1299 844 1553 875 frumentariam
1577 843 1762 884 angustias-

1063 905 1128 937 que
1141 895 1271 926 itineris
1285 894 1501 925 conferrent!
1526 894 1764 925 Delirainenta

1063 950 1157 976 certe
1173 950 1249 975 sunt
1268 945 1370 975 tantis
1387 945 1466 975 viris
1483 944 1632 985 indigna.
1670 943 1763 976 Quid

1063 996 1146 1026 illud
1160 996 1386 1026 simulationem
1402 995 1522 1026 timoris
1533 994 1547 1026 ζ’
1571 995 1648 1026 Non
1664 995 1764 1025 simu-

1063 1047 1179 1077 labant
1197 1046 1365 1085 timorem‚
1380 1046 1438 1076 sed
1455 1054 1573 1076 revera
1587 1044 1764 1077 timebant.

1063 1099 1209 1137 Vulgata
1236 1097 1338 1128 lectio
1364 1102 1417 1128 est
1433 1096 1572 1137 optima.
1618 1095 1679 1127 Ait
1693 1096 1765 1127 Cae-

1063 1158 1116 1179 sar
1129 1151 1328 1188 arroganter
1343 1146 1471 1185 facere,
1496 1146 1550 1187 qui
1576 1145 1688 1177 timori
1704 1154 1766 1177 suo

1064 1197 1294 1228 frumentariae
1310 1197 1357 1227 rei
1373 1202 1407 1227 et
1420 1196 1578 1226 itinerum
1593 1195 1766 1236 angustias

1064 1248 1261 1279 obtendant.
1318 1247 1404 1278 Nam
1432 1246 1515 1278 illud
1542 1247 1767 1278 simulationem

1066 1298 1181 1329 Caesar
1196 1297 1373 1338 distinguit
1400 1297 1442 1328 ab
1469 1307 1504 1328 re
1529 1297 1613 1337 ipsa,
1630 1302 1665 1328 et
1681 1297 1768 1328 dicit

1066 1348 1222 1378 simulare
1239 1358 1295 1379 eos
1325 1349 1373 1379 rei
1391 1347 1623 1379 frumentariae
1647 1357 1767 1389 angus-

1067 1399 1143 1436 tias,
1159 1398 1214 1428 nbi
1236 1399 1336 1429 nullae
1363 1398 1440 1429 sint.
1487 1398 1610 1429 Potest
1636 1408 1768 1440 quoque

1067 1448 1100 1479 ἓν
1125 1449 1174 1479 διὰ
1199 1450 1281 1479 δυοῖν
1307 1458 1401 1480 esse:
1430 1453 1467 1479 ut
1490 1450 1499 1466 ‘
1518 1449 1767 1481 simulationem

1067 1499 1115 1530 rei
1128 1499 1389 1537 1⁴1·m11enta1·ia3;'
1406 1504 1441 1529 et
1459 1499 1637 1530 ‘itinerum
1650 1509 1771 1540 angus-

1068 1549 1153 1586 tias‚'
1170 1549 1264 1580 dicat
1287 1558 1348 1589 pro
1371 1549 1542 1580 simulatas
1557 1550 1605 1580 rei
1622 1549 1769 1581 frumen—

1069 1599 1163 1629 tariae.
1192 1604 1227 1629 et
1251 1598 1380 1629 itineris
1405 1599 1591 1639 angustias.
1646 1601 1702 1632 sic
1727 1601 1768 1631 Β.

1069 1649 1112 1680 G.
1128 1658 1194 1678 vu.
1211 1651 1264 1679 26.
1288 1649 1296 1664 ‘
1315 1654 1434 1679 natura
1449 1653 1485 1680 et
1501 1649 1620 1681 virium
1635 1650 1770 1682 iufirmi-

1070 1699 1143 1739 tas‚'
1161 1708 1221 1739 pro
1241 1692 1382 1730 ἀσθένεια
1402 1700 1458 1736 τῆς
1472 1698 1600 1739 φύσεως.
1636 1700 1770 1732 Vossius.

1070 1750 1212 1780 Hotom.
1228 1750 1345 1780 mallet
1360 1750 1570 1791 difficultatem
1591 1760 1771 1791 perperam

1073 1809 1119 1830 ιἰ.
1137 1804 1167 1831 S.
1184 1804 1192 1817 ⁸
1206 1801 1294 1831 Usus
1312 1801 1524 1831 simulatione
1540 1801 1696 1833 itineris!
1712 1802 1772 1833 ubi

1072 1850 1189 1881 itidem
1206 1851 1348 1881 Ursinus
1364 1851 1550 1891 reponebat
1565 1852 1706 1889 timoris;
1725 1851 1772 1883 sic

1073 1902 1114 1932 B.
1147 1902 1219 1933 Civ.
1248 1911 1288 1932 ιι.
1317 1905 1369 1932 35.
1405 1903 1413 1918 ‘
1438 1911 1499 1941 per
1526 1902 1773 1933 simulationem

1073 1952 1269 1983 vulnerum:
1299 1953 1340 1983 V.
1367 1952 1471 1983 etiam
1486 1953 1579 1984 Cort.
1608 1952 1649 1982 ad
1680 1952 1771 1984 Plin.

1076 2003 1138 2042 Ep.
1161 2006 1268 2033 ιἰι.9.
1287 2006 1315 2033 8.
1339 2004 1347 2018 ⁴
1367 2001 1633 2043 descriptionum
1657 2012 1773 2036 neccs-

1073 2052 1176 2083 sitas.¹

1117 2106 1158 2133 30
1186 2103 1225 2133 Εἰ
1247 2101 1462 2143 prffscribcrc]
1485 2103 1568 2133 Cum
1588 2112 1774 2143 pronomen

1074 2163 1140 2184 non
1158 2158 1320 2193 agnoscat
1337 2153 1422 2183 ullus
1435 2162 1583 2183 meorum
1595 2152 1773 2191 Codicum,

1074 2213 1184 2244 neque
1211 2202 1297 2233 Edd.
1325 2203 1490 2242 antiqu-1125
1519 2202 1619 2243 jussi,
1645 2207 1683 2233 ut
1707 2211 1774 2233 nou

1075 2253 1314 2292 necessarium,
1330 2253 1496 2283 exsulare.

1117 2306 1158 2334 40
1181 2303 1276 2334 Dicto
1291 2303 1450 2334 audientes
1466 2302 1594 2342 milites]
1611 2303 1775 2334 Ultimam

1077 2362 1193 2384 vocem
1219 2352 1334 2384 addidi
1364 2362 1405 2382 ex
1436 2353 1534 2383 editt.
1564 2352 1661 2383 Rom.
1687 2352 1776 2384 Ven-

1076 2402 1234 2433 Bcroald.
1264 2413 1338 2443 qua:
1371 2403 1471 2442 plane
1501 2402 1634 2433 videtur
1661 2412 1776 2434 neces-

1077 2453 1183 2492 saria;
1207 2453 1247 2483 ad
1264 2453 1434 2494 gregarios
1455 2453 1545 2483 enim
1566 2453 1688 2484 milites
1704 2453 1778 2484 haec

1077 2503 1184 2535 verba
1209 2513 1275 2534 non
1303 2502 1388 2533 fecit
1412 2503 1538 2540 Caesar,
1563 2507 1600 2533 ut
1623 2512 1665 2533 cx
1681 2502 1778 2534 initio

1077 2554 1214 2594 hujusce
1239 2553 1360 2594 capitis
1381 2553 1502 2593 liquet,
1524 2552 1565 2583 de
1589 2552 1711 2593 quibus
1727 2557 1778 2583 ta-

1078 2615 1155 2636 men
1181 2605 1315 2635 omnino
1341 2608 1420 2634 sunt
1449 2602 1671 2643 intelligenda
1701 2612 1778 2644 quae

1078 2659 1274 2696 sequuntur.
1297 2653 1410 2685 Datis.
1433 2654 1441 2668 ‘
1461 2653 1615 2684 Milites!
1647 2652 1775 2684 Vocem

1078 2705 1178 2746 hanc,
1204 2703 1237 2734 in
1264 2703 1437 2744 plerisque
1467 2702 1575 2735 Codd.
1612 2702 1781 2742 omissum,

1079 2760 1175 2788 recte
1203 2754 1355 2788 restituit
1385 2764 1427 2787 cx
1453 2753 1655 2797 quibusdam
1684 2753 1780 2786 Vett.
