1818 3131
372 189 463 218 mu.
498 187 540 217 v.
574 186 679 216 cli—1².
711 175 780 215 12.
817 185 879 214 nn
914 185 1069 217 annno
1102 188 1327 218 climaco.

122 287 266 325 uterque.
302 284 497 324 conjectura
533 291 590 313 sua
622 280 752 311 fretus:
792 279 826 309 in

123 335 229 366 Codd.
241 335 328 366 enim
339 335 439 365 aliter
448 336 621 363 exaratum
635 334 698 361 est.
715 329 826 360 Vossii

123 385 190 416 Ms.
207 384 308 415 habet
323 387 375 415 aul
391 393 462 421 aere,
475 384 541 421 aue,
555 381 602 420 (ut
616 380 714 410 editt.
726 379 825 410 Rom.

121 434 207 466 Vcn.
242 433 431 471 Beroald.,)
463 440 583 462 nummo
607 439 685 460 aereo
716 429 825 469 (aureo

123 484 206 515 Mas.
223 485 340 514 Brant.
359 486 393 513 et
412 481 550 512 Norvic.
581 489 656 511 cum
681 479 824 520 antiqui-

121 538 175 565 tus
192 532 308 569 editis)
321 534 374 562 aut
386 530 596 569 uliisserreis,
606 539 681 561 cum
694 530 727 560 in
740 539 825 570 prae—

120 582 220 614 dictis
237 582 317 612 Mss.
335 586 370 612 et
387 581 557 621 impressis
574 580 668 611 libris
690 580 824 620 legatur

120 632 311 664 autunnalis
327 632 458 670 ferreis.
505 632 646 663 Gabriel
664 631 824 671 Fa'e'rnus,

117 683 241 724 aliique
258 687 484 723 reposuerunt
496 686 549 714 aut
561 683 684 714 laminis
692 682 824 719 ferreis,-

117 733 244 774 absque
271 743 374 764 caiisa
399 734 538 765 sontica.
592 734 662 764 Nos
688 733 822 774 quidem

119 788 230 815 totum
257 784 365 814 locum
390 783 438 814 ita
464 782 680 815 scribendum
708 783 824 814 existi-

120 842 262 872 mamus,
291 833 428 864 Utuntur
452 837 506 864 aut
532 844 593 864 (ονε
619 837 672 864 aut
702 834 825 865 annulis

109 884 239 924 ferreis,
255 887 318 916 &c.
356 885 465 916 Voces
482 886 568 916 enim
581 889 635 916 aut
649 895 729 916 oereo
740 896 824 916 num-

119 945 167 966 mo
197 935 303 966 inanis
332 940 410 967 sunt
441 937 627 977 explicatio
657 937 713 966 τοῦ
741 946 824 972 nere,-

119 984 209 1025 quod
237 994 313 1016 cum
341 985 636 1025 deprehenderent
672 987 823 1018 nonnulli

119 1035 257 1075 librarii,
273 1036 483 1075 scripserunt
511 1040 563 1066 aut
585 1047 705 1067 nummo
721 1046 822 1067 aureo.

119 1085 324 1125 Perperam:
361 1094 448 1123 nam,
476 1091 707 1125 praeterquam
734 1085 824 1126 quod

118 1144 176 1166 eos
193 1143 326 1165 nummo
352 1145 454 1166 aureo
469 1145 547 1166 usos
565 1145 630 1166 non
649 1136 743 1176 qnasi
761 1136 825 1166 sin-

119 1185 235 1225 gulare
265 1185 392 1226 aliquid
428 1190 564 1217 notaret
594 1187 721 1226 Caesar,
752 1190 823 1217 tum

119 1236 279 1277 temporis
293 1245 408 1267 aurum
424 1237 460 1268 in
476 1237 653 1268 Britannia
667 1247 732 1268 non
747 1242 823 1268 erat

118 1286 302 1317 inventum.
347 1286 469 1317 Cicero
496 1287 607 1327 Epist.
633 1286 675 1317 ad
703 1287 824 1318 Famil.

122 1344 185 1367 vn.
201 1339 232 1366 7.
255 1337 264 1353 ‘
282 1336 323 1367 In
342 1336 523 1368 Britannia
538 1337 619 1367 nihil
634 1346 708 1368 esse
726 1336 825 1368 audio

119 1394 230 1426 neque
246 1385 329 1425 auri,
345 1394 454 1426 neque
471 1386 626 1426 argenti!
672 1386 769 1417 Idem
782 1387 824 1417 ad

121 1434 276 1466 Atticum
295 1443 342 1466 iv.
359 1437 409 1465 15.
432 1437 441 1451 ⁴
461 1435 549 1466 Illud
561 1436 631 1475 jam
653 1436 824 1477 cognitum

119 1491 186 1525 est,
220 1495 332 1526 neque
364 1487 498 1527 argenti
530 1488 724 1527 scrupulum
750 1496 825 1518 esse

119 1536 222 1566 ullum
238 1536 271 1566 in
286 1536 345 1567 illa
357 1536 476 1576 insula,
489 1545 599 1577 neque
613 1537 716 1567 ullam
729 1545 825 1576 spem

121 1584 260 1626 praedae,
295 1585 358 1616 nisi
390 1594 432 1615 ex
468 1585 669 1625 mancipiis.'
735 1585 824 1617 Haec

119 1635 221 1666 etiam
251 1635 434 1666 ostendunt
461 1645 599 1676 operam
625 1636 744 1667 lusisse
768 1637 822 1667 Fr.

120 1685 387 1726 Hotomannum‚
413 1686 470 1727 qui
500 1687 586 1727 legit
616 1691 669 1717 aut
698 1687 823 1717 minimo

118 1744 191 1775 ατε,
205 1738 260 1766 aut
284 1745 370 1774 auro,
394 1739 448 1766 aut
472 1735 596 1766 laminis
611 1735 744 1775 ferrei-§3
761 1739 822 1767 ὄις.

119 1794 162 1815 ex
175 1794 216 1816 eo
227 1785 316 1826 quod
326 1785 458 1816 Tacitus
472 1784 648 1825 scripserit
662 1785 693 1814 in
705 1784 821 1824 Agric.

117 1835 126 1850 ‘
145 1834 226 1866 Fert
242 1834 417 1865 Britannia
441 1843 557 1865 aurum
581 1838 617 1866 et
642 1839 821 1875 argentum

118 1890 155 1917 et
170 1885 236 1916 alia
253 1885 386 1916 metalla
401 1884 420 1922 ;’
444 1883 516 1915 fieri
533 1884 622 1915 enim
639 1889 767 1925 potest,
784 1890 822 1918 ut

118 1936 235 1968 horum
259 1934 384 1967 sodinae
403 1940 480 1976 post
497 1935 626 1968 dulium
643 1935 710 1966 sint
726 1944 821 1976 aper-

118 1990 176 2018 toe.
233 1985 421 2016 Fatendum
451 1990 564 2016 tamen
594 1989 655 2025 est,
684 1986 822 2016 Strabo-

119 2034 209 2076 n'ern,
241 2036 298 2077 qui
322 2035 476 2077 Augusto
511 2035 700 2076 imperante
725 2035 822 2075 vixit,

118 2086 208 2118 idem
233 2096 305 2117 esse
330 2091 489 2117 testatum
517 2086 646 2125 Geogr.
673 2086 693 2117 l.
711 2095 760 2116 lv.
786 2095 820 2126 p.

122 2139 195 2168 199.
247 2135 316 2167 Sed
352 2145 393 2167 eo
429 2137 534 2166 etiam
564 2136 735 2168 scribente
766 2146 820 2168 res

120 2191 295 2227 comperta
321 2196 395 2217 esse
427 2186 552 2226 potuit,
584 2195 660 2227 quae
691 2186 821 2227 priores

119 2236 216 2278 fugit.
264 2237 376 2267 Dacis.
431 2238 498 2267 Aut
524 2246 598 2275 oere,
619 2239 674 2266 aut
701 2237 823 2267 annulis

111 2286 239 2325 ferreis.
264 2287 363 2317 Hanc
380 2286 562 2317 lectionem
576 2296 653 2317 cum
670 2286 821 2318 doctissi-

120 2346 175 2369 mo
192 2337 335 2368 Davisio
351 2336 552 2376 amplector.
577 2336 660 2367 Mss.
679 2336 824 2377 variant,

120 2385 239 2418 foedati
257 2386 482 2428 glossematis,
505 2396 580 2427 quae
606 2397 648 2418 ex
671 2387 823 2428 margine

120 2433 346 2478 irrepserunt.
390 2438 543 2478 Scaliger
567 2437 688 2476 edidit,
710 2441 764 2468 aut
785 2449 825 2469 ιε-

122 2497 174 2518 mo
201 2491 257 2518 aut
276 2488 366 2519 taleis
382 2487 519 2526 ferreis.-
551 2489 612 2519 sed
635 2489 719 2520 Mss.
737 2489 823 2530 Reg.

119 2537 245 2569 Eliens.
272 2543 308 2570 et
332 2539 454 2578 Voss-ii,
471 2539 620 2577 habent;
651 2542 705 2570 aut
720 2549 826 2570 ‹tre—-

124 2590 177 2617 uut
200 2589 332 2619 annulis.
378 2589 520 2620 Graecus
537 2589 824 2627 ὶῐειη,δακτυλίοις.

123 2636 265 2668 Videtur
275 2639 426 2679 Scaliger
438 2640 528 2671 istud
542 2641 634 2671 taleis
647 2641 826 2672 excudisse

125 2695 170 2717 ex
185 2696 266 2718 voce
280 2689 365 2728 aliis,
381 2700 456 2731 quae
473 2690 506 2720 in
523 2691 722 2731 quibusdam
739 2692 826 2723 Mss.

127 2744 191 2776 pro
211 2738 329 2769 ancilis
343 2740 477 2782 ,scripta
496 2742 678 2782 reperitur.
725 2743 751 2774 F
754 2743 825 2774 aer-

1464 179 1483 217 1
1492 179 1576 220 085

877 289 937 311 nus
954 282 1105 322 reposuit
1121 283 1256 314 laminis.
1311 282 1453 316 Judicet
1468 284 1577 315 lector

877 330 1040 362 eruditus.
1087 333 1194 364 Clark.
1250 333 1376 364 Mirum
1392 334 1423 364 in
1439 333 1575 365 modum

875 380 928 410 hic
955 381 1092 412 turbant
1119 383 1197 414 libri
1214 388 1359 415 veteres.
1404 384 1473 415 Pro
1487 394 1577 424 cereo,

878 429 968 470 quod
993 430 1075 461 nihil
1099 441 1171 464 esse
1196 434 1363 472 existimo,
1380 434 1506 465 liabent
1529 438 1578 465 ta·

875 489 951 510 men
968 491 1029 511 oere
1048 481 1128 513 Mss.
1144 484 1208 513 mei
1225 493 1354 523 omnes,
1367 485 1400 515 ni
1417 483 1526 523 fallor,
1543 487 1578 515 et

876 530 961 560 Edd.
980 531 1135 563 Veteres,
1182 533 1275 564 Unus
1292 540 1327 565 et
1351 536 1437 566 alter
1461 534 1579 566 Codex

874 581 1014 612 aliorum
1046 583 1185 614 exhibet
1216 584 1362 625 quidem,
1410 589 1445 616 ue
1476 588 1577 616 antem

874 641 1092 672 nummoaereo,
1105 643 1180 664 cum
1199 634 1286 664 Edd.
1302 634 1392 673 Aldi,
1403 634 1578 675 Stephani,

874 682 1031 724 Gryphii,
1046 684 1198 725 aliisque.
1228 684 1295 716 Sed
1311 685 1375 715 hoc
1392 691 1509 716 natum
1525 690 1578 716 est

875 741 916 762 ex
929 742 980 773 eo,
996 733 1086 773 quod
1103 734 1201 764 multi
1219 734 1362 765 Codices
1377 734 1504 764 addant
1523 737 1577 765 aut

873 793 994 814 nummo
1008 794 1088 815 oereo
1113 785 1166 815 vel
1192 795 1286 816 aureo
1315 785 1386 815 sine
1411 784 1513 815 dubio
1535 794 1579 816 ex

875 833 998 865 Glossa
1025 835 1116 865 vocis
1142 836 1236 866 oen's:
1275 839 1382 867 autem
1408 845 1490 866 vero
1518 845 1579 876 pro

873 888 926 915 aut
944 885 1055 916 inveni
1073 886 1106 916 in
1123 886 1208 917 Mss.
1225 891 1370 927 septem,
1388 887 1478 918 inter
1495 896 1577 927 quos

874 935 1092 968 Petavianus.
1137 938 1310 978 Deinceps
1334 941 1389 969 out
1420 937 1492 968 aliis
1509 937 1578 975 ser-

873 986 935 1016 reis
960 991 1011 1016 est
1037 987 1069 1017 in
1095 988 1179 1018 Mss.
1197 988 1372 1028 quibusvis
1390 987 1581 1018 vetustiori-

873 1035 948 1073 bus,
963 1040 1000 1066 ut
1017 1036 1181 1077 Bongars.
1198 1047 1249 1077 pr.
1267 1046 1334 1068 sec.
1357 1037 1478 1068 Petav.
1495 1037 1579 1068 Vos-

873 1085 975 1115 sianis
992 1095 1043 1126 pr.
1062 1095 1131 1117 sec.
1158 1087 1255 1127 Egm.
1283 1092 1319 1118 et
1344 1086 1458 1118 Oxou.
1482 1091 1578 1118 certo

874 1134 1013 1174 indicio,
1040 1135 1249 1176 Scaligerum
1278 1137 1416 1177 egregie
1443 1137 1582 1168 restitu-

874 1184 939 1214 isse
956 1185 1056 1215 talez's.
1112 1185 1285 1226 Absorpta
1310 1190 1362 1217 est
1388 1186 1504 1217 littera
1526 1190 1539 1217 t
1561 1195 1581 1217 a

874 1233 995 1264 vocula
1011 1238 1087 1265 aut.-
1111 1235 1190 1275 quia
1204 1235 1286 1277 quid
1304 1241 1395 1267 esset
1407 1237 1501 1276 talea,
1512 1246 1579 1268 non

874 1283 1058 1323 capiebant
1073 1285 1215 1317 librarii.
1260 1286 1370 1317 Immo
1387 1286 1467 1327 quid
1485 1286 1580 1318 dubi-

877 1333 1040 1364 tandum?
1075 1335 1166 1366 taleis
1195 1335 1322 1367 diserte
1346 1336 1511 1376 scriptum
1532 1337 1581 1367 in-

877 1384 953 1414 veni
983 1385 1017 1415 in
1046 1386 1219 1426 excerptis
1247 1386 1331 1417 Msti
1360 1387 1580 1427 Scaligerani,

876 1433 1034 1465 Leidensi
1053 1435 1184 1475 primo3
1209 1436 1261 1466 uti
1276 1441 1312 1467 et
1326 1436 1361 1466 in
1374 1436 1578 1476 Cujacian03

876 1493 916 1514 ex
934 1493 999 1524 quo
1017 1484 1107 1515 edidi
1119 1488 1250 1516 utuntur
1265 1489 1320 1516 aut
1335 1496 1396 1517 oere
1410 1490 1467 1516 aut
1482 1485 1582 1525 taleis,

875 1534 908 1565 id
929 1539 995 1574 est,
1020 1535 1156 1574 laminis,
1170 1534 1325 1573 ἐλάσμασι
1349 1536 1406 1576 (V.
1423 1535 1536 1566 Strab.
1555 1535 1579 1565 l.

876 1594 932 1615 111.
963 1595 997 1625 p.
1026 1585 1117 1625 23³.)
1140 1586 1278 1624 ferreis:
1317 1586 1406 1627 quod
1437 1586 1581 1624 addidit,

876 1636 955 1676 quia
970 1636 1106 1676 proprie
1122 1637 1205 1668 talea
1219 1642 1269 1668 est
1284 1646 1302 1668 e
1315 1637 1418 1677 ligno.
1443 1646 1508 1668 vn.
1526 1639 1579 1668 73.

874 1686 883 1701 ‘
901 1686 1017 1716 Taleae
1045 1686 1164 1726 pedem
1191 1687 1300 1727 longae
1331 1686 1450 1718 ferreis
1472 1687 1579 1717 hamis

874 1734 984 1766 infixis
998 1735 1018 1766 :’
1044 1735 1100 1766 ubi
1117 1736 1220 1767 etiam
1238 1737 1320 1767 Mss.
1335 1740 1365 1768 et
1378 1737 1461 1778 alioe,
1474 1737 1580 1768 talioe:

874 1794 1018 1826 eamque
1035 1795 1151 1817 vocem
1168 1787 1413 1818 restituendam
1431 1787 1579 1818 arbitror

874 1835 1002 1875 Nepoti
1020 1836 1054 1866 in
1071 1836 1172 1867 Paus.
1187 1845 1214 1867 c.
1232 1839 1262 1868 3.
1278 1839 1286 1853 ‘
1303 1837 1433 1876 legatos
1447 1836 1489 1867 ad
1501 1846 1578 1868 eum

874 1894 949 1916 cnm
967 1886 1058 1916 talea
1073 1886 1260 1917 miserunt.’
1318 1887 1403 1917 Mss.
1420 1886 1507 1917 enim
1523 1887 1580 1917 ha-

873 1935 957 1967 bent
973 1937 1055 1977 lana,
1067 1937 1184 1977 lancea,
1196 1938 1301 1969 clava:
1334 1937 1434 1977 vulgo
1460 1939 1579 1977 scytala

873 1995 892 2016 e
907 1985 1041 2016 Graecis
1063 1987 1271 2018 auctoribus.
1326 1987 1440 2020 Quare
1465 1992 1580 2018 errant

875 2036 947 2066 viri
964 2036 1067 2076 docti,
1081 2037 1136 2078 qui
1152 2038 1345 2069 existimant
1363 2039 1434 2069 aliis
1447 2038 1479 2069 in
1494 2039 1580 2069 Mss.

873 2093 1071 2129 corruptum
1088 2099 1162 2120 esse
1189 2098 1230 2119 ex
1256 2089 1381 2125 anuli-⁹5
1414 2088 1464 2120 uti
1483 2089 1582 2121 aliter

873 2139 959 2169 solet
976 2139 1077 2170 scribi
1094 2148 1154 2179 pro
1170 2139 1314 2176 annulis,·
1337 2150 1413 2181 quae
1431 2149 1494 2171 vox
1511 2150 1579 2171 non

874 2194 1000 2228 exstat,
1018 2189 1082 2220 nisi
1099 2190 1132 2220 in
1150 2190 1260 2221 Codd.
1277 2189 1537 2221 recentioribus.

917 2242 957 2270 10
983 2240 1046 2270 Pro
1063 2239 1203 2280 nummo]
1235 2240 1377 2271 Invenio
1393 2240 1427 2271 in
1444 2240 1508 2272 Ed.
1525 2241 1582 2272 El-

874 2290 975 2321 zevir.
988 2299 1045 2330 pro
1061 2300 1200 2330 numero,
1214 2295 1333 2322 contra
1350 2291 1436 2322 Mss.
1455 2299 1581 2329 omnes,

873 2344 1022 2379 excepto
1034 2340 1130 2371 Leid.
1149 2344 1230 2372 tert.
1275 2340 1316 2371 In
1334 2340 1406 2371 aliis
1422 2339 1510 2372 Edd.
1528 2340 1579 2371 uti

874 2393 910 2420 et
924 2389 1080 2430 Lugdun.
1099 2390 1229 2428 ultima,
1243 2395 1344 2431 atque
1359 2389 1447 2421 Edd.
1462 2389 1580 2431 primis

875 2443 927 2470 est
940 2449 995 2479 pro
1011 2441 1152 2471 nummis.
1206 2441 1247 2472 In
1271 2441 1355 2472 Mss.
1383 2439 1519 2472 Andino
1542 2444 1577 2471 et

875 2489 987 2521 Oxon.
1003 2490 1076 2522 haec
1093 2491 1159 2522 duo
1171 2491 1275 2522 verba
1288 2501 1354 2523 non
1370 2495 1577 2532 comparent.

875 2540 1001 2571 Verum
1029 2541 1136 2572 ceteri
1160 2542 1243 2573 Mss.
1261 2551 1387 2580 omnes,
1404 2546 1472 2572 tam
1497 2541 1579 2570 alio-

876 2600 962 2630 rum,
985 2601 1083 2633 quam
1099 2593 1164 2623 mei
1181 2597 1216 2623 et
1233 2592 1386 2633 plerique
1407 2589 1494 2622 Edd.
1521 2599 1578 2619 ex-

875 2641 993 2673 hibent
1008 2652 1128 2674 nummo
1155 2653 1215 2674 seu
1244 2653 1333 2673 numo
1345 2653 1355 2671 :
1391 2641 1478 2671 unde
1506 2649 1579 2670 cor-

877 2696 1013 2731 ruptum
1029 2703 1162 2724 numero.
1207 2691 1292 2722 Ἀντὶ
1307 2690 1454 2728 νομισμοῦ
1468 2689 1578 2719 Meta—

878 2741 1043 2782 phrastes.
1102 2743 1189 2774 Vide
1217 2742 1258 2773 ad
1290 2751 1323 2782 p.
1351 2743 1425 2772 220.
1447 2742 1456 2756 ‘
1473 2748 1575 2771 naves
