1818 3131
228 181 342 223 1086

225 285 389 327 deligatas
405 284 446 315 ad
464 280 669 315 anchoram!

267 335 433 367 Plumbum
447 333 563 373 album]
591 333 767 364 stannum.
813 331 930 363 Κασσί-

224 397 319 426 τερος.
364 385 451 414 Vide
481 382 632 414 Plinium
658 382 705 414 H.
730 382 775 414 N.
800 390 929 414 xxxvi.

229 439 279 468 16.
326 433 436 466 Ducis.

268 494 351 516 xm.
373 487 389 515 l
416 483 522 515 Insula
536 487 649 515 natura
664 483 832 525 triquetra]
877 484 929 514 Ex

224 540 385 568 accurata
402 535 464 566 hac
485 535 670 566 Britannia:
699 534 929 574 descriptione

224 591 336 625 erant,
353 586 410 626 qui
425 586 625 625 colligerent
638 586 739 617 hosce
754 586 930 616 Commen-

225 638 329 670 tarios
360 647 426 669 non
454 648 526 670 esse
558 638 713 677 Caesaris,
743 648 832 676 cum,
866 637 930 667 nisi

225 687 368 720 Claudio
399 689 603 730 imperante,
644 698 710 719 non
738 687 931 719 constiterit

223 743 334 770 utrum
352 739 461 770 insula
478 739 581 770 fuerit
606 748 725 770 necne.
787 738 879 769 Dion
909 738 930 768 l.

225 796 358 820 xxxix.
385 799 417 830 p.
434 793 506 821 114.
529 791 598 821 Τοῖς
623 789 680 827 μὲν
702 788 781 819 πάνυ
803 788 932 828 πρώτοις

224 839 273 869 καὶ
288 840 448 876 Ἑλλήνων
460 840 509 870 καὶ
526 839 679 873 Ῥωμαίων
694 839 754 869 οὐδ’
773 839 820 869 ὅτι
836 838 932 878 ἐστὶν,

226 890 445 928 ἐγιγνώσκετο·
462 891 527 920 τοῖς
545 889 578 920 δὲ
595 889 712 926 ἔπειτα,
730 889 760 920 ἐς
775 889 933 928 ἀμφισβή-

223 950 326 979 τησιν,
355 940 417 970 εἴτε
443 940 565 979 ἤπειρος
593 940 655 970 εἴτε
681 939 732 969 καὶ
759 941 851 976 νῆσος
877 939 935 980 εἴη,

226 990 565 1031 ἀφίκετο-Προϊόντος
597 989 630 1021 δὲ
660 990 698 1027 δὴ
724 990 780 1020 τοῦ
809 989 934 1030 χρόνου,

225 1039 372 1079 πρότερόν
383 1053 420 1071 τε
437 1041 482 1071 ἐπ’
494 1039 677 1080 Ἀγρικόλου
688 1040 935 1081 ἀντιστρατήγου

225 1091 275 1121 καὶ
292 1092 344 1121 νῦν
369 1091 418 1121 ἐπὶ
443 1091 582 1131 Σεβήρου
606 1090 828 1131 αὐτοκράτορος
843 1093 935 1127 νῆσος

225 1139 303 1172 οὖσα
319 1143 425 1181 σαφῶς
442 1141 642 1180 ἐλήλεγκται.
687 1141 774 1172 Vide
790 1146 825 1171 et
840 1141 935 1171 Taci-

226 1197 297 1222 tum
327 1192 359 1222 in
386 1192 502 1231 Agric.
532 1202 562 1224 c.
590 1195 641 1223 10.
700 1191 767 1222 Sed
794 1191 868 1222 brec
892 1200 934 1222 ex

226 1241 317 1272 sama
332 1241 454 1273 didicit
484 1243 610 1282 Coesar,
634 1247 672 1274 ut
699 1246 734 1273 et
761 1242 832 1279 illa,
859 1252 934 1283 quae

226 1291 269 1322 de
287 1292 505 1324 interioribus
534 1293 710 1324 Britannis
737 1292 869 1331 scribit,
892 1293 933 1323 ad

225 1351 283 1372 eos
307 1342 398 1373 enim
415 1352 586 1383 nunquam
603 1343 818 1383 penetravit3
845 1343 934 1374 unde

226 1390 370 1430 factum,
398 1396 436 1422 ut
463 1391 673 1432 Pomponius
703 1392 798 1422 Mela
821 1401 876 1423 ιιι.
901 1395 933 1424 6.

226 1440 439 1472 Britanniam
458 1442 596 1472 tandem
619 1446 774 1482 apertam
793 1441 935 1473 Claudio

228 1491 430 1530 gratuletur.
470 1491 582 1522 Danis.
628 1491 669 1522 In
686 1491 853 1531 Egmond.
871 1492 935 1523 Co-

225 1539 303 1570 dice
322 1540 484 1581 scriptum
502 1546 555 1572 est
572 1541 686 1572 Insulae
701 1544 824 1572 natura.
849 1541 935 1572 Sane

226 1590 425 1631 neutiquam
443 1592 529 1622 male
555 1592 596 1622 B.
612 1592 653 1622 G.
671 1601 695 1622 1.
713 1595 766 1623 21.
790 1593 798 1608 ‘
815 1593 934 1625 Quaiis

226 1646 318 1671 esset
349 1646 467 1672 natura
492 1641 649 1672 montisz’
689 1651 755 1682 quo
786 1652 828 1673 ex
859 1642 935 1673 loco

228 1691 369 1732 aliisque
399 1692 449 1732 (in
480 1692 600 1732 quibus
627 1696 696 1722 tuni
722 1692 811 1732 apud
837 1693 934 1732 alios,

228 1746 297 1772 tinn
315 1747 467 1773 nostrum
485 1742 606 1774 crebro
623 1742 774 1773 occurrit
797 1742 855 1773 loci
880 1753 936 1773 na·-

227 1792 316 1832 tura)
332 1798 431 1832 patet
447 1801 578 1823 errasse
592 1793 699 1823 vii-nm
716 1793 865 1831 doctum,
876 1794 933 1834 qui

227 1842 405 1881 legendum
420 1843 622 1883 essefigura,
637 1843 687 1872 sni
704 1842 831 1873 codicis
849 1853 933 1873 mar-

228 1890 298 1930 gini
328 1891 514 1922 adlevemt.
579 1891 774 1922 Notandum
805 1898 933 1930 autem,

227 1941 259 1971 in
277 1941 400 1973 Petav.
417 1941 581 1982 Scaliger.
596 1947 630 1971 et
646 1941 740 1972 Leid.
759 1952 811 1982 pr.
826 1943 933 1974 Codd.

228 1991 328 2021 scribi
347 1991 520 2031 triquadra,
545 1992 577 2022 id
604 1997 668 2030 est,
694 1991 875 2032 triquetra,
900 1993 935 2024 in

229 2046 298 2073 tres
329 2043 472 2083 quadras
502 2043 674 2073 distincta.
736 2043 822 2074 Nam
854 2043 933 2074 inde

227 2091 364 2123 formari
399 2103 515 2123 vocem
544 2094 672 2124 volunt.
729 2094 796 2125 Sed
823 2093 935 2125 Sicilia

228 2143 391 2182 triquetra,
407 2152 472 2173 non
497 2143 658 2182 triquadra
683 2143 819 2174 dicitur.
865 2144 934 2175 Cur

228 2202 308 2223 vero
326 2193 478 2232 Scaliger
495 2203 572 2223 mox
589 2203 690 2224 omncs
706 2202 782 2225 cum
800 2193 934 2225 Carrar.

229 2242 312 2273 eod.
328 2243 485 2282 ejecerit,
502 2248 535 2274 et
554 2248 632 2283 post
649 2254 724 2274 eum
742 2250 935 2285 sequentes,

228 2292 425 2323 subodorari
444 2302 588 2334 nequeo.
646 2295 754 2325 Recte
772 2295 852 2326 Mss.
869 2296 935 2326 mei

230 2343 357 2381 cuncti,
375 2349 409 2373 et
425 2344 512 2374 Edd.
531 2345 709 2381 Vett.,sere
725 2355 846 2376 omnes:
870 2356 937 2387 qua

229 2393 408 2424 verborum
448 2395 689 2434 conjunctione
727 2396 810 2426 nihil
845 2397 935 2436 apud

230 2448 383 2475 nostrum
401 2449 451 2475 est
469 2445 623 2476 crebrius
640 2456 647 2475 ι
684 2456 713 2477 c.
739 2449 792 2478 23.
818 2447 826 2463 ⁴
846 2447 936 2477 Reli-

231 2503 306 2534 quae
322 2492 392 2525 sere
408 2504 524 2525 omnes
538 2495 558 2525 z’
583 2506 613 2526 c.
628 2499 680 2527 53.
707 2498 715 2512 ‘
732 2506 847 2527 omnes
861 2496 935 2528 fere

231 2543 389 2575 civitates
405 2544 426 2574 :¹
450 2554 513 2576 vir.
535 2548 584 2576 10.
603 2551 638 2577 et
655 2548 855 2579 sexcenties,

272 2597 292 2624 4
332 2595 401 2626 Hoc
426 2596 507 2626 lalus
533 2599 614 2626 tenet
645 2606 664 2628 c
696 2597 797 2636 milia]
849 2599 934 2630 Mss.

231 2644 319 2685 Reg.
337 2646 464 2677 miens.
482 2651 518 2678 et
531 2647 655 2685 Vossii,
669 2652 704 2678 et
721 2648 934 2681 Edunvett.

228 2695 283 2724 hoc
299 2695 387 2735 (scil.
405 2696 511 2736 latus)
531 2698 680 2737 pertinet.
727 2698 812 2730 Qua>
831 2699 934 2730 lectio

231 2743 307 2774 l'crri
327 2756 462 2788 quoque
487 2747 606 2788 possit.
654 2748 760 2779 Clark.
815 2748 936 2789 Vulga-

684 187 826 218 NOTAE
869 185 1130 218 VARIORUM
1172 188 1220 218 IN

980 285 1050 313 turn
1067 285 1205 313 servant
1221 280 1342 322 anac.
1357 281 1483 321 Scalig.
1508 279 1604 312 Leid.
1629 290 1692 322 pr..

979 336 1016 363 et
1032 332 1145 364 Oxon.
1170 332 1234 363 nisi
1251 331 1341 372 quod
1359 332 1413 362 ille
1429 340 1506 362 cum
1521 330 1585 362 Ed.
1603 330 1693 369 Ald„

980 382 1038 414 det
1055 383 1170 423 Hnjus,
1193 383 1291 414 male.
1339 382 1485 413 Continet
1502 391 1586 413 unus
1602 381 1690 422 Lip-·

980 434 1034 473 sii,
1061 434 1149 475 quod
1167 434 1271 465 voluit
1288 439 1322 464 et
1339 433 1432 465 Leid.
1451 437 1530 463 tert.
1555 432 1590 462 in
1614 440 1695 473 quor

977 485 1180 515 continenter.
1227 484 1379 515 Proet'ero
1396 484 1580 523 vulgatum,
1592 481 1696 523 quod·

981 539 1018 565 et
1034 540 1241 574 receperunt
1256 536 1395 566 Vascos.
1412 532 1695 574 Grypliius,Ste-.

982 585 1121 624 manus,
1138 585 1273 625 aliique.
1692 610 1696 618 .

1023 638 1044 664 6
1068 634 1239 674 Hibernia]
1276 635 1362 666 Mss.
1377 635 1492 676 Cujac.
1508 634 1635 675 Scalig.
1649 636 1687 666 et

982 683 1142 714 Leidens.
1168 684 1265 724 prim.
1290 684 1420 716 addunt
1437 685 1563 716 Insula:
1595 684 1687 726 qnod

982 742 1044 774 pro
1060 734 1205 765 Caesaris
1220 734 1466 775 perspicuitate
1482 734 1585 766 credo
1601 735 1696 771 inse·,

982 784 1124 815 rendum
1141 795 1227 816 esse.
1263 784 1408 816 Addidit
1421 785 1525 816 etiam
1541 784 1686 817 Graecus

980 834 1110 875 Ἱβερνία
1135 835 1309 874 καλουμένη
1335 837 1436 872 νῆσος.
1487 835 1579 866 Dein
1602 836 1694 867 testi-1

982 890 1086 917 matur
1102 887 1235 927 reposui
1253 897 1295 917 ex
1312 887 1394 917 Mss.
1418 895 1552 926 novem,
1567 886 1600 917 in
1617 887 1691 927 qni-

984 937 1046 968 bus
1065 937 1162 969 Leid.
1181 937 1277 978 prim.
1295 943 1396 978 atque
1421 937 1508 969 Edd.
1530 937 1688 978 primitus

983 987 1085 1018 cusis.
1129 987 1239 1027 Spatii
1255 987 1345 1017 enim
1360 986 1526 1018 oestinmtio
1550 987 1690 1027 proprie

984 1036 1120 1076 dicitur,
1145 1037 1194 1068 nti
1222 1037 1395 1076 ponderis.
1450 1036 1542 1068 Plin.
1565 1046 1629 1068 vn.
1656 1041 1688 1068 l.

984 1089 993 1104 ‘
1012 1088 1236 1118 aestiinatione
1254 1092 1431 1118 nocturnae
1447 1087 1571 1128 quietis
1591 1087 1691 1118 dimi-

984 1138 1040 1168 dio
1068 1138 1210 1178 quisque
1237 1137 1347 1177 spatio
1375 1137 1453 1168 vitae
1481 1147 1550 1168 suae
1579 1136 1688 1169 vivit!

985 1197 1034 1219 vl.
1054 1191 1102 1218 19.
1121 1193 1156 1219 et
1171 1189 1210 1219 B.
1228 1189 1299 1219 Civ.
1318 1197 1341 1218 1.
1357 1191 1410 1219 87.
1436 1189 1445 1205 ‘
1464 1189 1690 1221 aestimatione

984 1237 1099 1269 facta.'
1147 1239 1202 1268 De
1220 1238 1282 1268 boc
1300 1238 1403 1269 verbo
1418 1238 1473 1269 adi
1502 1238 1544 1269 ad
1571 1248 1613 1270 11.
1637 1241 1689 1271 17.

986 1289 1045 1319 Bis
1063 1290 1178 1320 statim
1198 1290 1351 1331 sequitur
1367 1291 1559 1322 existimare.

1028 1342 1048 1370 9
1073 1340 1111 1370 In
1126 1341 1181 1371 hoe
1196 1341 1295 1371 medio
1319 1351 1411 1372 cursu
1427 1345 1472 1372 est
1489 1342 1600 1381 insula,
1623 1351 1692 1381 quw

985 1390 1156 1429 appellatur
1186 1390 1299 1431 Mona]
1343 1390 1447 1431 Apud
1482 1390 1693 1423 Jornandem

987 1445 1149 1480 corrupte
1177 1441 1317 1472 Memma
1343 1440 1468 1481 legitur
1495 1449 1557 1480 pro
1573 1441 1691 1476 Mona.-

987 1489 1077 1530 quod
1095 1489 1210 1530 Lipsio
1228 1500 1361 1532 quoque
1380 1490 1596 1522 observatum
1613 1496 1693 1532 post

986 1540 1257 1572 emendationem
1284 1540 1503 1572 advertimus.
1548 1541 1598 1574 At
1618 1542 1692 1574 Ho-

987 1591 1135 1621 tomanni
1166 1595 1340 1632 stuporem
1369 1591 1482 1622 mirari
1517 1592 1599 1623 satis
1633 1602 1692 1624 ne-

987 1651 1086 1682 queo,
1111 1642 1167 1682 qui
1193 1651 1270 1672 cum
1295 1642 1384 1682 apud
1410 1643 1546 1674 Florum
1561 1651 1618 1673 111.
1638 1645 1693 1673 10.

987 1692 1127 1732 legisset
1144 1692 1186 1723 de
1208 1692 1364 1724 Caesare:
1399 1695 1407 1710 ‘
1426 1693 1466 1724 In
1479 1693 1692 1725 Britanniam

987 1743 1112 1774 transit
1138 1743 1224 1773 inira
1248 1744 1451 1774 celeritate:
1487 1743 1613 1785 quippe
1633 1743 1695 1784 qui

987 1793 1090 1822 tertia
1114 1793 1231 1832 vigilia
1248 1794 1384 1824 'Morino
1407 1795 1563 1826 solvisset
1579 1804 1599 1825 a
1616 1803 1693 1836 por-

986 1846 1034 1880 tu,
1058 1841 1167 1872 minus
1197 1852 1297 1883 quam
1324 1843 1436 1874 medio
1462 1843 1517 1874 die
1549 1844 1694 1875 insulam

986 1891 1155 1931 ingressus
1171 1898 1225 1923 est
1240 1891 1259 1922 ε’
1298 1893 1372 1924 liaec
1399 1893 1533 1933 inquam
1551 1903 1630 1926 cum
1645 1894 1694 1925 le-

987 1941 1102 1982 gisset,
1118 1952 1183 1973 non
1211 1943 1386 1974 dubitavit
1413 1953 1474 1983 pro
1492 1943 1618 1975 Morino
1641 1953 1692 1976 rc.

986 1993 1135 2024 scribere
1154 1994 1294 2034 Monino,
1319 1999 1355 2024 et
1379 1998 1479 2033 putat
1499 1995 1624 2034 respici
1648 1995 1692 2028 ad

986 2042 1126 2073 Monam
1153 2043 1306 2074 insulam.
1352 2043 1495 2084 Nequeo
1523 2044 1605 2075 satis
1631 2046 1692 2076 mi-

986 2093 1054 2123 rari
1081 2093 1313 2125 doctissimum
1342 2093 1451 2125 virum
1483 2093 1574 2126 foede
1607 2095 1694 2127 adeo

986 2143 1037 2173 sui
1053 2143 1197 2174 oblitum
1214 2154 1299 2176 esse.
1350 2145 1485 2176 Vossius.
1537 2145 1609 2176 Diu
1625 2150 1692 2185 est,

985 2203 1026 2223 ex
1043 2203 1107 2234 qno
1121 2194 1209 2226 bunc
1233 2195 1288 2226 Fr.
1307 2194 1515 2226 Hotomanni
1541 2205 1692 2228 errorem

986 2243 1117 2274 notavit
1136 2244 1182 2275 Is.
1201 2244 1420 2276 Casaubonus
1448 2249 1520 2276 not.
1538 2245 1580 2276 ad
1597 2246 1694 2277 Stra-

987 2292 1082 2323 bonis
1100 2294 1121 2325 Ι.
1137 2303 1186 2326 iv.
1203 2304 1236 2335 p.
1254 2297 1306 2326 93.
1340 2295 1454 2326 Datis.
1500 2295 1588 2327 Vide
1602 2305 1693 2327 com·

985 2345 1170 2376 mental-ios
1188 2346 1230 2376 ad
1249 2346 1396 2378 Florum.

1030 2398 1069 2426 10
1095 2395 1246 2436 Objectae]
1291 2397 1374 2427 Mss.
1402 2398 1487 2437 Reg.
1513 2396 1637 2428 Eliens.
1655 2400 1692 2428 et

985 2446 1099 2476 Vossii
1116 2452 1151 2477 et
1168 2447 1254 2478 Edd.
1271 2447 1368 2478 Vett.
1385 2446 1537 2485 subjectae.
1581 2446 1691 2478 Clark.

986 2495 1136 2534 Sulgjectae
1162 2506 1181 2527 e
1208 2497 1276 2528 suis
1298 2505 1432 2537 quoque
1455 2495 1604 2526 malebat
1620 2495 1692 2527 Ho-

987 2551 1175 2583 tenuimus,
1192 2551 1226 2576 et
1243 2546 1292 2576 ita
1308 2555 1383 2576 cum
1412 2545 1494 2576 Mss.
1514 2544 1692 2577 Editiones

987 2596 1170 2636 pleraeque.
1217 2597 1292 2628 Quo
1316 2600 1494 2626 notaretur
1523 2595 1594 2635 ejus
1619 2595 1691 2629 Mo*

985 2656 1036 2677 nae
1051 2646 1258 2687 propinquas
1283 2654 1368 2685 esse,
1384 2649 1420 2676 et
1445 2645 1539 2686 quasi
1557 2645 1599 2676 ad
1615 2653 1691 2678 eam

986 2698 1170 2738 pertinere.
1225 2698 1266 2729 B.
1296 2697 1371 2729 Civ.
1399 2705 1455 2727 111.
1480 2700 1533 2727 79.
1554 2699 1563 2714 ⁴
1582 2697 1693 2730 Heras»

985 2748 1071 2788 elea,
1104 2758 1176 2789 quae
1207 2747 1365 2788 subjecta
1398 2751 1449 2778 est
1480 2745 1688 2779 Candaviael
