1818 3131
263 195 374 237 1:300

302 307 415 329 xxvii.
432 300 450 328 4
468 297 519 328 Ad
529 295 681 326 aux-ilium
698 294 836 327 Duratio
852 294 959 332 seren-

260 350 346 389 dum]
383 347 530 378 Subesse
556 345 709 376 mendosi
736 345 829 386 quid,
853 345 961 376 Μετο-

259 410 330 430 rum
347 397 495 428 varietas
511 395 661 427 indicare
676 396 824 427 videtur.
872 397 958 427 Ausc-

260 450 313 478 ilia
338 446 458 486 scalig.
483 447 523 475 ad
558 446 671 476 auxilii
703 446 824 476 Durati
849 446 956 486 Bong.

261 508 311 537 pr.
348 496 466 527 Durati
503 495 605 526 etiam
631 497 739 535 Boug.
771 506 839 527 sec.
870 497 958 527 Scal.

262 545 354 578 Leid.
372 556 424 587 pr.
448 546 547 577 Voss.
571 556 620 587 pr.
646 556 714 578 sec.
731 547 812 578 item
835 547 956 577 Petav.

264 598 297 627 iu
323 607 388 638 quo
409 596 577 635 ferendum
604 597 734 628 Durati.
772 598 847 628 Non
872 597 958 626 male

263 647 457 688 suspicatur
488 647 668 686 Grutcrug
689 647 855 684 serendum
885 655 958 676 esse

262 696 527 737 subposititium.
594 697 660 727 Sed
705 696 815 726 soi-san
849 695 958 734 majus

260 748 354 778 ulcus
371 747 510 787 latet‚et
525 746 770 778 restituendum
787 747 826 775 ml
839 745 960 775 auxilia

262 797 410 828 Duratio.
455 799 510 829 De
534 798 657 837 plurali
681 797 798 826 auxilia
814 795 892 825 vide
917 795 959 826 ad

261 858 273 878 x
288 858 311 879 ι.
328 842 358 879 8.
377 849 419 879 de
435 849 566 880 Dativo
584 848 625 878 ad
644 857 677 879 v.
691 850 744 878 ⁴8.
767 848 776 864 ‘
805 849 959 878 Commu-

258 898 307 928 nis
324 898 443 928 salutis
456 897 639 928 auxilium!

301 950 321 977 6
347 947 390 977 Et
407 947 579 977 Romanum
598 950 762 977 externum
784 957 809 977 s.
831 947 961 988 hostem]

259 995 313 1026 Sic
331 995 465 1036 quidem
482 996 634 1036 reposuit
650 997 814 1036 Scaliger,
830 1006 871 1026 ex
890 997 960 1027 Ho-

260 1046 408 1077 tomanni
443 1046 624 1083 sententia,
661 1052 697 1076 et
734 1045 961 1087 suffragantur

261 1095 349 1126 And.
368 1096 481 1127 Oxou.
500 1096 612 1127 Palat.
631 1105 670 1126 ac
694 1096 839 1127 Dorvill.
856 1096 960 1127 ΕΜ.-

260 1155 326 1185 que
345 1146 439 1176 Rom.
457 1146 542 1175 Von.
557 1145 697 1185 aliaeque
712 1145 839 1184 priinae.
874 1146 959 1176 Mss.

260 1194 381 1235 reliqui
404 1200 440 1226 et
463 1194 548 1226 Edd.
573 1201 699 1225 ceterae
718 1195 847 1225 addunt
862 1198 892 1225 et
906 1205 959 1225 ex·

259 1249 392 1275 ternum.
432 1244 528 1276 Leid.
545 1253 595 1283 pr.
615 1254 653 1274 ac
679 1244 767 1274 Scal.
788 1247 817 1275 et
836 1244 878 1275 R.
894 1244 959 1275 hos-

257 1298 318 1324 tem
341 1297 370 1323 et
393 1297 458 1323 ext.
475 1296 550 1322 sust.
611 1293 800 1322 Beroaldus
823 1293 960 1333 legebat

262 1347 292 1373 «rt
311 1343 351 1373 R.
367 1347 395 1373 et
411 1342 594 1378 eccm-citum,
613 1342 632 1372 i.
657 1351 687 1372 e.
715 1342 956 1373 exercitatum:

259 1393 347 1433 quod
369 1402 448 1423 sane
464 1391 686 1422 confirmatur
703 1401 722 1421 a
742 1392 851 1431 Boug.
877 1397 959 1423 tert.

257 1446 429 1473 extremum
464 1442 561 1471 Gott.
593 1445 628 1471 et
653 1440 750 1471 Voss.
779 1446 858 1472 tert.
884 1451 959 1472 cum

258 1492 321 1524 Ed.
340 1492 413 1523 Ine.
454 1491 635 1523 Ciacconio
660 1490 822 1530 placebat
852 1491 959 1522 deleri

257 1545 287 1573 et
302 1542 486 1579 Romanum,
512 1546 684 1580 tamquam
696 1549 740 1570 ex
755 1539 959 1580 interpreta-

258 1592 348 1622 tione
366 1595 500 1621 natum:
519 1589 607 1631 quod
625 1589 704 1620 mibi
721 1598 787 1620 nou
798 1590 959 1630 displicet

257 1651 400 1683 quoque.

299 1694 335 1722 ll
363 1691 435 1722 Etsi
451 1692 583 1721 nondum
606 1691 638 1721 in
661 1694 851 1731 conspectum
873 1701 959 1722 rene-

254 1743 318 1782 ναι]
350 1741 416 1773 Hic
454 1743 557 1773 etiam
587 1742 686 1773 editt.
716 1741 957 1782 antiquissima!

255 1792 354 1822 Rom.
370 1792 457 1822 Veu.
481 1791 646 1823 exhibent
668 1793 701 1822 in
723 1795 883 1832 conspectu
910 1802 956 1822 re-

253 1845 354 1881 nen-at,
377 1847 413 1872 et
436 1842 522 1872 infra
548 1852 578 1873 c.
601 1846 653 1873 29.
677 1844 686 1859 ⁴
706 1842 744 1872 In
769 1846 956 1881 conspectu

254 1891 402 1923 hostium
416 1891 558 1921 veniunt
571 1891 590 1929 3¹
609 1901 709 1931 quem
728 1890 869 1930 probum
887 1890 957 1930 qui-

253 1939 329 1970 dem
367 1949 455 1978 esse,
482 1940 541 1970 sed
570 1940 683 1980 paullo
711 1939 955 1970 inusitatiorem

254 1989 414 2029 loquendi
438 1988 574 2019 modum
602 1988 808 2019 ostendimus
833 1988 874 2020 ad
901 1990 956 2019 Ιιιι-

248 2039 346 2079 jusce
365 2039 441 2070 libri
458 2048 488 2069 c.
503 2043 534 2070 8.
567 2039 656 2069 Vide
684 2043 718 2070 et
731 2040 792 2069 Th.
812 2039 955 2070 Munck-

255 2100 351 2122 erum
374 2091 415 2121 ad
443 2091 570 2131 Hygini
599 2091 680 2121 Fab.
705 2099 734 2122 1..
758 2091 869 2122 Ducis.
917 2091 956 2120 In

253 2144 427 2181 conspectu.
486 2140 573 2171 Vide
617 2150 720 2181 supra
748 2139 791 2170 ad
823 2149 872 2170 iv.
903 2143 954 2171 12.

255 2192 366 2222 Clark.
414 2192 555 2221 Temere
569 2190 658 2221 hunc
683 2190 868 2220 ablativum
884 2190 956 2221 nbi-

253 2242 303 2272 vis
317 2241 463 2272 intrudit
479 2240 648 2279 Clarkius‚
666 2250 765 2281 quem
776 2241 830 2271 hic
843 2246 955 2271 osteu-

254 2296 330 2322 taut
351 2301 392 2321 ex
421 2291 503 2321 meis
529 2291 590 2321 soli
614 2291 833 2331 Lov.Scalig.
858 2291 954 2322 Leid.

255 2350 324 2371 sec.
346 2341 492 2372 Dorvill.
511 2346 545 2372 et
565 2341 651 2372 Edd.
670 2341 756 2371 Ven.
770 2341 862 2372 Med.
886 2341 954 2372 Adi

253 2392 356 2423 etiam
378 2393 420 2423 ad
437 2402 478 2425 11.
494 2396 545 2424 17.
567 2398 604 2425 et
627 2394 762 2434 saepius.
796 2394 955 2425 Ceterum

251 2452 315 2484 pro
341 2443 476 2474 hostibus
503 2448 556 2475 est
586 2444 681 2474 hostis
698 2444 730 2474 iu
760 2444 889 2476 Buslid.
920 2450 956 2476 et

257 2491 345 2525 Edd.
361 2493 459 2524 Rom.
477 2494 561 2524 Ven.
580 2493 673 2524 Med.
691 2494 823 2524 hostium
838 2495 954 2526 venial.

256 2541 370 2574 Oxon.
393 2543 488 2574 Leid.
513 2553 563 2583 pr.
589 2544 712 2585 Scalig.
743 2545 828 2575 Edd.
853 2546 954 2577 Vasc.

253 2592 323 2623 Str.
340 2593 459 2634 Stepli.
481 2599 517 2625 et
542 2595 627 2625 aliae.
644 2595 754 2635 Magis
774 2596 890 2635 placet
908 2597 954 2626 al-

253 2646 374 2674 terum.
432 2643 520 2673 Vide
551 2643 594 2674 ad
624 2654 657 2675 v.
681 2648 734 2675 4-1.
760 2645 769 2661 ‘
795 2645 955 2676 Gladium

257 2691 404 2723 educere
418 2693 576 2732 conanti‚'
589 2697 654 2725 &c-

299 2745 337 2775 14
362 2743 444 2774 Eum
465 2744 574 2785 locum,
589 2754 676 2785 quem
694 2746 852 2788 petebant,
874 2747 955 2788 pett-

731 200 872 231 No'rAE
904 200 1164 231 VARIORUM
1200 200 1250 230 ΙΝ

1007 294 1107 335 turos]
1129 295 1184 326 Sic
1212 294 1329 336 anac.
1352 294 1442 326 Scal.
1467 295 1590 326 Petav.
1616 294 1707 328 And.

1010 344 1228 376 Oxon.Leid.
1257 354 1309 384 pr.
1348 345 1390 375 In
1406 345 1544 386 reliquis
1558 342 1620 376 ηιΐη
1640 355 1710 377 eum

1010 396 1118 435 Iocum,
1144 396 1197 426 vel
1218 396 1238 426 ii
1261 395 1310 426 uti
1348 400 1382 426 et
1411 395 1499 427 Edd.
1523 395 1652 436 primis,
1669 404 1710 426 ac

1012 446 1049 476 R.
1066 447 1180 486 Stepli.
1197 447 1268 476 sine
1293 445 1394 477 dubio
1418 451 1592 486 corrupte.
1638 445 1709 476 Pro

1007 495 1150 535 petebant
1163 495 1195 526 in
1211 495 1306 526 Leid.
1335 501 1412 527 tert.
1428 501 1464 527 et
1486 495 1550 526 Ed.
1567 495 1639 526 Ine.
1657 499 1710 526 est

1009 546 1190 576 crcdebaut:
1214 551 1249 576 at
1265 548 1376 578 Oxon.
1395 547 1490 579 Leid.
1509 557 1560 588 pr.
1585 546 1708 577 Petav.

1011 602 1046 626 et
1074 596 1216 626 vascos.
1247 598 1396 637 margine
1419 597 1554 638 petebat.
1608 596 1710 627 Unde

1012 650 1112 675 acute
1125 644 1274 684 conjecit
1291 646 1460 677 Gruterus
1484 657 1577 678 unum
1593 656 1660 677 eum
1677 647 1711 684 1.,

1010 694 1060 734 qui
1073 694 1300 734 putebat,petit
1313 705 1322 725 .-
1336 698 1438 734 petere
1455 696 1542 726 enim
1558 701 1593 726 et
1603 698 1711 736 patere

1011 744 1209 785 frequenter
1219 743 1484 775 confunduntur.
1500 745 1587 775 Hinc
1598 754 1712 775 emen·

1011 794 1144 825 dandus
1159 800 1278 825 auctor
1291 794 1418 825 Moreti
1431 804 1449 824 e
1466 794 1551 824 Mss.
1568 793 1658 824 Scal.
1674 798 1711 824 et

1012 853 1110 884 quem
1141 843 1286 874 contulit
1314 843 1360 874 Is.
1397 843 1544 874 Vossius.
1589 844 1598 860 ‘
1619 843 1712 875 Hine

1011 893 1073 923 sibi
1091 893 1275 933 depromit,
1291 897 1454 934 quantum
1482 901 1636 924 mensura
1653 901 1711 933 pa—

1012 943 1137 981 tebat3’
1157 944 1254 983 vulgo
1267 943 1410 983 petebat.-
1431 946 1517 983 patet
1540 943 1590 973 via
1611 942 1712 974 obvia

1012 998 1064 1024 est
1092 995 1232 1025 locutio.
1299 993 1346 1024 At
1375 993 1451 1024 huic
1483 992 1711 1024 emendationi

1011 1044 1138 1083 obstat,
1151 1043 1239 1085 quod
1257 1049 1327 1074 tum
1342 1053 1407 1074 non
1421 1043 1578 1074 debuerit
1591 1041 1713 1083 potissi-

1011 1103 1094 1123 mum
1115 1095 1250 1132 credere,
1272 1094 1386 1124 hostes
1413 1102 1490 1123 eum
1516 1093 1629 1123 locum
1653 1101 1713 1133 pe·

1011 1144 1154 1180 tituros;
1179 1143 1238 1174 sed
1261 1143 1429 1174 certis-sime
1443 1143 1533 1180 scire,
1555 1151 1630 1173 cum
1645 1141 1713 1172 alia

1010 1202 1076 1223 non
1100 1197 1247 1234 pateret.
1301 1193 1414 1224 Quare
1445 1192 1550 1232 probo
1574 1192 1712 1233 quidem

1011 1253 1117 1282 unum,
1134 1242 1194 1273 sed
1205 1241 1326 1281 petebat
1346 1241 1499 1281 praefero.
1528 1241 1608 1282 Ipse
1621 1241 1710 1272 enim

1011 1292 1045 1321 in
1059 1292 1180 1322 itinere
1199 1301 1331 1331 quoque
1349 1295 1423 1322 erat
1441 1301 1450 1328 ;
1478 1290 1711 1331 credebatque

1010 1341 1125 1371 hostes
1154 1340 1288 1379 eodem,
1324 1349 1390 1381 quo
1433 1340 1507 1380 ipse
1538 1340 1713 1380 tendebat,

1014 1389 1239 1430 profecturos.

1054 1443 1091 1470 21
1123 1441 1186 1480 lta,
1197 1450 1230 1471 re
1243 1439 1316 1471 bene
1328 1438 1434 1479 gesta]
1460 1439 1514 1470 Sic
1536 1439 1712 1480 rescripsi-

1011 1499 1083 1520 mus
1097 1500 1140 1521 ex
1157 1491 1251 1521 Msto
1270 1489 1411 1521 Norvic.
1438 1493 1474 1520 et
1496 1489 1596 1521 editt.
1614 1490 1710 1521 Rom.

1011 1541 1169 1572 Beroald.
1203 1541 1327 1581 Vulgg.
1366 1541 1489 1580 itaque:
1526 1540 1614 1571 baud
1650 1550 1712 1581 pro

1011 1593 1155 1624 Caesaris
1171 1596 1208 1624 et
1225 1592 1330 1623 Hirtii
1351 1600 1454 1622 more.
1476 1590 1588 1622 Dacis.
1647 1591 1712 1623 Ita.

1008 1642 1064 1673 Sic
1092 1642 1200 1674 edidit
1224 1642 1387 1673 Davisius
1413 1650 1456 1672 ex
1482 1641 1550 1671 Ms.
1573 1639 1714 1671 Eliensi.

1010 1693 1073 1724 Cui
1109 1691 1340 1733 suffragantur
1375 1696 1413 1723 et
1448 1691 1515 1721 Ms.
1555 1690 1640 1731 Reg.
1675 1694 1713 1721 et

1010 1743 1120 1774 Editt.
1157 1743 1252 1774 Vett.
1295 1742 1538 1778 Recentiores;
1589 1741 1711 1781 Itaque.

1011 1793 1120 1823 Clark.
1156 1796 1190 1823 et
1201 1785 1289 1823 Mss.
1306 1791 1372 1823 mei
1386 1800 1512 1822 omnes.

1052 1850 1184 1873 xxvui.
1207 1844 1226 1872 3
1253 1842 1293 1876 Q.
1310 1842 1406 1872 Atius
1420 1839 1545 1879 Varius]
1568 1839 1624 1870 Ita
1640 1840 1710 1880 qui-

1007 1890 1084 1922 dem
1100 1900 1118 1921 e
1135 1891 1332 1930 conjectura
1349 1889 1457 1921 Fulvii
1472 1889 1587 1920 Ursini
1603 1889 1712 1920 edidit

1006 1940 1172 1981 Scaliger,
1189 1941 1259 1971 sive
1276 1941 1395 1972 Attius.
1443 1941 1528 1972 Quae
1547 1949 1629 1980 gens
1645 1939 1709 1971 boc

1009 1996 1161 2031 tempore
1187 1996 1261 2022 erat
1286 1990 1436 2029 illustris,
1457 1994 1496 2021 ut
1514 1991 1568 2021 vel
1584 2000 1602 2021 e
1619 1988 1710 2021 bello

1007 2040 1098 2071 civili
1115 2041 1232 2081 liquet.
1277 2041 1407 2072 Jnvant
1432 2041 1517 2071 hanc
1541 2040 1709 2081 conjectu-

1008 2100 1078 2121 ram
1109 2091 1230 2121 Petav.
1258 2096 1294 2122 et
1321 2091 1502 2131 Egmuud,
1524 2090 1558 2121 in
1585 2089 1709 2131 quibus

1008 2141 1046 2176 Q.
1063 2141 1170 2172 Tatius
1191 2141 1299 2172 Varus.
1339 2141 1379 2171 In
1395 2141 1489 2172 Leid.
1505 2149 1556 2181 pr.
1575 2140 1713 2176 Quintus

1008 2191 1148 2221 Citaeius
1171 2192 1291 2221 Durus.
1341 2191 1479 2221 Citatius
1500 2189 1605 2221 etiam
1629 2189 1710 2221 Sca-

1005 2241 1062 2280 lig.
1088 2241 1220 2282 Reliqui
1234 2251 1310 2271 cuiu
1323 2240 1410 2271 Edd.
1423 2240 1566 2271 vetustis
1583 2240 1709 2271 habent

1008 2291 1049 2325 Q.
1066 2291 1202 2322 Titanus
1224 2292 1343 2327 l'urus;
1365 2291 1427 2321 nisi
1442 2290 1530 2332 quod
1545 2291 1577 2321 iu
1595 2290 1707 2322 Oxou.

1006 2351 1072 2372 non
1084 2346 1281 2381 compareat
1295 2341 1336 2376 Q.
1354 2341 1443 2372 uude
1459 2339 1574 2371 facere
1590 2348 1706 2380 posses

1008 2391 1099 2421 Titus
1110 2391 1205 2422 Atius
1223 2392 1328 2431 Varus,
1353 2390 1416 2421 nisi
1439 2390 1584 2432 ignotius
1600 2390 1707 2420 lateat

1005 2451 1137 2473 nomen.

1047 2494 1066 2522 7
1093 2490 1259 2530 Consistit]
1299 2491 1383 2522 Mss.
1407 2491 1488 2530 Reg.
1515 2489 1641 2520 Eliens.
1670 2494 1707 2520 et

1004 2541 1116 2572 Vossii
1133 2545 1168 2572 et
1184 2541 1292 2572 Editt.
1305 2542 1400 2572 Vett.
1417 2539 1568 2580 confligit.
1594 2539 1704 2570 C1ar1c.

1005 2593 1188 2633 Vulgarem
1213 2591 1391 2623 lectionem
1408 2591 1468 2621 soli
1491 2594 1706 2630 propugnant

1004 2641 1093 2673 And.
1118 2646 1153 2672 et
1169 2642 1281 2673 Oxou.
1312 2640 1449 2681 Reliqui
1476 2641 1561 2671 Mss.
1591 2649 1706 2671 omnes

1005 2697 1073 2724 tam
1101 2692 1254 2730 aliorum,
1271 2700 1371 2732 quam
1402 2690 1478 2730 mei,
1506 2691 1588 2721 item
1616 2688 1704 2721 Edd.

1004 2742 1133 2784 primae.
1174 2742 1311 2774 Vascos.
1347 2742 1391 2774 R.
1419 2741 1537 2784 steph.
1559 2741 1703 2783 aliaeque
