1818 3131
255 287 347 316 mn.
379 283 463 313 vu.
493 279 599 311 cAP.
629 268 700 309 17.
732 277 795 306 ΠΒ
831 277 984 308 nanno
1015 276 1249 307 GAmeo.

44 379 182 414 Phoedr.
212 377 294 410 Fab.
321 386 360 409 n.
376 380 407 408 8.
450 373 582 405 ‘Avem
613 380 736 402 convo-

45 436 124 463 cata
139 430 238 471 jubet
262 426 372 460 occidi
404 424 540 462 familia,
565 419 738 453 Praedam-

46 492 113 525 que
137 482 249 514 tollit!

88 528 129 557 23
152 521 316 556 AEstimari
331 516 453 558 dehere]
475 516 559 548 Mss.
583 516 738 546 oestimare

1368 261 1482 304 1203

787 374 934 402 vnr.l5.
962 374 1054 403 ῐ.48.
1086 370 1241 410 ‘tempus
1257 365 1358 399 anni:’
1382 370 1420 398 ut
1448 370 1484 397 et

788 421 881 452 Hirt.
898 422 940 451 Β.
961 421 1059 452 Alex.
1085 431 1114 451 e.
1133 423 1182 451 3.:
1207 419 1265 450 ubi
1283 417 1358 449 vide
1376 417 1486 458 plura.

788 472 828 504 B.
844 469 991 502 Afric.c.
1007 474 1060 501 78.
1078 470 1119 502 B.
1137 470 1234 510 Hisp.
1252 478 1283 500 ι’.
1301 471 1352 508 15,
1379 470 1429 499 16.

832 529 922 552 xvu.
946 523 966 551 9
990 519 1133 560 Adsecto]
1180 519 1274 550 Leid.
1299 518 1394 559 prim.
1417 528 1485 549 con-

47 575 163 607 debere.
207 574 292 606 Quae
322 574 357 600 et
391 567 579 608 elegantior
610 564 742 597 Lectio.
783 570 891 611 fecto;
912 570 946 601 id
965 575 1030 609 est,
1059 570 1251 609 debilitato,
1275 569 1384 600 fracto
1411 578 1489 610 qua-

47 625 188 657 Graecus
207 621 268 661 χρὴ
292 617 438 658 νομίζειν.
486 616 595 647 Clark.
640 613 741 646 AEsti-

47 683 130 704 mare
145 676 198 703 est
215 675 285 702 turn
303 671 334 701 in
351 670 492 700 aliorum
517 671 586 697 tum
604 665 636 697 in
660 664 742 695 meis

45 723 113 755 Ma.
136 722 302 759 omnibus,
325 730 392 751 uno
423 719 599 758 alteroque
624 715 740 747 forsan

47 777 216 814 excepto;
242 776 277 803 et
291 770 377 802 Edd.
395 767 648 810 antiquissimis.
679 765 745 796 Ve-

48 832 121 854 rum
137 826 173 854 et
187 822 295 853 debere
311 821 404 851 abest
421 829 440 850 a
455 820 564 859 Bong.
593 827 643 858 pr.
663 816 746 847 Vos-

49 873 160 910 alanis,
184 873 265 903 Lov.
292 872 386 912 Egm.
414 875 450 901 et
477 873 506 900 5.
524 869 612 908 aliis,
637 867 686 898 uti
711 870 745 897 et

49 922 120 954 ΜΒ.
137 923 259 953 Brant.
287 925 322 952 et
345 920 460 951 iisdem
485 919 596 950 editis.
644 916 744 950 Quod

48 973 188 1004 verbum
212 971 392 1013 aliquoties
424 968 634 1008 subintelligi
664 967 745 998 scio.

50 1022 118 1055 Adi
145 1031 185 1054 11.
212 1025 261 1053 32.
315 1022 391 1052 Hoc
427 1021 501 1061 ipso
529 1019 641 1060 capite
664 1018 673 1034 ‘
691 1027 747 1048 ne-

50 1072 194 1105 cessario
210 1071 380 1112 dispersos
401 1071 517 1101 hostes
531 1079 574 1100 ex
594 1066 747 1099 :edificiis

51 1121 190 1163 petere.’
235 1121 303 1152 Hic
318 1124 431 1152 tamen
441 1120 633 1159 ambiguum
650 1117 748 1148 nimis

53 1172 154 1212 foret,
172 1176 207 1202 et
231 1171 325 1212 quasi
352 1171 386 1202 id
404 1174 535 1202 tantum
564 1169 750 1200 aestimaret

52 1222 333 1262 Vercingetorix:
359 1230 462 1263 quare
485 1220 593 1251 debere
616 1218 749 1250 retineo

53 1282 128 1305 cum
164 1273 287 1304 Petav.
322 1272 398 1313 Cuj.
437 1271 534 1303 Leid.
565 1279 618 1312 pr.
657 1267 748 1300 And.

54 1323 165 1355 Oxou.
183 1323 305 1363 Scalig.
328 1323 478 1364 aliisque.

96 1381 156 1404 xv.
179 1377 197 1404 5
224 1372 312 1407 Quod
327 1382 372 1412 se,
396 1381 502 1412 prope,
518 1369 585 1410 ἔξω]
628 1369 669 1400 In
682 1368 750 1399 Ms.

55 1422 140 1463 Reg.
160 1427 196 1452 et
221 1422 284 1452 Ed.
300 1423 395 1453 Rom.
412 1421 524 1458 deest,
538 1429 570 1449 se
581 1428 685 1459 prope.
711 1418 752 1449 In

54 1472 140 1503 Mss.
159 1471 286 1503 Eliens.
303 1475 339 1502 et
354 1470 465 1501 Vossii
491 1469 601 1508 deest,
617 1469 697 1509 quod
723 1477 754 1498 se

49 1531 159 1563 prope.
207 1521 314 1552 Clark.
365 1520 437 1551 Has
473 1528 574 1550 voces
609 1519 688 1558 quod
722 1526 754 1547 se

51 1583 146 1615 prope
163 1583 229 1604 non
248 1572 361 1604 inveni
377 1580 511 1613 quoque
538 1571 571 1601 iu
588 1570 754 1609 Bongars.

55 1624 241 1663 Vossianis‚
267 1623 390 1654 Petav.
408 1623 506 1661 Egm.
525 1621 623 1653 Gott.
640 1627 675 1650 et
694 1619 753 1650 Ed.

56 1674 132 1706 Ine.
147 1685 178 1706 se
203 1684 297 1715 prope
320 1674 442 1704 absunt
469 1682 488 1703 a
506 1673 632 1703 Lovan.
659 1670 754 1702 Duk.

57 1725 207 1756 Dorvill.
234 1724 321 1755 Edd.
344 1724 430 1754 Ven.
448 1722 543 1754 Med.
568 1722 670 1752 Vase.
689 1721 755 1751 Str.

57 1774 177 1814 Steph.
207 1774 361 1814 aliisque.
406 1772 462 1803 Ad
488 1773 560 1803 hzrc
578 1781 640 1812 pro
666 1770 758 1811 coufi-

56 1825 170 1856 debant
187 1825 222 1854 in
236 1823 384 1862 Andiuo,
402 1820 591 1853 oxoniensi
609 1825 644 1851 et
662 1818 756 1850 Leid.

59 1884 110 1916 pr.
127 1877 243 1905 exstat
255 1873 430 1914 sperabant.
475 1872 525 1903 Ut
538 1870 611 1902 fere
628 1869 758 1909 credas,

59 1925 139 1957 olim
156 1923 260 1956 fuisse
282 1924 292 1940 ‘
311 1922 564 1964 proponebant,
580 1920 759 1961 explorata

59 1974 212 2016 victoria,
227 1973 386 2006 celeriter
403 1972 525 2004 amissa
549 1970 759 2012 reciperatu-

62 2025 140 2059 ros?

103 2084 178 2108 xvr.
202 2078 223 2107 4
245 2075 284 2106 In
295 2074 418 2115 singula
429 2072 494 2105 diez·
509 2070 660 2113 tempora]
702 2070 760 2102 Sic

62 2129 168 2166 recte,
185 2128 221 2156 et
237 2125 322 2155 male
341 2123 462 2161 codex,
481 2122 538 2163 qui
555 2131 647 2162 opera
661 2120 761 2151 habe-

62 2174 136 2207 bat.
171 2174 319 2215 Tempora
335 2173 423 2205 idem
439 2173 494 2203 hic
512 2171 654 2210 Caesari,
671 2170 761 2211 quod

62 2225 138 2256 aliis
151 2229 333 2264 momenta,
347 2224 402 2255 vel
424 2224 528 2254 horae.
573 2220 762 2252 Familiaris

63 2279 178 2307 autem
203 2273 327 2306 Caesari
356 2273 428 2304 haec
453 2282 541 2310 vox;
564 2271 612 2302 sic
638 2279 760 2310 snpra:

62 2326 73 2343 ‘
91 2323 212 2356 castris
239 2327 319 2354 ante
346 2322 508 2362 oppidum
534 2319 669 2361 positis,
695 2319 762 2350 diei

64 2379 219 2415 tempore
257 2373 413 2405 exclusus
428 2372 448 2403 :'
486 2377 522 2404 et
546 2381 638 2412 saepe
672 2371 763 2402 alibi.

64 2426 120 2458 Sic
134 2425 208 2456 anni
233 2428 367 2464 tempore
383 2424 445 2454 sub
473 2422 574 2454 finem
591 2423 612 2453 1.
628 2431 679 2454 vr.
693 2433 701 2452 t
728 2426 764 2454 et

64 2477 128 2508 hoe
142 2475 243 2515 libro,
266 2475 275 2492 ‘
293 2474 471 2505 durissimo
491 2478 643 2513 tempore
664 2471 764 2504 anni.’

70 2524 204 2557 Vossius.
251 2524 321 2555 Per
348 2524 497 2563 singulas
525 2523 637 2561 horas,
653 2526 692 2553 ut
712 2523 766 2552 lia-

68 2573 128 2606 bet
141 2574 211 2607 Jul.
226 2575 343 2606 Celsus
358 2583 391 2613 p.
409 2576 481 2604 124.
513 2573 766 2612 Memphi-astes

69 2624 172 2656 etiam
199 2625 263 2655 καθ’
288 2622 422 2661 ἑκάστην
449 2624 540 2664 ὥραν,
566 2623 622 2664 qui
654 2627 766 2654 tamen

68 2674 278 2714 interpunxit
299 2675 308 2691 ‘
323 2675 572 2714 exploratores,
586 2674 619 2703 in
632 2673 766 2714 singula

72 2722 142 2754 diei
178 2725 329 2764 tempora
361 2724 457 2765 quaess
484 2727 548 2756 Sec.
586 2728 622 2755 at
652 2724 766 2764 placet

71 2772 209 2812 vulgata
222 2773 318 2805 ratio.
340 2775 453 2808 Davis.
486 2784 519 2807 e.
534 2777 585 2806 35.
609 2775 618 2791 ⁴
637 2784 679 2805 ex
696 2772 766 2804 diei

71 2821 248 2864 tempore.'
258 2831 289 2856 c.
300 2826 354 2856 68.
364 2825 374 2843 ‘
388 2824 455 2856 diei
468 2824 611 2867 tempus'
623 2826 661 2857 et*
669 2824 710 2856 B.
726 2824 765 2855 C.

791 621 841 660 si3
863 620 914 651 uti
929 620 1009 651 alibi
1025 620 1152 650 Caesar.
1199 620 1256 650 Nil
1275 628 1357 659 opus
1374 623 1487 649 tamen

793 671 991 703 mutatione.
1008 680 1039 702 c.
1055 674 1087 701 6.
1110 670 1118 686 ‘
1136 670 1264 709 Magna
1286 668 1489 699 difficultate

794 720 1042 753 adficiebatur!
1074 721 1114 751 B.
1133 720 1171 751 C.
1197 728 1251 750 111.
1276 722 1328 750 49.
1353 720 1362 736 ‘
1382 718 1490 758 Aquae

794 772 909 812 inopia
932 770 1086 802 adfectos
1100 770 1120 801 :⁷
1146 769 1203 801 nbi
1234 769 1321 800 vide.
1367 768 1491 798 Vellei.

796 831 837 853 n.
853 824 907 853 84.
927 821 936 838 ‘
953 820 1075 861 Inopia
1095 818 1306 851 affectissimi
1319 817 1338 849 :'
1362 822 1398 849 et
1411 818 1419 834 ‘
1438 827 1492 848 va·

796 872 947 904 letudine
967 871 1130 902 adfectus’
1167 871 1208 901 B.
1235 869 1309 901 Civ.
1333 877 1358 900 1.
1375 871 1427 899 31.
1451 867 1492 898 Β.

797 922 897 953 Alex.
911 932 939 954 e.
956 920 1027 952 44st
1041 919 1200 951 vulnere!
1220 919 1261 950 B.
1278 918 1422 950 Civ.1n.
1441 919 1494 949 8-1.

797 972 890 1003 Alibi
906 980 1038 1013 quoque
1066 970 1178 1001 hocin
1202 979 1302 1000 sensu
1328 967 1434 1009 confici
1461 971 1496 999 et

796 1023 890 1065 adfici
914 1025 1163 1063 permutantur.
1206 1019 1293 1051 Vide
1311 1019 1353 1050 ad
1380 1019 1495 1050 Front.

798 1083 838 1104 11.
855 1077 885 1103 5.
900 1074 915 1113 ξ
930 1075 982 1104 39.
1016 1072 1025 1088 ‘
1038 1071 1188 1101 Vulnere
1203 1069 1357 1100 adfecit!
1392 1068 1496 1099 Plura

798 1123 841 1154 de
856 1122 962 1153 verbo
979 1120 1072 1162 adfici
1089 1120 1132 1150 ad
1147 1127 1229 1150 vm.
1248 1122 1303 1150 21.

841 1175 882 1204 12
906 1172 1020 1203 Pecore
1056 1180 1072 1201 e
1110 1168 1375 1210 longinquioribus
1421 1167 1497 1198 vicis

798 1222 922 1262 adacto]
967 1219 1167 1254 Ciaccouius
1194 1224 1230 1250 et
1253 1219 1396 1250 Ursinus
1412 1218 1499 1257 lege-

798 1274 882 1306 bant
904 1274 1023 1314 abacto,
1047 1272 1125 1313 quia
1139 1270 1315 1312 proprium
1335 1268 1417 1299 illud
1445 1277 1499 1298 vo-

801 1324 979 1355 cabulum:
1010 1322 1100 1354 unde
1138 1327 1174 1353 et
1209 1321 1366 1351 abactores
1403 1318 1499 1350 dicti.

801 1374 867 1405 Sed
884 1372 1056 1404 falluntur.
1084 1372 1174 1404 Nam
1189 1376 1228 1401 ut
1259 1370 1267 1387 ‘
1287 1370 1391 1401 telum
1411 1369 1501 1399 intra

803 1428 914 1454 castra
930 1421 1077 1462 adigere’
1101 1420 1182 1451 alibi
1207 1420 1321 1451 Caesar
1338 1419 1437 1458 dixit,
1454 1419 1502 1449 ita

802 1474 857 1505 hic
888 1482 1031 1515 pecora:
1057 1482 1131 1513 quae
1162 1481 1181 1502 e
1209 1469 1500 1511 longinquioribus

803 1522 887 1554 vicis
917 1523 1007 1554 intra
1039 1524 1151 1553 castra
1176 1520 1296 1550 adacta
1325 1519 1384 1550 ait.
1445 1517 1502 1549 Sic

803 1574 936 1604 locutus
984 1580 1115 1613 quoque
1162 1571 1304 1601 Plautus
1339 1567 1503 1600 Bacchid.

806 1623 883 1654 Act.
900 1633 935 1655 v.
951 1631 1050 1654 scena
1067 1625 1117 1654 11.
1141 1622 1151 1638 ‘
1170 1621 1271 1659 Nam,
1284 1619 1414 1657 amabo,
1430 1618 1504 1659 quis

806 1673 863 1704 has
880 1673 944 1704 huc
961 1682 1039 1703 oves
1051 1672 1166 1712 adegit
1178 1669 1199 1702 3'
1230 1671 1353 1711 Itaque
1367 1668 1504 1709 proprie

805 1723 859 1754 hic
875 1723 988 1754 Caesar
1003 1723 1147 1753 locutus.
1193 1720 1331 1760 Adigcre
1346 1723 1398 1750 est
1415 1728 1504 1749 com-

807 1773 950 1815 pellere,
980 1781 1114 1812 cogere,
1145 1774 1181 1802 et
1223 1767 1505 1811 quemadmodum

808 1822 950 1853 dicimus
976 1831 1083 1860 cogere
1106 1823 1247 1852 armenta
1272 1821 1305 1850 in
1328 1820 1425 1850 locum
1449 1818 1506 1848 ali-

807 1881 907 1912 quem,
923 1871 972 1902 ita
988 1874 1025 1902 et
1039 1870 1177 1909 adigere.
1227 1868 1364 1900 Vossius.
1385 1867 1506 1898 Vossio

809 1922 989 1954 adsensum
1005 1921 1140 1962 praebet
1166 1927 1299 1960 quoque
1329 1917 1505 1949 Clarkius:

807 1976 927 2003 contra
942 1971 1125 2003 Ciacconio
1142 1969 1236 2001 favet
1253 1969 1504 2006 Hotomannus‚

810 2028 846 2054 et
858 2032 932 2054 cum
947 2032 986 2054 eo
998 2021 1086 2053 Edd.
1103 2021 1265 2059 Romana,
1277 2019 1364 2050 Ven.
1382 2023 1417 2050 et
1433 2017 1507 2048 Me-

811 2073 1026 2112 diolanensis,
1050 2070 1210 2102 Beroaldi
1237 2070 1394 2110 aliaeque.
1441 2067 1509 2099 Sed

811 2125 940 2155 adducto
957 2123 1052 2154 Leid.
1069 2132 1121 2162 pr.
1135 2132 1153 2153 e
1178 2121 1303 2153 Glossa
1315 2120 1372 2151 τοῦ
1385 2121 1508 2158 adacto,

812 2174 963 2216 quamvis
989 2172 1070 2214 fingi
1095 2176 1210 2213 posset
1234 2171 1251 2202 b
1273 2171 1327 2202 hie
1349 2170 1382 2201 iu
1398 2172 1419 2201 d
1434 2178 1510 2201 esse

812 2228 1030 2264 corruptum:
1055 2227 1094 2254 ut
1122 2221 1249 2254 factum
1265 2221 1449 2261 smpissime
1476 2219 1510 2250 iu

812 2274 970 2313 abducere,
993 2277 1027 2304 et
1053 2273 1138 2312 aliis,
1161 2277 1197 2303 et
1218 2271 1374 2302 videatur
1389 2269 1509 2301 melius

813 2325 994 2356 convenire
1017 2324 1144 2364 abigere
1170 2333 1246 2355 cum
1272 2333 1287 2353 e
1303 2321 1389 2362 eicis,
1410 2330 1510 2362 quam

813 2375 939 2415 adigere
966 2384 982 2406 e
1002 2375 1089 2413 eicis,
1106 2374 1238 2405 scilicet
1267 2373 1357 2404 intra
1373 2375 1510 2409 castra;

814 2425 876 2456 nisi
915 2425 1016 2456 unica
1046 2424 1288 2466 praepositione
1330 2427 1512 2461 utrumque

815 2475 954 2507 innuere
971 2477 1117 2508 voluerit
1134 2477 1258 2508 Caesar.
1292 2474 1383 2506 Nam
1395 2471 1512 2503 Plauti

814 2526 906 2558 locus
929 2536 1046 2567 parum
1069 2527 1183 2566 juvat,
1207 2525 1285 2566 qnia
1310 2524 1358 2555 ibi
1381 2523 1440 2553 Ιιιω
1455 2519 1513 2552 ad-

815 2577 917 2608 ditur.
961 2577 1188 2609 Nihilominus
1203 2576 1286 2606 nihil
1301 2578 1406 2605 muto.
1445 2569 1514 2602 Adi

816 2635 870 2657 me
886 2626 927 2657 ad
943 2637 976 2658 v.
991 2630 1063 2658 15.:
1087 2632 1126 2658 ut
1147 2627 1202 2657 hie
1223 2626 1233 2642 ‘
1247 2625 1384 2665 adigere
1399 2632 1418 2653 e
1434 2620 1514 2652 vicis

817 2677 943 2716 pecus,'
974 2677 1023 2708 sic
1049 2681 1170 2708 contra
1191 2677 1202 2693 ⁴
1220 2675 1355 2716 abigere
1374 2673 1406 2703 in
1429 2667 1516 2702 loca'

817 2726 931 2758 Livius
955 2736 980 2758 1.
998 2730 1033 2759 7.

859 2780 901 2808 22
924 2778 1027 2812 Quom
1051 2787 1111 2807 mm
1133 2776 1249 2807 civibus
1268 2771 1515 2811 Romanis-pa-

816 2827 990 2868 nutarent]
1035 2827 1165 2866 Malim,
1179 2834 1268 2865 quam
1282 2826 1317 2854 nt
1332 2831 1403 2862 non,
1416 2821 1468 2852 vel
1485 2819 1514 2851 si
