1818 3131
231 205 342 249 1110

231 310 347 352 recepi
363 310 416 342 hic
432 315 469 342 et
484 319 558 350 cap.
576 319 648 352 seq.
665 312 729 342 διο.
765 311 864 353 Saepe
880 313 929 344 ita

698 216 839 246 NOTAE
873 218 1136 250 VARIORUM

1171 221 1219 250 IN

1020 321 1147 346 xxxiv.
1172 319 1190 346 5
1218 316 1317 346 Erant
1329 317 1359 346 et
1375 316 1492 347 tirtuee
1507 319 1538 346 et
1552 323 1678 348 numero

231 367 351 394 contra
367 361 675 392 Grammaticorum
691 372 853 394 canonem
871 364 928 395 ad·
972 366 1139 405 pag-nando
1156 365 1262 405 pares]
1296 366 1349 395 Sic
1368 370 1462 396 recte
1480 366 1677 397 emendavit

229 411 322 443 ditur
337 410 522 442 infinitivus
538 410 693 450 Activus‚
713 413 927 446 subintellec-

230 467 266 495 to
280 463 391 503 aliquo
409 461 628 494 Accusativo.
675 463 762 495 Vide
779 464 821 495 ad
840 473 881 496 11.
896 469 928 497 5.

230 513 240 530 ⁴
259 513 382 544 Castra
398 511 529 543 munire
539 512 663 553 jubet.'

271 563 374 603 Atque
395 563 426 592 in
454 562 557 594 orbem
582 564 799 604 consisterent]
841 565 929 596 Vide

229 614 330 647 Joan.
351 614 530 645 Brantium
548 615 589 645 ad
605 624 653 646 iv.
674 618 727 647 37.
746 617 858 647 Datis.
890 618 929 648 B.

233 664 335 696 Alex.
350 668 443 696 c.-10.
460 668 468 682 ‘
487 666 519 696 in
536 665 651 697 orbem
668 676 703 696 se
721 667 875 708 recepit!

276 719 313 746 15
338 717 389 747 Ad
402 718 600 756 pugnandum
616 717 796 756 alacriores]
823 718 931 756 Bong.

230 766 329 807 prim.
348 766 473 797 Audin.
491 769 604 798 Oxou.
622 773 657 797 et
685 767 839 798 Leidens.
866 768 932 807 pri-

232 827 304 848 mus
319 819 360 849 ad
378 828 536 858 pugnam:
560 817 601 848 εἷς
616 818 674 853 τὴν
695 816 801 856 μάχην
822 818 933 847 Meta-

231 867 404 907 phrastes:
424 868 512 908 qnod
535 868 640 898 multo
669 868 857 908 elegantius
881 872 934 898 est

232 919 391 959 vulgato;
417 928 520 960 quare
548 919 696 959 reposui,
724 919 807 949 licet
834 919 934 949 alteri

233 969 369 1000 lectioni
408 968 613 1008 suffragetur
657 970 749 1000 locus
788 978 843 1000 111.
879 972 933 1000 24.

234 1021 242 1035 ‘
262 1020 409 1051 Nostros
422 1020 547 1050 milites
578 1020 762 1051 alacriores
778 1019 819 1051 ad
852 1029 932 1060 pug-

236 1070 383 1101 nandum
400 1069 614 1102 efl'e(·issent.’
648 1071 714 1101 Sed
733 1080 772 1102 ιι.
788 1074 837 1102 lo.
856 1071 865 1087 ‘
880 1070 934 1101 Aa

237 1129 385 1161 pugnam
409 1121 576 1152 inutiles?
601 1127 635 1153 et
654 1122 692 1152 B.
707 1122 781 1153 Civ.
808 1124 934 1153 111.25.

233 1171 241 1186 ‘
261 1169 450 1202 Alacriores
467 1171 508 1201 ad
532 1171 741 1202 custodiam?

278 1225 318 1253 18
344 1223 478 1262 Quaeque
493 1223 633 1263 quisque]
660 1223 820 1263 Bougars.
837 1223 934 1263 prim.

236 1272 381 1304 Dorvill.
409 1277 444 1304 et
467 1273 576 1304 Editt.
603 1275 699 1304 Rom.
728 1274 822 1304 Med.
847 1274 933 1304 Ven.

235 1322 362 1353 habent
376 1332 443 1362 <1¹⁴ae
457 1323 594 1362 quisque,
610 1323 680 1353 sine
698 1323 830 1363 copula,
845 1324 933 1364 quod

236 1377 273 1403 ut
289 1372 490 1413 elegantius,
502 1373 549 1403 ita
564 1372 772 1404 verissimum
789 1382 863 1404 esse
879 1382 935 1413 pa-

242 1426 328 1453 tete
346 1423 564 1464 sequentibus
595 1424 603 1440 ‘
630 1427 843 1464 properaret,
873 1423 939 1454 ela-

238 1481 330 1503 more
344 1482 383 1504 ac
399 1472 434 1504 fl.
449 1474 724 1514 complerentur!
770 1474 825 1506 Sic
849 1475 938 1505 enim

239 1523 367 1555 liabent
389 1524 473 1556 Mss.
493 1524 587 1556 Carr.
607 1524 880 1563 Ursini‚Brantii
904 1530 940 1556 et

241 1575 304 1604 mei
316 1584 443 1615 omnes,
453 1575 506 1605 vel
516 1574 592 1615 etfl.
605 1585 680 1606 cum
692 1575 800 1606 Editt.
811 1575 939 1616 primis.

241 1625 354 1665 Vulgo
370 1626 438 1657 illic
462 1637 595 1668 quoque
619 1628 780 1658 insertum
797 1628 806 1644 ‘
824 1631 858 1658 et
875 1627 942 1658 cla-

240 1685 332 1706 more
350 1685 389 1707 ac
404 1675 509 1708 fletu?
552 1678 746 1719 Saepissime
771 1679 863 1709 illam
888 1688 943 1709 co-

240 1726 354 1766 pulam
382 1725 424 1757 ab
441 1727 588 1759 librariis
607 1728 660 1758 vel
688 1728 874 1760 editoribus
896 1728 944 1759 iu-

245 1785 369 1810 trusam
383 1784 503 1811 contra
531 1781 676 1812 Caesaris
689 1782 815 1822 stylum
842 1781 946 1813 docu-

240 1830 325 1861 imus
339 1830 381 1861 ad
398 1839 447 1862 lv.
465 1834 517 1861 15.

287 1883 327 1910 20
351 1883 454 1920 Atque
480 1880 634 1920 arripere]
679 1880 803 1913 Audin.
832 1880 945 1913 Oxon.

246 1930 380 1961 Duker.
399 1936 435 1962 et
458 1930 553 1962 Leid.
570 1936 651 1962 tert.
673 1931 833 1972 abripere:
856 1932 946 1973 quod

246 1980 394 2020 praetuli.
440 1981 517 2012 Non
536 1981 622 2012 enim
640 1982 739 2013 modo
756 1992 890 2014 manum
908 1983 947 2013 iis

246 2032 347 2062 rebus
368 2033 571 2073 injecerunt,
593 2034 652 2064 sed
682 2038 718 2065 et
745 2044 801 2065 eas
833 2044 946 2066 secum

245 2083 468 2115 abstulerunt.
530 2085 703 2125 Perpetua
739 2090 793 2116 est
829 2086 947 2116 horum

248 2134 513 2174 compositorum
524 2134 557 2165 in
574 2136 657 2166 Mss.
672 2135 826 2167 variatio.
842 2136 884 2167 V.
895 2135 948 2167 Cl.

248 2183 426 2215 Drakenb.
451 2185 492 2215 ad
520 2185 636 2216 Silium
660 2188 782 2217 ν.229.
806 2186 848 2216 ad
874 2186 947 2216 Liv.

247 2242 287 2264 ιι.
311 2237 363 2265 33.
399 2235 416 2275 ᾁ
443 2238 471 2266 7.
496 2245 551 2266 ιιι.
568 2239 621 2267 48.
639 2236 648 2253 ‘
666 2236 708 2267 ab
731 2236 820 2267 lanio
837 2237 948 2268 cultro

247 2288 384 2325 arrepto
397 2285 416 2316 :'
441 2286 528 2316 unde
546 2290 580 2317 et
596 2286 738 2327 adripere
753 2287 809 2319 hic
832 2287 950 2318 defen-

248 2335 283 2366 di
304 2340 425 2376 posset.
450 2337 551 2377 Apul.
570 2338 655 2368 Met.
675 2346 728 2368 ιιι.
742 2340 795 2368 54.
811 2339 820 2354 ‘
839 2338 867 2368 E
882 2347 950 2369 me-

251 2385 314 2417 diis
331 2387 467 2427 papillis
491 2388 632 2427 capillos
649 2388 863 2420 absconditos
886 2389 950 2420 ira-

251 2441 303 2467 tus
322 2437 489 2477 arripuit!
545 2439 612 2469 Sed
636 2443 672 2470 et
692 2439 739 2470 ibi
755 2438 865 2470 forsan
882 2449 950 2471 me-

251 2486 317 2517 lius
346 2487 484 2528 abripuit
523 2488 644 2520 Heins.
663 2489 746 2530 legit
774 2490 816 2520 ad
845 2490 949 2523 Ovid.

251 2535 338 2570 Met.
357 2546 421 2569 vu.
438 2541 511 2569 731.
530 2545 565 2569 et
583 2539 729 2570 Observ.
749 2541 846 2571 Misc.
862 2541 904 2571 V.
918 2544 950 2572 2.

251 2590 278 2618 t.
308 2589 339 2618 2.
364 2597 398 2628 p.
416 2590 489 2619 304.
536 2589 624 2619 Dein
650 2591 855 2629 pronunciare
879 2599 950 2621 rur-

250 2647 307 2669 sus
333 2645 493 2670 exaratur
517 2639 549 2670 in
582 2641 688 2681 Bong.
713 2651 765 2681 pr.
785 2652 853 2673 sec.
870 2643 952 2673 Vos-

250 2689 352 2721 sianis
377 2689 545 2730 omnibus,
570 2690 695 2721 Lovan.
722 2691 890 2731 Egmuud.
916 2697 952 2724 et

250 2741 271 2769 6
287 2739 372 2778 aliis,
385 2743 422 2770 et
444 2739 531 2771 Edd.
556 2741 651 2771 Rom.
668 2741 762 2773 Med.
780 2742 864 2773 Ven.
894 2742 951 2774 Iu-

250 2794 345 2819 eerta
361 2789 511 2830 aliisque.
527 2789 569 2821 V.
583 2799 660 2831 cap.
675 2800 781 2830 praec.

976 414 1050 446 Jos.
1089 415 1250 453 Scaliger,
1295 425 1370 445 eum
1403 415 1486 446 Msti
1517 421 1553 446 et
1581 415 1680 447 editt.

978 470 1060 496 vett.
1081 465 1227 496 habt-unt
1252 476 1375 496 numero
1396 465 1555 505 pugnandi
1577 475 1680 506 pares,

979 516 1068 546 unde
1090 517 1196 548 Gabr.
1214 518 1363 548 Faernus
1381 526 1421 547 ex
1440 517 1573 558 ingenio
1591 518 1682 557 lege·

980 566 1040 596 bat
1065 575 1190 596 nurnero
1213 568 1419 606 pugnantium
1443 577 1543 607 pare-5.
1591 567 1680 598 Phil.

981 620 1094 646 autem
1113 615 1442 654 Beroal‹lus,omissa
1457 626 1552 655 voce,
1564 617 1682 648 scribit

983 666 1084 695 Erant
1095 668 1123 695 et
1138 665 1250 696 virtute
1266 669 1295 696 et
1312 676 1435 696 numero
1457 677 1563 706 pares,·
1587 668 1682 708 cujus

982 716 1213 756 conjecturam
1239 715 1364 756 probat
1391 716 1489 748 Joau.
1510 717 1683 748 Brantius.

983 767 1125 797 Frustra
1155 775 1292 796 omnes:
1330 776 1397 797 non
1425 768 1514 798 enim
1543 767 1680 799 tradere

982 817 1092 848 voluit
1118 822 1236 848 noster
1267 818 1438 848 Romanos
1465 818 1682 850 Eburonibus

983 867 1085 899 fuisse
1113 878 1251 899 numero
1283 870 1453 910 aquales:
1489 879 1552 901 nec
1581 869 1616 901 id
1643 880 1687 901 ex

983 919 1048 950 hoc
1066 920 1139 950 loco
1152 919 1343 959 conficitur,
1360 920 1450 962 quod
1473 925 1586 952 tamen
1603 920 1691 952 arbi-

985 974 1094 1000 tratus
1123 974 1177 1000 est
1204 970 1245 1000 P.
1271 970 1480 1009 Ciacconffls,
1505 971 1559 1002 cui
1583 980 1686 1012 prop·

986 1025 1082 1051 terea
1091 1021 1219 1061 placet,
1236 1021 1337 1052 Erant
1353 1021 1561 1062 (Eburones)
1576 1025 1605 1052 et
1621 1023 1685 1053 loco

985 1075 1013 1102 et
1036 1081 1159 1102 nurnero
1182 1071 1367 1111 superiores:
1393 1073 1491 1103 nostri
1515 1074 1639 1104 tametsi
1665 1084 1685 1105 α

986 1122 1086 1160 Βαυν,
1103 1126 1167 1152 ὄις.
1186 1127 1280 1152 notat
1293 1123 1511 1163 solummodo,
1529 1124 1689 1156 Romanis

986 1176 1037 1202 sat
1055 1171 1158 1202 fuisse
1176 1176 1211 1202 et
1237 1173 1373 1203 virtutis
1389 1179 1425 1204 et
1451 1175 1596 1214 numeri,
1623 1185 1689 1216 quo

987 1222 1093 1262 aquis
1111 1222 1362 1254 conditionibus
1376 1224 1451 1255 iniri
1471 1230 1587 1265 posset
1603 1236 1690 1267 proe·

987 1272 1087 1302 lium:
1120 1278 1249 1302 tantam
1278 1274 1366 1303 enirn
1393 1275 1435 1305 de
1462 1285 1522 1305 sua
1560 1277 1689 1308 virtute

987 1323 1178 1362 opinionem
1202 1329 1448 1365 conceperant,
1465 1330 1514 1366 ut,
1529 1326 1572 1357 ob
1596 1326 1692 1357 forti-

988 1374 1153 1413 tudinem,
1182 1385 1305 1415 pugnae
1336 1385 1371 1406 se
1397 1386 1497 1416 pares
1524 1377 1693 1409 existima·

988 1429 1076 1461 rent,
1091 1424 1169 1455 licet
1185 1423 1366 1455 inferiores
1379 1424 1507 1456 fuerint
1522 1426 1693 1458 hominnm

988 1474 1220 1505 multitudine.
1245 1475 1357 1506 Davis.
1405 1476 1531 1507 Mutila
1559 1477 1695 1508 videtur

989 1530 1025 1557 et
1055 1526 1255 1566 perturbata
1281 1527 1382 1568 hujus
1413 1527 1592 1558 sententiae
1616 1537 1694 1568 pars

991 1577 1094 1618 prior.
1142 1578 1278 1608 Numero
1295 1578 1397 1618 enim,
1412 1579 1504 1609 nullo
1519 1577 1619 1609 modo
1636 1588 1694 1619 pa·

991 1637 1045 1659 res
1063 1633 1163 1659 erant
1186 1628 1327 1659 Romani
1353 1634 1458 1659 tantae
1487 1629 1697 1660 multitudini

992 1677 1160 1717 hostium3
1185 1678 1227 1710 de
1246 1679 1364 1710 virtute
1381 1683 1493 1709 autem
1517 1688 1646 1717 eorum,
1664 1678 1698 1709 in

994 1729 1174 1769 posteriori
1218 1734 1316 1769 parte
1350 1730 1532 1761 sententiae
1562 1729 1697 1760 dicitur.

996 1779 1180 1819 Quocirca,
1196 1781 1261 1810 etsi
1287 1780 1424 1811 tolerari
1450 1789 1546 1820 posse
1564 1780 1700 1811 videtur

994 1829 1168 1870 ingeniosa
1181 1830 1313 1862 Davisii
1330 1831 1532 1871 explicatio,
1550 1840 1615 1871 qua
1632 1830 1698 1861 Ro·

995 1890 1109 1912 manos
1125 1880 1226 1912 docet
1243 1891 1366 1912 numero
1390 1890 1456 1912 non
1485 1881 1621 1922 quidem
1642 1881 1700 1912 Ιιο-

995 1932 1101 1963 stibus
1129 1931 1197 1962 dici
1228 1932 1388 1973 aeqnales,
1417 1932 1476 1963 sed
1499 1942 1591 1972 pares
1619 1941 1699 1973 quo-

997 1982 1176 2013 dammodo
1204 1983 1387 2022 pugnando,
1414 1982 1478 2014 hoc
1513 1987 1579 2022 est,
1614 1983 1696 2014 satis

997 2033 1133 2072 multOS,
1161 2033 1217 2073 qui
1253 2033 1408 2073 proelinm
1438 2033 1524 2064 inire
1557 2040 1698 2074 possent

997 2083 1097 2114 etiam
1129 2093 1204 2114 cnm
1238 2088 1335 2114 tanta
1370 2083 1607 2121 multitudine3
1653 2088 1701 2115 ta·

997 2144 1073 2166 men
1104 2134 1190 2166 adeo
1221 2134 1358 2175 abjecta
1377 2139 1432 2166 est
1463 2135 1535 2165 haec
1563 2134 1703 2174 locutio,

997 2185 1149 2226 adeoque
1173 2185 1286 2216 hiulca
1308 2190 1343 2216 et
1366 2185 1485 2216 nitoris
1509 2185 1702 2217 Caesareaui

999 2234 1223 2265 dissimillima
1253 2235 1376 2274 oratio,
1410 2239 1546 2275 tamque
1583 2243 1702 2275 parum

998 2296 1074 2317 cum
1102 2296 1155 2326 eo,
1180 2285 1270 2327 quod
1299 2285 1454 2327 sequitur
1479 2287 1490 2302 ⁴
1506 2284 1654 2316 Tametsi
1682 2293 1702 2315 a

999 2336 1123 2377 Duce,'
1140 2339 1204 2368 &c-
1221 2345 1386 2376 connexa,
1410 2342 1445 2367 ut
1474 2336 1584 2366 nullus
1607 2334 1702 2366 dubi-

999 2393 1080 2428 tem,
1103 2388 1183 2429 quin
1201 2396 1336 2418 sensum
1365 2387 1569 2428 ipsissimum
1593 2385 1704 2417 Caesa-

1000 2439 1045 2470 ris
1069 2438 1225 2479 attigerit
1249 2437 1460 2476 Ciacconius,
1487 2437 1569 2467 licet
1596 2435 1704 2467 verba

1000 2488 1099 2519 nimis
1134 2488 1296 2519 audacem
1327 2497 1398 2528 prae
1425 2495 1459 2517 se
1487 2485 1602 2516 ferant
1624 2494 1704 2517 con-

993 2540 1184 2580 jeconam
1223 2538 1279 2579 qui
1317 2537 1378 2568 hoc
1406 2535 1504 2567 modo
1530 2535 1704 2574 emendat,

1001 2591 1010 2607 ‘
1029 2590 1136 2621 Erant
1163 2587 1309 2629 (hostes)
1333 2591 1370 2618 et
1401 2587 1473 2617 loco
1501 2589 1538 2616 et
1564 2593 1704 2616 numero

999 2638 1211 2679 superiores:
1237 2637 1344 2668 nostri
1361 2635 1495 2667 tametsi
1520 2645 1539 2666 a
1559 2635 1646 2666 duce
1667 2639 1706 2666 et

1000 2698 1020 2722 a
1034 2688 1171 2720 fortuna
1185 2687 1440 2724 deserebantur,
1450 2691 1562 2717 tamen
1573 2695 1707 2717 omnem

1000 2749 1050 2781 sp.
1061 2739 1121 2771 sal.
1138 2739 1171 2770 in
1183 2739 1259 2769 virt.
1272 2737 1468 2778 ponebant.'
1484 2737 1590 2768 Clark.
1605 2737 1708 2768 'ram-

1001 2790 1065 2821 etsi
1095 2799 1113 2820 a
1139 2790 1213 2820 duce
1235 2791 1266 2819 et
1290 2798 1309 2818 a
1325 2787 1456 2824 fortuna
1471 2788 1704 2827 deserebantur,
