1818 3131
304 191 398 221 mu.
432 190 539 220 vm.
570 189 676 218 car.
696 180 766 219 40.
803 187 865 219 m:
899 189 1052 220 annuo
1084 190 1310 220 manico.

75 286 277 327 Metaphora
293 286 394 317 (lucta
409 290 461 316 est
479 294 497 315 a
514 293 550 314 re
567 282 771 318 nummaria;

76 338 213 378 proprie
244 337 331 367 enim
362 340 519 376 occeptum
545 332 661 371 refer-re
684 332 772 362 dir-e-

74 387 211 424 bantur,
227 388 283 428 qui
308 387 484 427 pecuniam
501 385 540 415 iis
564 387 771 414 numeratam

73 437 106 467 in
123 437 283 469 Codicem
298 437 413 476 accepti
434 434 638 465 referebant.
693 432 772 471 Sed,

75 487 164 528 quod
181 487 353 527 praecipue
369 485 564 522 notandum,
580 483 659 514 huic
681 483 772 513 lot-u-

75 537 159 568 tioni
191 537 350 567 Dativum
380 539 556 575 apponunt
582 534 636 565 alii
662 533 773 573 Scrip-

75 590 179 617 tores.
225 585 366 616 Ovidius
390 585 495 615 Trist.
519 585 570 615 El.
598 593 638 614 ιι.
663 586 693 613 1.
722 585 772 613 10.

73 636 82 652 ‘
101 634 291 676 Acceptum
309 634 418 665 refero
435 634 600 672 versibus,
620 642 693 665 esse
717 640 773 662 no-

72 685 178 717 cens)
232 686 396 716 Horatius
425 685 535 725 Epist.
568 693 608 715 ιι.
640 686 667 714 l.
698 685 771 713 23³.

74 737 83 753 ‘
104 735 245 767 Incultis
262 736 319 776 qui
337 735 503 774 versibus,
520 739 555 766 et
571 734 658 765 male
673 733 774 772 natis,

74 784 226 816 Rettulit
258 790 432 825 acceptos,
459 784 573 824 regale
596 783 772 821 numisma,

74 834 275 875 Philippos.'
342 834 397 865 Ad
429 844 505 865 eum
538 834 645 864 locum
678 833 776 874 plura

75 883 219 923 Dionys.
229 883 420 914 Lambinus.
455 885 557 915 Forte
570 883 672 923 igitur
684 882 774 923 apud

76 933 238 973 Hirtium,
268 934 391 964 omissa
417 933 672 974 praepositione,
694 932 774 963 scri-

75 982 222 1014 bendum
245 984 432 1014 detrimenta
448 983 517 1013 belli
535 983 712 1013 Gutum-ato
726 992 775 1012 uc-

74 1036 161 1072 cepta
189 1032 375 1070 referebant.
416 1033 529 1063 Dat-1⁶8.
584 1034 774 1062 Guturcalo.

75 1082 129 1113 lta
154 1082 335 1122 legendum
367 1082 453 1112 vidit
483 1082 653 1112 Davisius.
708 1081 776 1111 Alii

75 1140 191 1162 omnes
205 1131 358 1162 habenta
369 1132 564 1162 Guturvuto:
576 1140 651 1171 quac
662 1135 775 1161 tamen

75 1185 110 1212 et
125 1180 197 1221 ipsa
213 1181 315 1212 lectio
325 1180 414 1213 forte
425 1180 507 1211 ferri
521 1181 640 1221 possit.
667 1180 774 1210 Clark.

75 1231 104 1262 A
122 1230 322 1262 deleverunt
342 1232 415 1272 jam
427 1232 563 1262 Vas-cos.
578 1230 716 1270 Strada,
734 1231 775 1261 R.

76 1280 195 1321 Steph.
226 1280 360 1321 Gryph.
397 1280 462 1312 Ed.
502 1285 591 1321 post.
649 1281 776 1310 Verum

77 1329 159 1361 Mss.
171 1339 286 1361 omnes
302 1335 438 1361 servant
454 1329 730 1370 praepositionem
746 1338 776 1358 α.

78 1380 186 1411 Recte
202 1380 351 1421 quidem,
367 1380 394 1409 si
421 1379 520 1409 modo
536 1388 668 1409 mecum
685 1379 777 1418 legas

77 1430 130 1469 qui
145 1429 186 1469 ei,
202 1429 252 1460 uti
271 1435 321 1461 est
348 1430 381 1460 in
405 1429 526 1460 Petav.
551 1429 659 1468 Bong.
675 1438 727 1469 pr.
744 1432 778 1458 et

79 1480 162 1511 Leid
187 1489 259 1520 pr.;
289 1489 354 1521 quo
378 1478 462 1510 facit
478 1478 582 1509 etiam
598 1477 778 1516 secundus,

77 1531 134 1572 qui
151 1530 210 1562 dat
225 1541 293 1570 quo.
339 1530 470 1561 Milites
488 1529 685 1561 referebant
708 1530 778 1560 sive

77 1581 263 1612 narrabant
287 1581 330 1621 ei,
346 1581 457 1611 omnia
479 1580 684 1611 detrimenta
700 1580 779 1610 belli

76 1639 149 1662 esse
174 1636 317 1671 accepta
344 1641 363 1661 a
391 1631 572 1662 Gutruato.
617 1629 696 1660 Nou
723 1629 779 1660 ad·

79 1680 193 1712 fuerat
208 1682 296 1712 enim
318 1681 390 1721 ipse
408 1680 534 1711 Caesar.
567 1680 715 1719 Accipere
730 1679 780 1709 de-

77 1731 260 1761 trimentum
275 1729 313 1760 ab
327 1730 439 1769 aliquo,
450 1738 524 1759 cum
539 1728 628 1768 apud
644 1733 777 1759 ceteros

78 1781 276 1822 scriptores,
292 1785 362 1811 tum
379 1778 500 1811 crebro
526 1779 559 1809 iu
582 1778 672 1809 hisce
689 1788 778 1809 com-

79 1831 251 1863 mentariis
277 1830 437 1862 occurrit.
493 1829 582 1859 Vide
609 1828 709 1859 modo
737 1828 778 1859 B.

79 1882 154 1913 Civ.
172 1890 227 1913 ιιι.
245 1883 297 1912 72.
341 1880 376 1911 Si
397 1884 511 1911 tamen
529 1878 660 1909 Davisii
675 1878 779 1910 lectio

81 1941 101 1962 a
126 1931 223 1963 bonis
249 1930 422 1962 codicibus
451 1929 719 1969 confirmaretur,
741 1929 780 1959 iis

81 1980 257 2014 adsensum
295 1990 406 2012 meum
451 1989 518 2011 nou
565 1980 780 2019 denegarem.

82 2031 208 2063 Forsan
233 2037 342 2063 totum
368 2031 521 2062 Gutruaci
543 2039 664 2061 nomeu
688 2033 739 2059 est
762 2038 781 2059 e

81 2083 204 2116 Glossa
230 2088 353 2120 ortum,
378 2087 415 2114 ut
438 2083 466 2113 ei
493 2082 533 2113 ad
561 2082 780 2120 Gutruatum,

82 2142 147 2164 non
164 2133 205 2164 ad
224 2133 393 2164 Caesarem
409 2131 589 2164 referatur.

127 2191 260 2214 xxxix.
290 2186 303 2213 l
341 2183 391 2213 De
407 2183 547 2222 Drapete
567 2183 672 2223 gesta]
714 2182 780 2213 Ms.

83 2234 168 2274 Reg.
195 2243 213 2263 a
238 2233 388 2273 Dmpete,
409 2233 462 2271 ξε.
506 2232 551 2262 Et
568 2240 659 2271 sane,
673 2233 710 2262 de
725 2232 782 2262 ali-

83 2293 140 2323 quo
164 2282 234 2322 geri
262 2292 322 2322 pro
347 2290 400 2321 eo,
427 2281 518 2322 quod
545 2286 598 2312 est
622 2281 659 2311 de
682 2281 782 2322 aliquo

74 2333 164 2374 fieri,
181 2333 373 2363 inusitatior
397 2337 450 2363 est
476 2331 634 2372 loquendi
654 2331 782 2362 modus.

86 2386 193 2416 Clark.
241 2385 289 2415 De
313 2384 409 2414 abest
434 2393 453 2413 a
474 2384 571 2413 Voss.
599 2391 666 2413 sec.
683 2382 782 2413 male.

85 2435 183 2467 Gesta
211 2434 315 2473 idem,
331 2434 420 2475 quod
443 2436 523 2473 acta,
542 2432 644 2471 fucta.
698 2433 782 2465 Quae

83 2485 187 2517 verba
212 2484 335 2516 crebro
367 2485 456 2515 inter
483 2494 518 2514 se
551 2487 784 2524 permutantur

84 2535 126 2566 ab
150 2534 359 2567 auctoribus.
415 2534 535 2574 Virgil.
564 2534 606 2565 G.
631 2542 681 2565 ιν.
708 2536 782 2564 305.

82 2587 92 2602 ‘
113 2584 189 2616 Hoc
206 2585 361 2626 geritur.’
406 2584 474 2615 Adi
492 2585 597 2615 Gron.
623 2583 709 2614 Obs.
733 2592 783 2614 iv.

86 2628 139 2666 121.
177 2635 334 2666 Munker.
351 2634 393 2665 ad
409 2635 565 2675 Fulgeut.
583 2644 614 2674 p.
630 2636 683 2665 67.
727 2632 783 2663 Sic

86 2685 190 2723 Agere
205 2689 240 2715 et
253 2694 361 2724 gerere
376 2685 486 2725 Remp.
511 2684 628 2715 Get-ere
642 2688 677 2716 et
692 2693 785 2723 ogere

86 2733 195 2766 bellum
205 2744 220 2774 ,-
241 2738 277 2767 et
291 2739 408 2767 cetera
421 2734 475 2767 hie
491 2738 527 2766 et
543 2734 634 2767 alibi.

1410 181 1522 223 1309

869 291 925 314 xi..
949 287 967 315 3
994 285 1100 324 Neque
1114 284 1151 315 ob
1165 284 1391 325 oppugnatione
1405 284 1522 315 rideret

823 334 887 363 ulla
902 336 1072 364 condicione
1088 335 1186 365 recedi
1198 333 1299 374 posse]
1320 334 1525 365 Petaviauus

825 384 955 413 codex:
993 395 1087 424 mque
1112 385 1339 424 oppugnatione
1363 394 1450 425 posse
1477 395 1526 416 re-

823 433 897 471 cipi.
913 437 967 462 aue
983 434 1154 463 condicione
1165 434 1227 463 ullu
1238 434 1366 464 rideret.
1395 434 1527 466 Vossius.

826 481 1003 511 Pelavianl
1034 483 1170 512 Codicis
1198 483 1375 513 lectionem
1404 482 1527 524 probat

825 531 959 561 omnino
986 532 1178 562 Gruterus:
1213 532 1309 564 bene.
1365 534 1527 564 Caussam

825 581 915 611 enim
932 589 997 610 non
1016 580 1125 619 video,
1141 590 1202 611 cur
1216 582 1332 612 Caesar
1344 582 1386 612 ab
1399 591 1526 622 oppug-

826 629 963 660 natione
995 630 1157 660 recedere
1185 641 1249 661 non
1279 638 1403 670 posset,
1435 632 1528 661 salva

826 680 927 710 etiam
944 679 1195 710 existimatione
1211 690 1217 709 :
1237 688 1313 710 cum
1327 680 1425 710 modo
1441 681 1526 711 hanc

825 730 961 760 illamve
974 738 1126 760 caussam
1142 733 1331 768 praetexere
1343 729 1505 761 voluisset
1520 740 1528 767 ;

826 780 934 811 multo
950 779 1070 818 minus,
1084 784 1122 809 ut
1144 779 1178 810 id
1194 778 1266 810 fieri
1282 788 1346 809 non
1364 780 1528 819 potuerit,

825 831 887 860 ullu
902 829 1086 860 conditione.

868 883 889 910 6
915 880 992 914 Qua:
1011 888 1088 919 perte
1103 882 1203 910 totum
1226 881 1357 909 montem
1371 878 1529 919 cingebat]

828 931 918 964 Quid
946 931 1034 961 hoc?
1066 931 1162 961 vallis
1190 938 1276 970 pene
1303 934 1410 960 totum
1438 939 1530 960 mon-

829 987 895 1012 tem
923 981 1107 1021 cingebat?
1142 991 1203 1012 cur
1231 991 1295 1011 non
1323 981 1455 1012 totum?
1487 981 1530 1011 E-

828 1032 962 1070 mendo,
980 1032 1109 1062 Flumen
1126 1031 1261 1072 infimam
1282 1032 1393 1061 vallem
1413 1031 1530 1061 diride-

827 1082 892 1119 lmt,
916 1083 994 1122 quod
1013 1091 1090 1121 pene
1111 1084 1209 1110 totum
1228 1084 1359 1110 montem
1374 1079 1529 1118 cingebat.

828 1131 923 1163 Infra
953 1137 1072 1162 auctor
1100 1132 1172 1171 ipse
1199 1131 1249 1162 ait
1278 1141 1309 1162 c.
1337 1134 1389 1163 12.
1433 1133 1443 1148 ‘
1461 1131 1531 1162 Sub

828 1181 932 1221 ipsius
961 1181 1049 1211 enim
1078 1180 1197 1220 oppidi
1228 1189 1360 1211 murum
1391 1191 1531 1221 magnus

827 1230 905 1261 fons
929 1230 1169 1272 prorumpebat
1196 1229 1238 1261 ab
1264 1239 1304 1261 ea
1327 1235 1437 1270 parte,
1454 1239 1531 1271 quae

828 1280 899 1311 fere
931 1280 1054 1321 pedum
1083 1288 1145 1310 ccc
1175 1279 1355 1310 intervallo
1385 1278 1532 1310 fluminis

829 1330 974 1361 circuitu
997 1329 1164 1360 vacabat!
1209 1329 1338 1360 Merito
1355 1329 1439 1361 dicit
1455 1339 1533 1370 pene

829 1380 991 1420 oppidum
1007 1378 1145 1410 flumine
1161 1379 1310 1410 cinctum
1326 1379 1441 1419 fuisse,
1455 1389 1533 1411 cum

831 1435 1065 1461 trecentorum
1085 1434 1230 1470 tantum,
1245 1430 1298 1461 vel
1323 1429 1378 1460 vix
1403 1435 1534 1462 trecen-

830 1484 942 1510 torum
966 1479 1090 1520 pedum
1113 1480 1259 1520 spatium
1277 1486 1381 1519 esset,
1398 1490 1464 1522 qua
1485 1481 1534 1512 in-

831 1530 1044 1561 termittebat
1071 1530 1186 1561 amnis.
1232 1531 1319 1561 Sane
1344 1530 1469 1570 primus
1493 1540 1532 1561 ac

830 1580 995 1611 secundus
1017 1580 1241 1621 Bongarsiani
1265 1580 1363 1611 codd.
1387 1590 1451 1611 non
1472 1581 1533 1611 ha·

831 1630 913 1662 bent
927 1641 1017 1671 quae:
1040 1640 1103 1662 nec
1119 1634 1233 1661 tamen
1249 1630 1417 1671 quomodo
1431 1629 1533 1660 habe-

831 1686 922 1720 reut,
963 1685 1056 1712 reete
1093 1681 1208 1720 legere
1244 1680 1351 1720 potui.
1401 1679 1534 1711 Vossius.

830 1731 974 1771 Dionys.
991 1730 1127 1761 Vossius
1149 1730 1319 1769 emendat,
1354 1731 1433 1770 quod
1457 1739 1534 1770 pene

830 1784 940 1818 totum,
974 1783 1026 1820 ξε.
1072 1786 1111 1813 ut
1148 1782 1280 1813 scilicet
1301 1781 1434 1822 flumen,
1465 1790 1533 1812 non

830 1831 931 1871 vallis,
958 1831 1093 1862 dicatur
1124 1841 1209 1871 pene
1247 1836 1356 1862 totum
1383 1835 1534 1862 montem

831 1882 982 1922 cingere.
1018 1881 1196 1914 Quomodo
1212 1885 1247 1912 et
1270 1879 1361 1910 infra
1382 1881 1431 1911 ait
1454 1880 1535 1911 Hir-

832 1932 910 1971 tius,
926 1932 935 1948 ‘
951 1930 1022 1962 fere
1039 1931 1163 1971 pedum
1178 1939 1241 1962 ccc
1262 1930 1454 1968 intervallo,
1469 1929 1536 1969 flu-

831 1983 923 2013 minis
945 1982 1087 2013 circuitu
1115 1981 1261 2012 vacabat
1276 1979 1296 2011 :’
1322 1980 1410 2010 vallis
1432 1980 1535 2019 enim,

833 2041 892 2062 cur
921 2041 998 2071 pene
1027 2033 1136 2068 totum,
1162 2039 1230 2061 non
1259 2032 1358 2060 totum
1386 2034 1536 2061 montem

833 2082 970 2121 cingere
986 2081 1139 2112 dicatur?
1155 2080 1220 2111 Sed
1237 2085 1332 2112 recte
1349 2080 1536 2121 respondet

834 2131 1010 2171 cellarius,
1033 2131 1106 2162 fieri
1129 2130 1230 2162 etiam
1255 2141 1364 2171 posse,
1385 2136 1422 2162 ut
1448 2131 1538 2162 vallis

833 2186 981 2213 montem
995 2191 1071 2222 pene
1087 2184 1197 2220 totum,
1212 2190 1276 2211 non
1297 2183 1395 2212 totum
1411 2181 1536 2222 ipsum,

833 2232 970 2272 cingat;
1003 2231 1194 2272 depressior
1220 2231 1351 2262 scilicet
1376 2232 1445 2271 illa,
1475 2241 1537 2272 per

834 2292 933 2323 quam
951 2280 1076 2312 flumen
1100 2280 1245 2313 labatur.
1291 2282 1376 2314 Quae
1401 2281 1536 2313 demum

834 2332 860 2362 si
875 2341 955 2362 vera
971 2331 1072 2362 lectio
1095 2331 1150 2370 sit,
1174 2331 1240 2361 erit
1262 2330 1344 2361 iilud
1362 2341 1460 2371 porro
1478 2331 1536 2362 ob-

834 2381 1044 2421 servandum,
1060 2391 1102 2412 ex
1125 2391 1166 2412 eo
1191 2381 1279 2422 quod
1297 2380 1385 2411 infra
1401 2381 1535 2421 dicitur,

834 2434 843 2451 ‘
861 2433 985 2474 pedum
1002 2436 1134 2464 tantum
1154 2441 1217 2463 ccc
1238 2431 1535 2473 intervall1uu‚flu-

833 2483 926 2514 minis
947 2482 1094 2514 circuitu
1116 2481 1261 2520 vacare,'
1276 2481 1394 2522 utique
1411 2480 1534 2511 flumen

834 2533 956 2564 vallem
985 2532 1076 2563 illam
1107 2530 1252 2562 infimam
1285 2540 1351 2561 non
1382 2529 1534 2560 divisisse

835 2589 1073 2621 transversam,
1089 2582 1149 2613 sed
1174 2591 1236 2622 per
1257 2581 1400 2612 mediam
1426 2584 1535 2610 trans-

835 2634 901 2664 isse
933 2637 1006 2664 tota
1026 2643 1064 2664 ea
1091 2633 1141 2664 sui
1165 2637 1276 2672 parte,
1298 2640 1361 2671 qua
1384 2633 1534 2660 montem

836 2682 1006 2723 cingebat.
1044 2683 1150 2714 Clark.
1189 2681 1278 2716 Quod
1306 2679 1449 2719 margini
1476 2677 1534 2708 ad·

834 2733 917 2765 levit
947 2733 1169 2772 Vascosanus,
1200 2736 1236 2762 et
1266 2729 1411 2772 Lipsius.
1457 2727 1536 2764 Quis
