1818 3131
347 203 578 234 Liu.xiin
611 192 817 232 osv..ut
853 202 914 231 nn
950 202 1104 233 nanto
1135 201 1363 232 GAnticO.

130 298 216 327 sent:
239 303 257 326 a
283 305 350 336 qua
377 296 521 326 lectione
549 303 614 325 uon
640 292 739 323 modo
764 301 831 322 nou

132 346 262 376 alienus
279 355 364 381 sum,
388 346 446 375 sed
471 354 583 375 veram
609 343 693 373 adeo
717 342 831 380 credo,

132 400 170 426 ut
196 396 229 426 in
262 401 390 426 textum
419 395 616 434 receperim.
674 392 832 422 nehalim-e

133 454 195 485 pro
211 445 252 475 ad
269 444 476 476 rebellandum
492 444 543 474 vel
561 442 736 473 rebellandi.
767 441 833 472 Nc-

131 504 193 535 pos
220 496 297 535 Lys.
327 505 355 525 c.
381 497 412 524 3.
437 494 541 525 ‘Iuiit
566 493 708 524 consilia
736 500 832 529 reges

132 545 274 576 tollere!
302 545 403 575 Plura
420 544 495 574 vide
512 544 553 574 ad
572 553 635 574 vn.
650 546 703 573 26.
726 543 734 559 ‘
749 544 834 573 Con-

132 593 241 624 silium
271 598 437 634 ceperuut
467 593 673 634 profugere.r
707 598 741 623 ct
777 595 832 623 71.

129 644 139 661 ⁴
153 644 336 675 Consilium
354 645 449 684 cepit
466 653 597 674 omnem
615 653 633 674 a
651 653 686 674 se
704 642 835 682 equita-

132 698 203 724 tum
219 693 422 724 dimilterez'
450 698 484 723 et
513 694 606 724 Coi-t.
634 692 676 722 ad
692 692 773 723 Sall.
791 692 833 723 B.

131 744 210 785 Jug.
229 755 260 776 c..
278 748 329 775 59.
356 744 532 775 Drakenb.
557 744 599 775 ad
624 744 697 774 Liv.
727 751 780 774 ιιι.
803 746 833 774 4.

131 798 163 826 9.
189 795 291 826 Amat
308 800 420 826 autem
441 796 527 826 lianc
545 795 834 826 constructionem

134 845 280 876 Hirtius.
298 855 327 875 e.
347 848 398 876 19.
422 847 430 862 ‘
442 845 617 876 Excedere
635 845 753 885 proelio
769 854 834 875 non

132 895 256 925 adduci
287 895 431 935 potuitz'
462 905 492 926 c.
523 899 576 927 49.
601 895 835 935 ‘propositum

130 943 278 975 habebat
296 946 470 976 continere
488 945 678 976 civitates?
697 945 753 976 ubi
771 954 836 976 non

133 993 292 1024 audiendi
320 995 403 1025 Mss.
433 995 568 1035 quidam
583 996 770 1027 continendi.
796 997 836 1027 B.

131 1043 208 1074 Afr.
223 1054 253 1074 c.
268 1048 322 1075 75.
335 1048 343 1063 ‘
361 1045 539 1076 Haberent
556 1045 754 1076 facultatem
773 1046 837 1076 cir-

133 1093 340 1125 cumfundi:'
366 1100 401 1126 et
430 1095 544 1126 Caesar
574 1095 649 1125 aliis
678 1096 772 1125 locis.
798 1096 837 1126 B.

133 1142 208 1176 civ.
225 1153 250 1175 1.
268 1147 319 1176 83.
342 1145 351 1161 ‘
367 1145 522 1186 Uterque
547 1150 664 1176 tenere
688 1145 838 1185 proposi-

130 1197 204 1224 tum
222 1193 414 1225 videbatur.
460 1195 586 1235 Caesar,
608 1195 671 1225 nisi
689 1200 837 1233 coactus,

133 1245 292 1284 proelium
319 1254 383 1275 non
400 1245 640 1276 committere!
681 1246 738 1277 Sic
754 1246 837 1278 Mss.

133 1294 234 1336 vulgo
249 1298 284 1326 ut
296 1295 514 1326 committeret.

177 1348 198 1376 9
222 1345 444 1384 Indignatione
466 1349 495 1376 et
519 1346 620 1376 dolore
636 1345 839 1386 vinculorum]

136 1395 229 1436 Lege
245 1394 449 1433 indignitate,
463 1395 563 1426 sicuti
577 1394 657 1425 dant
674 1396 838 1436 Bongars.

135 1450 218 1485 tres,
245 1446 367 1476 Petav.
393 1445 553 1485 Gottorp.
580 1446 677 1476 Voss.
710 1451 747 1476 et
774 1446 840 1486 Eg-

135 1495 248 1526 mond.
273 1495 382 1526 Dacis.
415 1504 486 1526 cur.
517 1505 584 1526 sec.
633 1495 720 1526 Mss.
737 1495 841 1526 etiam

137 1545 334 1584 Leidenses,
349 1545 518 1585 Vossiaui,
536 1545 660 1585 Scalig.
676 1546 788 1576 Palat.
806 1549 842 1576 et

138 1596 272 1626 Carrar.
287 1605 363 1626 cum
381 1595 444 1625 Ed.
460 1595 531 1626 Inc.
547 1595 746 1634 indignitate.
771 1595 843 1626 Cae-

137 1655 190 1676 sar
215 1646 256 1677 B.
285 1646 329 1677 G.
356 1654 395 1676 11.
420 1648 471 1676 14.
509 1645 661 1676 ‘Omnes
699 1646 842 1686 indigni-

138 1699 227 1726 tates
256 1695 546 1736 contumeliasque
572 1694 750 1735 perferre.’
777 1704 842 1727 vn.

138 1750 192 1777 56.
227 1744 398 1777 ‘Infamia
428 1750 530 1786 atque
562 1746 741 1786 indignitas
770 1745 842 1776 rei.’

139 1795 188 1826 At
208 1795 421 1836 indignatione
438 1806 480 1826 ex
497 1796 580 1826 meis
598 1802 735 1826 servant
753 1796 843 1826 And.

140 1845 254 1875 Oxon.
287 1846 415 1876 Lovan.
446 1845 591 1875 Dorvill.
629 1851 663 1874 et
695 1845 772 1883 Cuj.
801 1845 843 1875 de

140 1903 206 1936 qua
221 1893 417 1926 confusione
435 1894 512 1924 vide
535 1895 587 1925 Cl.
606 1894 783 1925 Drakenb.
802 1895 843 1925 ad

141 1945 213 1977 Liv.
230 1954 269 1977 ιι.
286 1948 338 1977 16.
363 1945 457 1976 Dein
473 1948 503 1975 et
515 1946 617 1976 dolore
630 1954 696 1975 non
710 1955 845 1985 compa-

139 1999 217 2026 rent
232 1995 266 2025 in
283 1995 401 2035 Cujac.
420 1995 544 2026 Petav.
567 1995 674 2034 Bong.
694 2005 743 2035 pr.
769 1996 845 2026 Sca-

139 2043 306 2085 lig.'And.
338 2045 434 2076 Leid.
463 2055 514 2085 pr.
543 2050 577 2075 et
603 2045 716 2076 Oxou.
740 2053 846 2085 eaque

141 2094 246 2125 verba
268 2095 368 2125 nauci
394 2104 461 2126 non
479 2100 637 2126 aestumat
663 2095 846 2126 Gruterus.

144 2144 223 2175 Non
241 2154 346 2175 ausim
373 2149 488 2175 tamen
506 2145 733 2185 proscribere,
755 2145 848 2184 licet,

143 2193 170 2224 si
187 2193 357 2233 abessent,
374 2204 439 2225 non
457 2203 580 2234 magno
597 2204 701 2235 opere
718 2195 848 2226 deside-

146 2253 269 2274 rarem.
307 2243 354 2274 At
369 2244 502 2275 Velleio
515 2254 647 2285 quoque
655 2245 848 2285 junguntur

144 2301 186 2324 11.
210 2295 262 2323 61.
286 2294 295 2309 ‘
314 2293 505 2333 Indignatio
531 2299 566 2325 et
584 2295 678 2326 dolor
695 2295 848 2326 omnibus

143 2343 288 2375 aderat.'
335 2345 443 2376 Immo
461 2345 576 2377 Caesar
598 2347 641 2377 B.
658 2347 732 2378 Civ.
757 2356 781 2378 1.
796 2350 848 2378 84.

144 2395 155 2412 ‘
169 2404 281 2437 neque
297 2405 443 2436 corpore
461 2397 626 2437 dolorem,
648 2407 760 2439 neque
784 2398 852 2429 ani-

144 2454 198 2477 mo
217 2445 433 2486 ignominiam
450 2446 541 2478 ferre
558 2447 678 2487 posse!
714 2449 852 2479 Utrum-

145 2504 212 2537 que
231 2495 274 2525 de
290 2496 400 2527 animo
424 2497 463 2527 B.
484 2496 556 2528 Civ.
580 2506 634 2528 111.
653 2500 706 2529 21.
729 2499 738 2515 ‘
754 2497 853 2538 Igno-

145 2545 249 2577 minia
265 2550 298 2576 et
316 2546 434 2577 dolore
453 2546 651 2587 permotus.’

191 2597 232 2626 10
255 2594 328 2626 Sese
340 2595 406 2626 cibo
419 2596 584 2636 abstinuit]
619 2597 695 2629 Hoc
712 2597 853 2629 verbum

147 2643 248 2684 vulgo
274 2645 510 2676 intransitivum
539 2651 716 2685 censetur;
747 2648 778 2678 ei
806 2652 853 2679 ta-

147 2700 225 2724 men
241 2694 310 2726 vim
332 2696 468 2740 beticam
492 2697 646 2729 tribuunt
672 2697 754 2729 boni
778 2707 854 2729 auc-

147 2745 252 2776 tores.
295 2744 411 2778 Livius
441 2754 520 2779 xxx.
548 2750 603 2781 49.
638 2748 779 2790 ‘Usque
805 2748 847 2781 ad

1466 190 1579 232 1317

882 295 990 325 lucem
1018 300 1117 335 portu
1148 305 1179 325 ne
1205 291 1440 324 ebutium-unt!
1494 291 1582 322 Lac-

883 345 1009 374 tantius
1040 345 1082 374 d«-
1116 346 1163 374 ira
1196 344 1261 375 Dei
1291 354 1320 373 r.
1351 345 1400 372 10.
1422 341 1523 373 ‘Quo
1549 351 1581 372 se

882 392 1032 423 homiues
1050 395 1197 434 imperiti
1216 404 1234 423 a
1251 392 1424 433 peccando
1447 391 1583 422 abstine-

881 443 974 472 reut.'
1023 445 1229 476 Augustinus
1245 453 1318 473 cum
1336 443 1428 480 alibi,
1447 448 1518 472 turn
1540 441 1584 472 do

883 494 922 525 C.
943 494 986 524 D.
1006 503 1028 524 ι.
1041 498 1072 523 9.
1097 497 1105 510 ‘
1122 494 1173 523 Ab
1190 503 1301 523 eorum
1321 493 1584 533 reprehensione

882 552 944 574 sese
957 540 1134 573 alutinenU
1159 543 1243 573 vislv
1261 548 1294 572 ct
1314 543 1357 572 G.
1377 543 1412 574 J.
1431 541 1585 572 Vossium

885 593 926 623 de
959 593 1152 623 Consti-net.
1182 602 1211 623 c.
1238 596 1290 623 22.
1327 592 1435 622 Duris.
1491 591 1585 621 Male

884 643 997 684 itaque
1015 653 1078 674 sese
1095 643 1192 673 abest
1218 643 1260 673 ab
1285 643 1396 673 Oxou.
1416 647 1451 672 et
1476 642 1586 681 Bong.

885 704 952 725 sec.
966 699 1002 725 et
1019 694 1105 724 Edd.
1124 695 1220 724 Rom.
1237 693 1331 723 Med.
1348 694 1433 723 Ven.
1449 691 1586 732 Reliqui

886 745 968 775 Mss.
985 748 1021 775 et
1048 743 1136 775 Edd.
1155 744 1272 784 primae
1299 743 1439 782 aliaeque
1465 741 1530 771 cibo
1556 751 1589 771 se

884 794 964 824 abst.
989 793 1158 835 quomodo
1176 792 1326 823 exhibui.
1359 792 1474 821 Valer.
1492 790 1588 820 Max.

886 853 909 874 1.
925 847 955 874 4.
973 844 1006 874 in
1031 843 1055 874 f.
1080 845 1089 861 ‘
1103 843 1266 874 abstinuit
1291 852 1326 873 se
1355 842 1397 872 ab
1414 842 1487 882 ejus
1504 841 1588 872 tecti

886 894 979 925 usuz'
1008 904 1038 925 c.
1054 897 1086 925 6.
1114 895 1227 934 §Exn
1247 897 1275 924 l.
1299 894 1358 923 ‘se
1382 892 1423 922 ab
1450 891 1589 931 incepto

887 945 1060 985 proposito
1077 943 1289 981 abstineret‚’
1311 942 1367 972 ubi
1384 941 1460 972 vide
1478 939 1589 971 soceri

888 996 954 1025 mei
973 1000 1082 1026 notas.

931 1054 1011 1076 xlx.
1026 1049 1045 1076 4
1070 1043 1221 1083 Redegit]
1269 1044 1352 1074 Mss.
1370 1042 1496 1073 rectius
1511 1041 1593 1072 redi-

886 1095 948 1133 git.
975 1094 1084 1124 Clark.
1129 1094 1244 1124 Etiam
1272 1093 1355 1124 Mss.
1373 1093 1439 1122 mei
1463 1095 1592 1132 praeter

892 1145 1013 1175 Petav.
1045 1143 1162 1183 Cujac.
1190 1142 1264 1173 Pal.
1292 1141 1389 1172 Leid.
1423 1151 1474 1182 pr.
1504 1140 1593 1171 Scal.

891 1194 1003 1226 Quare
1042 1194 1090 1224 nil
1127 1198 1233 1224 muto.
1302 1191 1594 1232 Frequentissime

890 1254 1043 1285 praeseus
1066 1248 1102 1275 et
1127 1242 1340 1284 praeteritum
1364 1241 1463 1282 jungi
1491 1250 1596 1281 supra

891 1295 1072 1335 aliquoties
1090 1292 1293 1324 monendum
1309 1291 1386 1322 fuit.
1432 1292 1596 1322 Ceterum

891 1344 1049 1385 plerique
1079 1343 1232 1374 ordinem
1262 1346 1396 1372 mutant
1422 1341 1540 1381 redigit
1564 1342 1597 1372 in

891 1404 978 1425 suam
992 1397 1058 1434 pot.

935 1448 952 1474 5
980 1444 1023 1474 Et
1039 1443 1166 1474 virtutis
1188 1445 1218 1473 et
1238 1442 1361 1481 generis
1380 1450 1531 1471 summam
1546 1450 1598 1471 no-

892 1493 1046 1524 bilitatem
1074 1492 1220 1532 habebat]
1279 1492 1362 1522 Mss.
1395 1491 1530 1522 Carrar.
1561 1495 1599 1521 et

893 1544 1001 1575 Norv.
1033 1553 1108 1574 cum
1137 1543 1236 1574 editt.
1269 1546 1354 1573 vett.
1384 1542 1481 1572 Rom.
1511 1541 1598 1572 Ven.

893 1594 1052 1625 Beroald.
1100 1594 1144 1624 Et
1159 1595 1306 1624 virtutem
1329 1596 1357 1624 et
1377 1593 1499 1631 gmieris
1519 1601 1599 1622 sum-

892 1653 974 1674 mam
989 1643 1183 1676 nobilnutem
1198 1643 1340 1681 habebat,
1368 1648 1416 1680 ut,
1446 1648 1600 1681 transpo-

894 1694 958 1724 sita
973 1703 1070 1732 voce,
1088 1694 1152 1733 legi
1178 1693 1286 1734 possit
1308 1702 1458 1723 summum
1481 1694 1511 1722 et
1537 1691 1600 1721 tir-

894 1746 993 1774 tutem
1022 1746 1052 1773 et
1080 1743 1206 1782 generis
1232 1742 1428 1772 nobilitatem
1457 1739 1601 1771 habebat.

897 1793 1081 1833 Vulgatam
1121 1794 1323 1833 scripturam
1365 1801 1430 1821 non
1467 1799 1601 1821 moveO.

897 1843 1010 1873 Daris.
1035 1843 1118 1873 Mss.
1137 1843 1328 1882 complures
1342 1842 1501 1871 virtutem.
1529 1838 1599 1871 Sed

896 1894 1087 1935 elegantior
1110 1898 1164 1925 est
1180 1894 1320 1933 vulgata
1340 1893 1452 1923 lectio.
1493 1890 1602 1921 Clark.

901 1946 1055 1977 Virtutem
1072 1945 1170 1976 estin
1198 1944 1383 1981 Vossianis,
1411 1942 1508 1973 Leid.
1534 1950 1602 1972 sec.

897 2000 976 2026 tert.
988 1995 1151 2034 Gottorp.
1168 1995 1294 2024 Lovan.
1306 1993 1452 2024 Dorvill.
1466 1996 1502 2023 et
1514 1990 1603 2023 Edd.

898 2045 1024 2084 primis.
1061 2043 1130 2074 Sed
1147 2044 1234 2074 male
1253 2044 1293 2075 B.
1310 2043 1353 2074 G.
1369 2052 1393 2073 1.
1410 2046 1463 2073 28.
1486 2043 1496 2059 ‘
1511 2050 1606 2082 egre·

898 2095 952 2135 gia
975 2095 1101 2125 virtute
1125 2093 1290 2133 coguiti:'
1309 2092 1366 2123 ubi
1395 2092 1473 2122 vide
1499 2091 1604 2122 Davi-

899 2145 996 2176 sium.
1042 2143 1136 2175 Alibi
1153 2145 1203 2175 ita
1231 2144 1346 2174 Caesar
1361 2143 1411 2174 ait
1434 2144 1443 2159 ‘
1460 2141 1605 2172 Virtutis

899 2194 1046 2227 famam.'

943 2255 1039 2278 xmn.
1062 2249 1082 2277 6
1110 2245 1174 2277 Ubi
1196 2248 1369 2276 extremum
1384 2243 1518 2284 tempus]
1562 2242 1606 2273 In

900 2297 986 2329 Mss.
1014 2306 1068 2337 pr.
1087 2305 1155 2327 sec.
1179 2300 1259 2326 tert.
1289 2295 1398 2333 Bong.
1427 2298 1464 2324 et
1491 2293 1604 2324 Palat.

901 2352 995 2379 recte
1011 2347 1150 2388 legitur,
1166 2349 1202 2377 ut
1217 2345 1281 2377 nbi.
1309 2345 1394 2376 Voss.
1427 2344 1510 2375 Mss.
1537 2344 1607 2384 ple-

902 2398 996 2439 rique
1011 2402 1046 2428 ut
1065 2397 1108 2428 ibi
1125 2403 1228 2428 recte.
1256 2397 1366 2426 Clark.
1417 2395 1479 2426 Ubi
1496 2400 1547 2425 est
1571 2395 1606 2424 in

903 2449 980 2481 Pet.
1013 2447 1125 2479 Oxou.
1184 2447 1231 2478 At
1261 2446 1385 2487 reliqui
1412 2454 1489 2476 cum
1518 2443 1606 2474 Edd.

903 2499 1020 2539 primis
1050 2499 1170 2539 steph.
1199 2497 1347 2538 aliisque*
1364 2499 1397 2526 ut
1420 2495 1485 2530 ibi;
1518 2492 1608 2533 quod

903 2551 1058 2590 reposui:
1077 2552 1108 2580 ct
1122 2549 1175 2580 ubi
1193 2548 1286 2579 Leid.
1303 2557 1369 2578 sec.

945 2603 967 2631 9
991 2601 1070 2632 Cum
1087 2601 1222 2641 equitum
1234 2596 1396 2639 praesidio]
1431 2596 1506 2626 Non
1519 2593 1607 2625 bene

905 2650 1072 2682 Gruterus
1089 2649 1299 2691 praeferebat
1315 2658 1358 2686 eq.
1374 2645 1520 2686 praesidm
1536 2644 1608 2674 sine

902 2711 1006 2732 cume
1023 2701 1106 2732 Mss.
1136 2700 1216 2738 suis,
1245 2698 1440 2739 quibuscum
1469 2694 1607 2737 quidem

904 2752 1121 2784 consentiunt
1150 2754 1224 2782 tum
1256 2748 1409 2790 aliorum,
1438 2749 1512 2780 tum
1539 2745 1607 2779 mei
