1818 3131
358 179 527 208 1Ass.in
560 168 845 207 cAv.24.nn
882 179 1033 208 nunno
1065 179 1292 209 GAIAACo.

101 270 247 306 logionos
275 269 305 299 in
332 271 427 310 plura
443 269 600 300 hiberna:
626 268 792 308 quomodo

101 320 204 357 igitur
235 320 267 350 in
296 320 411 350 urbem
443 329 538 350 unam
569 319 791 358 compulerit?

100 368 291 400 Almirdum
308 379 385 400 sane
406 368 452 406 id,
469 367 715 408 utjampridem
734 368 791 398 ob-

97 424 265 449 servatum
280 427 398 457 magno
415 418 616 458 Geograplio
631 418 790 458 Philippo

99 468 255 498 Cluvcro.
299 467 365 498 Sed
395 467 500 507 qnarri
531 467 648 507 possit,
677 468 733 497 ubi
755 473 791 498 et

97 517 217 557 quibus
247 517 394 547 terminis
421 518 537 547 clausa
565 516 666 548 fuerit
696 518 790 554 regio

96 567 171 597 illa:
197 567 359 597 Cluverus
384 567 510 597 claudit
528 576 599 598 eam
626 568 790 608 Sequana,

97 617 239 657 Eaiaque
277 615 480 654 fluminibus,
515 618 590 648 hinc
628 618 716 648 linea
747 619 788 648 ab

96 667 171 698 Esia
193 667 233 697 ad
256 667 420 698 Smnnrim
445 666 580 704 flumen,
605 672 638 698 et
662 668 788 698 samari

92 716 169 746 inde
181 716 329 752 Oceano,
345 727 382 748 ac
396 722 600 757 postremum
619 718 705 748 linea
719 728 787 749 rec-

94 771 129 796 ta
148 767 281 804 Belgas,
297 776 315 796 a
340 766 516 798 Caletibns
533 778 572 797 ac
589 769 788 799 Veliocassi—

92 814 351 846 bus'disccrnit:
377 825 455 846 sane
480 826 543 847 non
568 817 714 848 arbitror
736 828 787 849 ac-

90 865 239 895 curatius
275 865 419 895 desei-ibi
450 867 612 905 potitisse.
666 868 787 909 Itaque

90 915 121 944 in
146 915 264 953 Belgio
281 914 417 946 fuerunt
440 917 624 955 Bellovaci,
646 922 681 948 ut
706 919 786 948 satis

90 964 205 995 Caesar
221 964 293 1003 ipse
317 966 476 1003 ostendit,
493 976 566 996 cum
583 967 670 997 infra
689 968 785 998 Cra-*-

90 1023 161 1044 sum
178 1023 217 1043 ex
235 1014 423 1045 Bellovacis
443 1021 592 1053 revoc-at,
617 1027 714 1057 quem
732 1018 784 1048 liic

85 1064 122 1094 in
140 1064 261 1103 Belgio
287 1065 490 1095 collocatum
516 1066 619 1097 dicit:
645 1067 702 1097 sed
722 1067 785 1097 t'or-

90 1114 184 1145 tassis
200 1119 312 1144 tamen
337 1114 424 1145 haud
450 1120 580 1155 peccet,
605 1116 660 1156 qui
685 1117 782 1146 latius

89 1163 242 1204 Belgium
278 1164 453 1203 extendat,
483 1165 640 1195 nimirum
673 1166 714 1196 ab
744 1175 784 1196 ea

89 1218 197 1253 parte,
213 1223 279 1254 qna
289 1213 410 1254 jacent
430 1214 648 1245 Veliocasses.
696 1216 782 1246 Nam

88 1263 202 1294 Caesar
216 1263 370 1303 superius
387 1263 428 1294 de
452 1264 629 1295 Britannia
645 1265 782 1305 loquens

88 1314 195 1346 dixit:
221 1316 229 1332 ‘
245 1315 417 1346 Maritima
443 1325 520 1356 pars
542 1316 586 1347 ab
614 1317 652 1346 iis
668 1317 782 1348 int-oli-

90 1370 156 1399 tur,
184 1364 239 1404 qui
278 1364 404 1403 praedae
433 1373 472 1394 ac
505 1365 584 1395 boni
616 1365 782 1396 inferendi

88 1422 206 1443 caussa
223 1423 264 1444 ex
280 1414 398 1453 Belgio
415 1415 628 1452 transierant,
643 1416 700 1456 qui
718 1426 784 1447 cm-

86 1471 145 1493 nes
161 1462 233 1493 fere
255 1463 293 1493 iis
316 1464 503 1495 nominibus
529 1466 703 1496 civitatum
728 1475 783 1506 ap-

86 1512 266 1552 pellantur,
285 1513 406 1553 quibus
430 1514 496 1543 ovi
524 1524 565 1544 ex
587 1515 782 1546 civitatibus

85 1571 124 1592 eo
139 1563 390 1602 pervenerunt.'
438 1564 544 1595 Erant
570 1571 683 1596 autem
705 1567 782 1596 Vel-

85 1611 231 1642 iocasses
247 1613 449 1644 contermini
475 1614 538 1645 illis
556 1615 731 1653 tractibus,
747 1620 782 1646 et

86 1661 118 1691 in
136 1661 306 1692 Britannis
323 1663 444 1693 Cassos
458 1662 559 1694 fnisse
584 1673 625 1694 ex
649 1665 781 1696 Caesare

85 1710 253 1741 discimus.
299 1712 396 1742 Unde
417 1713 579 1753 aruspicari
604 1715 781 1754 possimus,

85 1769 205 1791 nomen
222 1761 282 1791 hoc
306 1771 347 1791 ex
372 1762 429 1792 illo
452 1762 595 1801 factum,
618 1767 654 1794 et
670 1764 781 1795 Vello-

83 1819 193 1842 casses
204 1811 306 1841 etiam
330 1812 362 1841 in
383 1812 522 1851 Belgica
542 1812 657 1845 fuisse.
701 1814 780 1845 Scio

83 1859 239 1900 equIdem
263 1870 365 1901 supra
388 1862 512 1893 dixisse
539 1872 592 1894 me
623 1864 779 1894 arbitrari

86 1909 266 1949 Cenimagni
299 1918 494 1952 corrupt-um
532 1922 574 1944 ex
606 1914 779 1945 Cenomani.

84 1960 149 1991 Sed
167 1960 213 1990 illi
230 1961 369 1992 Celticae
395 1962 523 2002 populi,
548 1967 584 1994 et
608 1964 779 2005 hucusque

83 2010 236 2051 Belgium
264 2015 440 2042 extensum
459 2011 560 2043 fuisse
578 2023 673 2044 nemo
697 2020 779 2054 puto

85 2065 151 2091 tam
168 2061 328 2101 insipidus
344 2067 407 2099 est,
423 2063 479 2103 qui
504 2063 698 2102 arbitretur,
721 2069 779 2095 ant

84 2119 136 2140 ine
153 2115 270 2149 putare
286 2111 469 2142 existimet.
508 2113 562 2143 De
581 2113 780 2144 Veliocassi-

85 2159 146 2190 bus
170 2160 380 2191 verisimilior
396 2171 449 2191 res
462 2166 528 2193 est.
573 2162 643 2193 Ant
666 2163 779 2194 dicen-

86 2207 176 2245 dum,
190 2218 263 2238 cum
279 2209 393 2240 Caesar
409 2209 456 2240 ait
478 2219 520 2240 ex
544 2211 662 2250 Belgio
675 2211 780 2243 natio-

85 2267 144 2288 nes
171 2258 202 2287 in
225 2258 432 2289 Britanniam
457 2259 639 2297 transiisse,
663 2260 695 2290 id
713 2261 780 2292 dic·

85 2312 155 2338 tum
172 2315 237 2337 non
254 2307 330 2347 quia
345 2316 387 2337 cx
403 2308 473 2338 solo
491 2308 610 2349 Belgio
626 2309 683 2339 sed
701 2311 779 2341 vici-

83 2356 133 2387 nis
169 2358 271 2386 etiam
304 2356 479 2395 tractibus,
506 2358 662 2398 omnique
694 2359 779 2391 adeo

83 2406 249 2436 maritima
265 2415 322 2436 ora
338 2415 377 2437 eo
395 2412 619 2447 transgressas
646 2409 678 2438 in
706 2409 779 2439 Bri-

83 2455 228 2486 tanniam
244 2454 358 2486 fuisse.
394 2455 492 2488 Quod
509 2455 608 2487 facile
626 2457 779 2488 credide-

85 2504 169 2542 rim3
196 2504 384 2544 praesertim
409 2514 483 2535 cum
507 2506 608 2537 sciam
640 2507 778 2538 Venetis

86 2562 216 2594 qnoque
245 2554 448 2585 commercia
491 2564 567 2585 cum
607 2557 779 2587 Britannis

86 2601 200 2634 fuisse.
251 2604 321 2642 Sed
350 2604 432 2635 illud
469 2605 574 2646 magis
606 2606 718 2645 miror,
745 2607 779 2637 in

87 2651 215 2683 nemine
236 2653 301 2684 alio
324 2658 474 2686 veterum
489 2660 662 2687 auctorum
679 2657 778 2697 lmjns

87 2700 194 2742 Belgii
205 2702 406 2736 mentionem
420 2704 574 2737 inveniri.
600 2706 674 2738 Nisi
689 2707 777 2748 quod

1428 169 1538 209 1101

842 268 976 298 Servius
1001 271 1109 301 obiter
1136 272 1176 302 ad
1203 270 1362 311 Georgic.
1389 279 1442 301 ¹1¹.
1464 274 1539 302 20¹1.

841 318 850 333 ‘
868 319 1007 357 Belgica
1024 322 1075 350 vvl
1094 322 1182 351 molli
1204 321 1320 351 melius
1345 320 1433 351 feret
1450 331 1538 351 esse-

843 368 886 398 da
914 370 1022 399 rullo.v
1058 373 1065 387 ⁶
1084 372 1222 408 nvlgiea
1248 371 1390 408 ‹essedass
1417 371 1540 411 inquit,

841 417 1046 449 ‘Gallicana
1084 420 1245 450 vehicula.
1306 420 1391 450 Nan·-
1421 420 1538 460 Belgae

841 467 961 497 civitas
987 474 1039 498 est
1063 470 1195 505 Gallim,
1214 471 1326 510 inqua
1349 471 1537 509 hujusmodi

842 517 983 547 vehiculi
1002 524 1155 556 repertus
1173 524 1223 548 cst
1245 523 1344 550 risus!
1375 520 1442 550 Ubi
1460 520 1538 550 Bel-

842 566 930 605 gium
947 567 988 596 ab
1011 576 1050 596 eo
1077 567 1218 607 intelligi
1236 568 1372 599 dubium
1389 579 1453 600 non
1474 574 1537 608 est,

840 625 914 645 nam
932 625 1061 646 oumezu
1089 617 1260 656 Belgicam
1277 618 1421 649 Galliam
1439 629 1537 650 nemo

839 665 986 705 ejusdem
1012 666 1158 696 civitatis
1186 668 1317 697 nomine
1341 670 1537 708 complexus

839 720 902 746 est.
936 715 1071 747 Voss-ius.
1117 717 1201 747 Cum
1233 717 1403 757 pleraeque
1434 718 1535 757 legio-

838 773 910 803 nes,
926 765 968 794 do
985 765 1102 805 quibus
1119 771 1219 796 autea
1239 766 1371 796 locutus
1388 772 1440 797 est
1465 768 1537 798 (ῥιν-

837 824 902 853 sar,
930 815 963 844 in
984 815 1096 845 Gallia
1122 815 1261 855 Belgica
1284 815 1409 846 fuerint
1437 817 1537 848 collo-

837 869 933 902 catae,
966 864 1030 894 l’li.
1061 864 1238 894 Cluverius
1276 865 1392 896 Germ.
1425 869 1535 897 1¹.ll.

837 914 955 943 asserit
975 914 1127 953 Belgium
1150 915 1286 954 proprie
1310 914 1437 946 dictum
1455 915 1536 946 Gal-

837 963 889 993 11ae
911 964 1056 1002 Belgicae
1075 963 1176 994 fuisse
1202 969 1346 1004 partem,
1363 974 1436 1005 quae
1457 966 1535 995 Bel-

837 1012 982 1049 lovacos,
996 1022 1188 1052 paucosque
1202 1013 1284 1042 alios
1300 1014 1440 1053 populos
1454 1023 1534 1044 con-

836 1061 971 1092 tineret.
1017 1062 1061 1091 Et
1089 1071 1167 1092 sane
1197 1062 1243 1092 ita
1270 1072 1305 1093 se
1333 1072 1386 1093 res
1410 1063 1534 1094 habeat

835 1116 985 1151 oportet,
1003 1121 1078 1142 cum
1102 1116 1137 1142 et
1161 1112 1316 1143 Lucanus
1340 1112 1381 1143 de
1398 1113 1438 1144 B.
1454 1114 1491 1144 C.
1509 1123 1533 1144 ι.

834 1165 907 1193 426.
925 1168 1101 1204 postquam
1120 1164 1247 1194 Leucos
1263 1168 1298 1194 et
1311 1164 1393 1195 alios
1409 1164 1532 1195 Galiiae

834 1212 984 1252 Belgicae
998 1214 1136 1254 populos
1146 1214 1360 1252 memoravit,
1373 1214 1453 1254 aiat,
1466 1216 1474 1232 ‘
1490 1215 1534 1245 Et

835 1260 954 1292 docilis
972 1268 1086 1293 rector
1106 1264 1241 1294 rostrati
1264 1264 1373 1303 Belga
1389 1264 1532 1295 Covini.’

834 1311 920 1341 Vide
934 1312 1038 1342 Hadr.
1053 1313 1226 1344 Valesium
1243 1318 1314 1344 not.
1328 1314 1418 1345 Gall.
1435 1323 1466 1354 p.
1479 1317 1533 1346 79.

834 1362 885 1389 80.
905 1360 1014 1390 Davi«.
1045 1360 1121 1392 Non
1139 1367 1232 1392 recte
1249 1362 1483 1393 Hotomannus
1499 1364 1533 1393 in

833 1409 946 1448 Belgis
974 1410 1026 1440 hic
1059 1411 1223 1450 praetulit,
1247 1412 1397 1452 quamvis
1422 1412 1532 1443 faten-

833 1459 910 1490 dum
928 1461 983 1498 sit,
999 1461 1045 1491 ita
1062 1461 1164 1492 scribi
1188 1461 1225 1492 in
1249 1461 1431 1493 Codicibus
1458 1468 1531 1493 tan-

833 1514 902 1540 tum
930 1520 995 1541 non
1016 1511 1192 1548 oninibus3
1227 1520 1303 1541 nam
1330 1511 1386 1541 ubi
1412 1511 1457 1542 ita
1484 1512 1532 1542 lo·

833 1560 947 1600 quitur
974 1560 1101 1599 Caesar,
1131 1560 1294 1601 intelligit
1321 1565 1424 1592 totam
1449 1562 1531 1592 Gal-

832 1609 909 1639 liam
926 1610 1109 1650 Belgicam.
1156 1610 1223 1641 Hic
1240 1620 1318 1641 vero
1335 1612 1408 1652 capi
1424 1612 1530 1643 debet

834 1659 875 1689 de
893 1660 1039 1700 Belgicae
1059 1664 1168 1700 parte,
1185 1661 1321 1701 proprie
1343 1662 1434 1693 dicta
1456 1663 1531 1693 Bel-

830 1709 901 1747 gio:
925 1709 1014 1749 quod
1036 1709 1164 1740 idcirco
1180 1719 1256 1741 cum
1273 1711 1390 1751 Cujac.
1407 1716 1441 1742 et
1462 1712 1531 1742 An-

833 1758 910 1789 dino
927 1759 1010 1790 bene
1037 1764 1212 1791 servarunt
1237 1760 1323 1792 Edd.
1349 1762 1478 1801 primae,
1495 1768 1531 1793 et

832 1809 918 1838 aliae.
954 1809 1042 1839 Vide
1069 1809 1110 1839 ad
1137 1819 1166 1840 c.
1194 1812 1243 1840 12.
1266 1814 1301 1841 et
1319 1810 1361 1841 ad
1378 1820 1457 1842 vm.
1474 1816 1527 1843 46.

831 1859 840 1874 ‘
865 1866 902 1888 ιν
940 1858 1086 1899 legiones
1125 1859 1159 1889 in
1207 1859 1327 1900 Belgio
1376 1861 1529 1893 conloca-

833 1907 906 1938 vit.'

876 1958 902 1988 C
904 1968 1020 1989 russum
1045 1959 1234 1994 Quaestorem
1249 1964 1279 1991 et
1295 1961 1333 1992 L.
1352 1961 1443 1992 IlIun.
1460 1961 1529 2002 εμπ]

832 2009 887 2040 Ita
917 2010 1035 2041 Petav.
1064 2011 1188 2042 Lovan.
1219 2012 1330 2043 Oxou.
1359 2017 1394 2043 et
1417 2013 1530 2053 Bong*⁸

832 2064 911 2090 tert.
943 2059 1052 2091 forsan
1085 2066 1120 2091 et
1150 2060 1241 2092 And.
1269 2071 1309 2092 ac
1337 2061 1452 2101 Cujac.
1489 2062 1528 2093 In

830 2110 952 2140 ceteris
963 2110 1046 2141 Mss.
1060 2120 1119 2150 pro
1131 2115 1310 2150 quoestorem
1324 2112 1416 2152 legas
1431 2112 1530 2152 Quin-

830 2162 909 2196 tum,
926 2165 962 2190 et
977 2159 1041 2190 Ed.
1056 2159 1204 2197 Incerta,
1217 2160 1288 2191 sine
1304 2161 1406 2192 dubio
1421 2162 1526 2193 male:

830 2218 906 2239 narn
923 2209 1060 2249 singulis
1076 2209 1260 2248 legionibus
1277 2210 1424 2251 singulos
1441 2221 1528 2252 prae·

829 2257 909 2289 fecit
925 2259 1064 2299 legatos.
1088 2259 1188 2290 Unde
1203 2260 1254 2290 (Ἰ.
1269 2260 1402 2291 Dukeri
1416 2260 1525 2292 codex

830 2312 865 2338 et
880 2308 966 2339 Edd.
994 2309 1090 2340 Rom.
1108 2310 1247 2340 Mediol.
1274 2320 1313 2341 ac
1337 2311 1422 2341 Ven.
1445 2310 1528 2351 abji-

831 2357 924 2388 ciunt
952 2362 1058 2390 totam
1095 2369 1226 2391 vocem.
1285 2360 1352 2391 Sed
1380 2360 1455 2391 vide
1484 2361 1527 2391 ad

831 2416 905 2446 cap.
930 2417 1084 2448 sequens.
1118 2409 1243 2439 Rursus
1261 2409 1317 2439 ubi
1333 2419 1408 2439 eum
1424 2411 1529 2440 nomi-

830 2461 890 2486 nat
910 2456 1031 2492 ,caesar
1060 2467 1089 2489 c.
1120 2461 1172 2489 46.
1201 2460 1209 2475 ‘
1228 2459 1270 2489 ad
1297 2459 1346 2490 M.
1371 2460 1526 2491 Crassum

831 2511 1034 2546 quaestorem
1066 2508 1197 2547 mittit‚'
1227 2509 1273 2540 ibi
1302 2519 1435 2550 quoque
1461 2518 1526 2540 non

831 2562 1006 2596 comparet
1037 2558 1099 2593 Qu.
1131 2558 1165 2589 iu
1197 2558 1398 2596 Oxoniensi,
1427 2559 1527 2588 immo

831 2614 880 2637 w.
896 2609 928 2636 6.
954 2608 963 2623 ‘
981 2617 1055 2639 cum
1082 2608 1120 2639 C.
1142 2608 1246 2639 Fabio
1275 2609 1388 2648 legato
1414 2613 1449 2639 et
1474 2606 1524 2637 M.

831 2656 951 2687 Crasso
986 2658 1189 2691 Quaestore!
1226 2656 1314 2689 And.
1353 2662 1389 2689 et
1412 2657 1524 2688 Oxou.

829 2706 1028 2748 simpliciter
1043 2709 1171 2748 legatos.
1529 2719 1532 2722 ’
