1915 3115
277 137 364 180 946

276 247 428 288 videtur,
444 250 622 281 consentit.
668 250 827 284 Ceterum
845 255 978 294 elegan-

277 303 332 330 ter
363 299 491 331 Lovan.
514 301 607 338 alius,
635 302 698 332 διο.
744 303 892 344 dicerent,
925 315 977 345 pe-

275 348 398 380 tebant:
433 351 521 391 qnod
556 360 630 382 curn
660 351 800 384 Heinsio
825 363 891 386 non
919 356 977 387 dn-

277 398 361 439 bito,
377 400 456 440 quin
474 409 589 431 verum
604 401 667 433 sit:
695 413 755 442 per
776 405 872 436 alium
888 408 976 439 euim

278 452 392 492 plures
414 452 595 493 intelligit:
621 463 683 485 nec
701 456 800 487 aliter
823 457 976 499 Graecum,

276 502 374 533 ἄλλος
407 502 512 539 ἄλλην
540 502 695 545 πρόφασιν
727 508 977 548 προβαλλόμενοι

275 552 398 591 ἔλεγον.
415 563 457 585 11.
481 557 534 586 26.
558 556 638 587 alius
659 558 715 588 alii
737 560 890 591 auxilium
907 561 975 599 ser-

274 606 356 643 rent,
379 614 476 645 neque
504 606 661 643 timerent.
694 612 731 639 ut
765 609 834 641 illic
861 611 974 652 legen-

275 653 368 695 dum,
382 664 420 685 ac
438 655 536 695 plura
550 657 654 688 videri
673 665 824 697 possunt.

318 707 358 737 1⁵
393 706 521 738 Vultum
539 708 680 749 fingere]
718 710 843 750 ‘Spem
878 713 975 744 vultu

273 753 429 794 simula13
458 758 582 796 premit
613 760 715 790 altum
748 761 852 792 corde
883 762 975 794 dolo-

272 805 369 836 rem.'
400 807 655 848 Σχηματὶζεσθαι
670 811 796 850 Grawi,
811 813 863 842 vel
877 812 976 843 πλάτ-

273 858 381 887 τεσθαι
413 856 528 897 τρόπον
564 860 697 898 dicunt,
736 863 869 902 quando
902 865 974 904 quis

271 909 513 947 constantium,
539 915 595 941 ant
627 912 706 952 qnid
747 913 836 944 aliud
866 914 975 955 fingit,

273 966 310 988 re
348 958 421 998 ipsa
466 959 673 993 destituitur.
717 963 848 995 Vossius.
917 966 974 997 lta

272 1018 492 1049 componere,
519 1015 556 1041 ut
588 1021 654 1043 non
688 1020 870 1054 appareret
903 1027 973 1047 me-

270 1065 345 1098 tus;
380 1061 492 1093 ‘licet'
520 1063 608 1094 enim
632 1065 713 1095 ‘ora
738 1066 808 1104 ipsa
832 1077 972 1099 cernere

270 1113 447 1152 iratorum,
463 1119 521 1145 ant
535 1125 664 1155 eorum,
680 1117 736 1157 qui
755 1122 812 1148 aut
828 1119 972 1150 libidine

270 1161 382 1203 aliqua
414 1169 473 1195 aut
504 1169 586 1195 melu
615 1167 775 1197 commoti
801 1172 892 1207 sunt,
915 1173 972 1200 aut

269 1213 447 1253 voluptate,
485 1215 588 1246 nimia
623 1217 791 1256 gestiunt3
832 1229 972 1259 quorum

269 1264 414 1295 omnium
445 1267 555 1302 vultus,
596 1277 671 1306 vox,
697 1273 821 1307 motus,
850 1274 972 1300 status-

268 1323 335 1354 que
361 1316 559 1346 mutmitur.’
608 1317 721 1348 Verba
744 1323 821 1348 sunt
839 1320 971 1351 Cicero-

268 1364 318 1395 nis
335 1363 377 1395 de
399 1365 498 1396 Offic.
518 1375 542 1396 ι.
561 1370 614 1397 20.
650 1368 762 1399 Daris.
819 1369 875 1399 Sic
899 1369 970 1402 fere

267 1413 397 1445 Seneca
414 1415 455 1445 de
472 1417 643 1457 Tranquil.
661 1427 690 1448 c.
710 1421 760 1448 15.
784 1420 793 1434 ‘
809 1419 872 1449 llla
902 1420 971 1450 inn-

267 1464 335 1495 tilis
352 1465 543 1496 humanitas
559 1465 653 1506 flere,
678 1468 757 1508 quia
777 1469 895 1509 aliquis
910 1469 971 1501 fili-

266 1525 320 1545 um
339 1514 471 1554 efferat,
495 1522 528 1547 et
545 1517 686 1554 frontem
713 1528 807 1550 suam
820 1520 971 1560 fingere?

266 1566 495 1598 Quintilianus
521 1567 607 1599 Inst.
631 1568 729 1600 Orat.
752 1573 865 1601 x11.3.
887 1571 898 1588 ‘
913 1571 969 1612 qui

265 1615 378 1647 subito
419 1617 529 1654 fronte
575 1618 704 1660 conficta
756 1619 970 1661 immissaque

265 1666 382 1705 barba,
408 1668 514 1698 veluti
554 1668 788 1708 dequissent
822 1672 970 1702 oratoria

264 1719 609 1757 praecepta‚pa=u1in1
643 1719 769 1760 aliquid
807 1721 970 1753 sederunt

264 1768 299 1798 in
337 1768 466 1799 Scliolis
500 1770 805 1810 Philosophorum?
858 1773 969 1806 Quem

264 1819 376 1849 locum
395 1820 495 1850 variis
517 1821 722 1860 conjecturis
751 1828 881 1853 temere
905 1824 969 1854 sol—

262 1868 398 1900 licitant
414 1871 474 1900 viri
493 1871 597 1901 docti.
624 1872 722 1912 Idem,
741 1882 812 1904 cur.
829 1881 896 1903 sec.

307 1923 347 1951 15
376 1921 474 1959 I'ulgo
490 1921 565 1951 totis
580 1922 692 1952 castris
713 1926 895 1953 testamenta
918 1923 968 1953 ob-

261 1970 482 2011 signabantur]
507 1972 639 2002 Milites
671 1973 704 2003 in
737 1973 860 2004 bellum
893 1984 969 2014 pro-

262 2021 401 2059 fecturi,
426 2027 483 2053 aut
512 2022 583 2062 jam
624 2023 666 2053 ad
703 2024 808 2055 aciem
844 2025 967 2065 parati,

265 2072 428 2103 celeriter
466 2073 594 2114 absque
638 2074 705 2105 nlla
754 2075 966 2107 solemnitate

262 2126 468 2153 testamenta
499 2122 686 2163 faciebant,
718 2124 807 2164 quod
835 2125 867 2155 in
896 2135 967 2164 pro-

260 2172 363 2203 cinctu
380 2173 567 2204 dicebatur.

262 2223 325 2254 sim
351 2224 629 2256 Jurisconsnltos.
688 2226 850 2256 Brantius.
897 2225 964 2256 Adi

263 2273 365 2304 etiam
382 2274 480 2306 Joan.
512 2276 778 2306 Freinsliemium
807 2276 849 2307 ad
875 2276 966 2307 Flori

260 2332 318 2356 ιιι.
338 2328 387 2356 10.
408 2329 456 2356 12.
485 2327 597 2357 Daris.

304 2376 344 2407 21
372 2375 492 2414 Quique
520 2376 674 2416 equitatui
699 2377 872 2416 praeernnt]
898 2377 967 2408 Ne-

259 2433 315 2455 mo
354 2425 580 2465 interpretum
625 2427 677 2457 liic
715 2427 757 2458 (le
796 2428 964 2459 varietate

261 2475 441 2516 scriptura*
457 2482 592 2507 monet:
619 2487 695 2508 cnm
720 2481 832 2508 tamen
850 2478 963 2517 vulga·

260 2530 333 2558 tum
370 2536 434 2557 nou
470 2528 672 2567 inveniatur,
706 2528 769 2558 nisi
810 2528 841 2558 in
880 2528 962 2559 Mss.

260 2576 447 2609 Oxoniensi
465 2583 497 2609 et
515 2579 677 2609 vossiano
692 2578 962 2619 primo‚aliisque

259 2635 330 2666 sex,
344 2627 402 2658 sed
419 2629 671 2659 recentissimis.
691 2629 853 2667 Bongars.
883 2633 961 2659 tert.

260 2676 399 2709 exhibet
410 2679 535 2719 quisque
546 2690 556 2710 .-
578 2679 705 2719 primus
716 2689 808 2717 vero,
822 2679 959 2710 secund.

260 2726 379 2761 Petav.
405 2729 531 2763 Lovan.
556 2730 724 2773 Egmond.
751 2734 786 2762 et
810 2735 878 2762 tres
902 2729 959 2762 alii

616 2174 671 2204 De
692 2184 759 2214 qno
785 2174 863 2205 vide
893 2184 969 2215 pas-

745 155 884 185 NOTAE
921 155 1186 190 VARIORUM
1221 161 1272 191 ΙΝ

1028 261 1103 284 cnm
1122 254 1187 286 Ed.
1203 255 1341 288 Incerta
1358 260 1391 289 ut
1406 258 1542 300 quisque.
1586 260 1733 294 Leiden-

1028 303 1072 334 sis
1089 309 1201 336 autem
1226 308 1355 347 primus
1373 309 1486 350 quique
1507 310 1571 350 qui,
1593 311 1730 352 elegan-

1029 359 1082 385 ter
1098 349 1159 396 p'er
1176 358 1297 389 tmesin
1320 368 1380 399 pro
1401 363 1431 390 et
1457 360 1574 400 quiqui.
1619 360 1674 392 An
1697 366 1729 394 et

1025 405 1148 446 quisque
1164 408 1216 438 vel
1240 412 1273 438 ut
1290 412 1319 439 et
1335 410 1461 450 quisque
1488 421 1548 451 pro
1573 412 1734 452 quisquis,-

1026 456 1097 487 sive
1133 458 1335 499 quicumque?
1389 461 1478 492 Vide
1516 462 1666 493 Gronov.
1697 466 1733 494 et

1026 506 1206 540 Drakenb.
1230 509 1271 540 ad
1295 510 1368 542 Liv.
1392 519 1416 541 1.
1434 514 1485 543 24.
1512 521 1558 542 vi.
1576 515 1628 543 15.
1654 514 1663 530 ‘
1683 513 1731 545 Ut

1027 557 1169 598 quisque
1194 563 1245 590 est
1270 570 1394 600 genere
1420 562 1657 603 amplissimus,
1682 564 1732 595 ita

1026 608 1187 647 plurimos
1225 610 1398 642 ambactos
1437 612 1587 652 liabent‚’
1623 619 1727 656 atque

1026 657 1149 699 ubique
1174 658 1246 691 fere
1274 661 1307 691 in
1325 661 1407 692 Mss.
1436 668 1636 702 corruptum
1659 669 1721 696 est.

1025 715 1108 738 vni.
1125 711 1178 740 42.
1203 711 1212 727 ‘
1228 720 1326 751 quam
1337 711 1479 752 quisque
1492 715 1628 752 poterat
1638 723 1728 744 max-

1024 757 1090 788 ime
1108 758 1246 800 insignis
1269 759 1411 791 flammae
1437 770 1473 792 se
1499 760 1730 796 obferebant!

1026 808 1067 838 B.
1086 809 1160 840 Civ.
1180 819 1206 840 1.
1231 813 1283 842 87.
1307 811 1421 843 ‘Quid
1445 811 1587 852 quisque
1613 822 1730 846 eorum

1026 860 1202 892 amiserit!
1245 861 1347 893 Adde
1369 863 1411 894 B.
1440 862 1484 894 G.
1517 872 1550 894 v.
1580 865 1634 895 33.
1661 874 1727 897 vn.

1025 912 1076 942 36.
1101 911 1142 943 B.
1155 912 1230 944 Civ.
1249 921 1273 943 ι.
1290 915 1343 943 21.
1366 913 1409 944 Β.
1425 912 1526 944 Alex.
1546 916 1596 945 14.
1620 918 1655 946 et
1667 925 1729 946 sae·

1024 961 1111 1001 pius.
1156 963 1329 994 Mutatum
1359 964 1498 1004 insuper
1523 964 1586 996 hoc
1611 964 1654 996 ab
1682 966 1731 997 in-

1024 1013 1126 1054 eptis,
1150 1014 1290 1056 quinon
1313 1015 1477 1055 sciebant,
1501 1016 1627 1057 quisque
1650 1026 1728 1049 cum

1023 1065 1146 1104 plurali
1171 1066 1341 1103 eonstrni;
1367 1067 1454 1097 unde
1480 1071 1515 1097 et
1545 1066 1579 1097 in
1606 1066 1729 1101 Petav.

1023 1119 1074 1145 est
1087 1119 1242 1155 prasci—at.-
1265 1126 1457 1157 pcrpeiam,
1481 1121 1519 1147 ut
1541 1117 1729 1158 saepissime

1015 1165 1086 1205 jam
1103 1165 1292 1197 docuerunt
1308 1167 1370 1196 viri
1389 1166 1495 1206 docti,
1513 1176 1596 1207 quos
1611 1166 1731 1199 laudat

1023 1215 1075 1246 Cl.
1094 1216 1271 1247 Drakenb.
1297 1217 1337 1246 ad
1363 1217 1437 1248 Liv.
1456 1226 1496 1248 Π.
1513 1220 1567 1248 22.
1592 1227 1657 1250 vu.
1676 1221 1729 1251 19.

1020 1267 1062 1298 V.
1079 1267 1183 1298 etiam
1198 1268 1272 1299 VV.
1294 1269 1359 1299 LL.
1375 1277 1414 1298 11.
1439 1271 1491 1299 11.
1509 1271 1562 1300 25.
1586 1278 1618 1299 ν.
1636 1272 1665 1300 8.
1684 1270 1727 1301 Β.

1022 1315 1095 1347 Civ.
1112 1325 1168 1347 111.
1187 1320 1215 1348 l.
1265 1317 1355 1348 Dein
1376 1318 1512 1357 equitatu
1531 1318 1665 1358 reposui
1683 1327 1726 1349 ex

1019 1365 1184 1397 Vossiano
1199 1376 1259 1407 pro
1275 1367 1449 1407 equitatui:
1473 1367 1513 1397 de
1528 1377 1593 1408 quo
1611 1377 1726 1408 supra.

1062 1418 1103 1446 24
1130 1417 1218 1447 Inter
1238 1417 1302 1457 eos]
1327 1418 1409 1448 Mss.
1434 1422 1587 1448 veterum
1616 1418 1727 1458 plero-

1020 1475 1162 1506 rumque
1179 1471 1214 1498 et
1229 1467 1426 1498 Editionum
1443 1467 1631 1507 priscarum
1647 1477 1726 1501 auc-

1021 1515 1162 1546 toritate
1179 1518 1315 1557 reposui
1339 1518 1348 1534 ‘
1363 1517 1619 1550 intercederent
1635 1518 1727 1551 inter

1021 1565 1111 1606 ipsos
1128 1571 1231 1607 atque
1248 1567 1483 1599 Ariovistum.’

1062 1618 1102 1647 25
1129 1617 1476 1658 Remfrumenturiam]
1515 1619 1618 1652 Quod
1645 1620 1725 1651 atti-

1020 1670 1079 1697 net
1093 1667 1134 1698 ad
1152 1677 1224 1698 rem
1240 1666 1509 1700 frumentariam.
1552 1670 1608 1701 Sic
1633 1670 1724 1701 Livi-

1018 1726 1057 1747 us
1081 1726 1122 1748 11.
1139 1721 1192 1749 57.
1217 1719 1446 1750 ‘Distractam
1471 1719 1724 1761 laceratamque

1021 1766 1142 1808 Remp.
1166 1769 1274 1808 magis
1298 1779 1440 1810 qnorum
1471 1770 1505 1801 in
1535 1779 1636 1801 manu
1664 1770 1724 1810 sit,

1019 1828 1118 1858 quam
1137 1823 1174 1850 ut
1191 1820 1365 1850 incolumis
1391 1820 1448 1860 sit,
1475 1820 1606 1862 quaeri.'
1651 1821 1721 1853 Ubi

1019 1869 1118 1899 solita
1142 1875 1327 1910 syntaxews
1344 1871 1474 1902 ratione
1491 1871 1722 1911 postularetur

1017 1919 1170 1950 distracta
1196 1921 1390 1961 lacerataque
1421 1921 1514 1961 Resp.
1541 1925 1577 1952 ut
1592 1921 1648 1953 hic
1671 1931 1721 1953 res

1010 1968 1235 2007 frumentaria.
1279 1971 1386 2002 Plura
1401 1971 1486 2001 lianc
1503 1971 1534 2001 in
1553 1981 1623 2002 rem
1650 1972 1720 2003 col-

1018 2020 1101 2060 legit
1118 2021 1331 2053 doctissimus
1348 2022 1545 2053 Perizonius
1562 2022 1604 2053 ad
1615 2023 1719 2053 Sanc-

1018 2070 1059 2101 tii
1076 2071 1222 2102 Minerv.
1249 2080 1290 2102 11.
1309 2081 1342 2111 p.
1358 2074 1433 2115 2124.
1458 2071 1514 2112 qui
1530 2071 1721 2111 hujusmodi

1017 2120 1207 2153 locutiones
1243 2132 1317 2153 esse
1361 2121 1538 2162 Ellipticas
1576 2121 1719 2153 notavit.

1017 2171 1104 2203 Vide
1121 2177 1157 2203 et
1184 2173 1284 2204 Joan.
1314 2172 1406 2203 Frid.
1439 2172 1648 2203 Gronovinm
1675 2172 1719 2203 ad

1015 2222 1155 2254 Senecae
1180 2223 1222 2254 de
1240 2222 1360 2254 Benef.
1380 2232 1427 2253 lv.
1445 2225 1497 2253 32.
1522 2221 1631 2253 Dacis.

1059 2282 1116 2305 XL.
1144 2276 1160 2304 1
1186 2273 1465 2304 Anonadvertisset
1497 2271 1619 2312 Coesar]
1642 2272 1713 2303 De-

1015 2322 1081 2353 levi
1114 2323 1265 2354 nltimam
1298 2332 1429 2362 vocem,
1460 2326 1497 2353 ut
1528 2331 1604 2362 quae
1635 2321 1718 2353 satis

1015 2383 1078 2414 per
1114 2383 1150 2405 se
1181 2373 1409 2413 intelligatur:
1456 2371 1611 2413 qnoniam
1641 2380 1717 2403 eam

1015 2435 1077 2456 nec
1095 2424 1235 2455 aliorum
1264 2434 1327 2455 nec
1354 2423 1420 2454 mei
1450 2421 1579 2461 scripti,
1607 2420 1716 2453 tribus

1014 2475 1169 2516 exceptis
1205 2474 1462 2511 recentioribus,
1504 2476 1714 2510 agnoscant:

1013 2536 1077 2557 non
1103 2531 1156 2557 est
1180 2527 1282 2557 etiam
1312 2526 1344 2556 in
1373 2523 1437 2554 Ed.
1465 2523 1614 2553 Incerta.
1658 2522 1714 2553 Sic

1013 2587 1077 2609 non
1093 2582 1281 2618 agnoscunt
1306 2586 1424 2607 vocem
1452 2574 1537 2605 lianc
1565 2573 1649 2604 Mss.
1672 2581 1714 2603 ιι.

1014 2631 1063 2660 17.
1079 2633 1115 2659 et
1130 2627 1211 2658 alibi
1232 2626 1367 2667 saepius.

1048 2676 1402 2716 Consilio—consilium]
1410 2675 1466 2707 Sic
1476 2673 1603 2705 habent
1610 2671 1714 2704 editt.

1009 2734 1145 2763 veteres
1173 2731 1225 2771 (et
1248 2728 1332 2760 Mss.
1365 2723 1532 2768 potiores)
1554 2733 1621 2756 non
1644 2732 1711 2754 cou-
