1818 3131
422 220 516 250 Liri.
551 220 580 250 1.
613 207 809 249 omnm.
846 218 905 247 nr.
941 217 1095 247 nmmo
1128 215 1297 246 elvini.

135 315 270 346 omnino
298 324 363 346 non
387 320 509 355 potest.
556 316 664 347 Quam
686 313 774 343 enim
790 322 832 343 ex

137 367 232 397 Livio
246 366 419 397 adducunt
445 366 586 396 similem
613 363 833 395 constructio-

134 424 222 455 ncm,
245 418 255 434 ‘
271 417 310 447 l’.
329 416 476 447 Licinius
502 414 614 445 consul
636 414 666 444 S.
684 414 723 444 C.
750 413 831 442 rcci-

135 467 199 496 tari
222 466 342 506 jussit3
390 465 545 504 primum,
585 463 673 503 quod
708 462 831 493 bellum

133 516 276 546 Senatus
316 517 441 546 Persi-o
471 513 627 553 jussisset
646 523 654 549 ;
708 511 830 542 deinde

134 566 224 605 quod
257 569 389 595 veteres
413 563 628 594 centuriones
658 562 830 603 quamplu-

133 615 253 645 rimum
270 615 310 645 ad
339 614 372 644 id
403 614 528 644 bellum
558 612 661 644 scribi
685 611 832 642 censuis-

132 669 206 703 set3
244 674 298 694 nec
325 664 396 704 ulli,
426 665 481 705 qui
510 674 574 693 non
602 663 708 703 major
737 662 830 692 annis

133 714 379 755 quinquaginta
403 717 505 752 essct,
531 713 658 743 militia:
688 712 832 742 vacatio-

133 773 209 796 nem
223 775 284 795 esse
295 764 314 801 ,-’
331 774 370 794 ca
384 774 522 804 prorsus
537 768 587 794 cst
600 762 832 793 dissimillima.

134 815 268 846 Etenim
293 824 392 846 voces
410 815 484 845 istac
503 814 624 844 militz'a·
645 813 835 843 fucationem

132 876 206 906 esse,
229 876 296 897 non
313 876 387 897 cum
407 865 622 906 praecedente
648 864 834 904 subjuncti—

134 926 175 946 vo
191 916 371 953 censuisset,
387 921 423 946 ut
440 915 677 946 existimarunt
696 915 833 945 Perizo-

134 965 207 996 nius
223 973 256 997 ct
270 966 442 1005 Davisius,
455 965 512 996 sed
529 975 604 996 cum
618 965 834 1005 praecedente

133 1015 300 1047 infinitivo
325 1016 429 1055 scribi,
444 1014 626 1046 manifesto
653 1019 731 1046 suut
760 1024 836 1045 con-

127 1068 272 1107 junctae.
319 1068 362 1097 lit
379 1076 454 1107 quae
472 1065 560 1106 apud
579 1065 683 1096 bonos
706 1064 835 1096 Autlio-

134 1126 188 1147 res
214 1126 332 1147 revera
358 1120 546 1146 occurrunt
572 1115 835 1146 constructionis

131 1167 350 1206 mutationes,
379 1166 472 1207 (vide
496 1164 586 1196 infra
608 1175 662 1196 iii.
686 1166 753 1205 19.)
786 1166 834 1196 eis

132 1227 209 1249 cum
225 1217 286 1248 hac
303 1217 393 1247 nulla
417 1225 554 1256 prorsus
568 1221 620 1246 est
636 1216 835 1248 similitudo.

133 1269 245 1300 Quam
262 1267 376 1306 itaque
401 1266 483 1296 Mss.
502 1265 659 1306 plerique
673 1266 836 1297 exhibent

134 1318 330 1356 lectionem,
346 1316 481 1347 omnino
499 1316 629 1347 retineo
642 1326 650 1353 ;
662 1316 837 1354 renunciat,

135 1369 216 1409 quod
237 1368 371 1398 consules
385 1366 499 1406 absint,
521 1366 587 1396 sine
611 1366 675 1396 illis
695 1366 732 1396 cle
760 1376 837 1395 com-

133 1419 284 1459 positione
299 1418 354 1457 agz'
366 1427 425 1448 non
434 1426 530 1458 posse.
552 1418 671 1457 Neque
679 1426 762 1456 opus
772 1421 837 1455 est,

134 1473 172 1500 ut
194 1477 270 1499 cum
288 1468 471 1499 Ciacconio
489 1476 586 1497 voces
608 1467 674 1497 sine
694 1467 758 1497 illis
779 1467 836 1498 de-

134 1519 274 1550 leamus.
299 1518 383 1549 Sunt
399 1518 486 1549 enim
501 1517 734 1557 pleonasmus,
748 1518 836 1558 opti-

132 1570 196 1601 mis
212 1568 417 1601 Auctoribus
428 1578 495 1600 non
507 1569 701 1601 inusitatus.
727 1569 834 1600 Clark.

134 1613 291 1652 Davisius
302 1621 352 1651 Cl.
363 1620 492 1652 Clarkii
505 1620 712 1660 argumentis
726 1625 836 1651 motus

132 1678 249 1703 notam
264 1681 356 1702 suam
374 1671 405 1701 in
430 1670 520 1701 curis
545 1670 702 1701 secundis
728 1669 836 1700 deleri

129 1721 241 1762 jussit.
286 1721 379 1752 Ante
401 1720 561 1751 Ursinum
577 1720 679 1761 vulgo
702 1719 836 1760 legeba-

135 1777 190 1802 tur
205 1771 283 1802 nihil
303 1771 369 1801 sine
384 1770 446 1801 illis
461 1770 515 1809 agi
534 1780 634 1810 posse.
678 1770 745 1801 Sed
763 1771 836 1810 ejus

136 1821 256 1853 Codici
270 1820 436 1852 accedunt
460 1821 581 1852 Petav.
598 1820 712 1860 Cujac.
737 1819 834 1851 Leid.

136 1881 186 1912 pr.
216 1871 338 1911 Scalig.
370 1871 466 1901 Voss.
498 1874 535 1901 et
559 1870 628 1910 alii,
655 1871 688 1901 in
713 1870 835 1911 quibus

133 1921 199 1953 sine
213 1920 277 1952 illis
291 1931 350 1952 non
371 1930 459 1961 posse
475 1920 529 1960 agi
550 1922 588 1952 de
607 1921 834 1962 compositione.

134 1975 203 2005 Nec
217 1973 285 2005 sine
301 1973 364 2004 illis
383 1982 469 2013 posse
486 1972 540 2011 agi
564 1976 616 2004 est
643 1972 676 2002 in
701 1972 837 2012 Faerni‚

133 2024 256 2056 Brant.
277 2024 418 2055 Hotom.
445 2023 583 2061 Lovan2
597 2022 742 2054 Dorvill.
771 2022 836 2053 Pa-

133 2075 193 2107 lat.
215 2078 252 2106 et
275 2073 360 2105 Edd.
388 2074 485 2104 Rom.
510 2072 651 2103 Mediol.
668 2072 753 2102 Ven.
778 2081 837 2102 non

135 2124 235 2156 abest
259 2133 392 2166 quoque
418 2123 561 2163 aBong.
587 2125 624 2153 et
646 2121 742 2153 Leid.
769 2131 836 2153 sec.

136 2174 280 2206 Davisio
291 2173 479 2205 accedebat
494 2173 742 2204 Hotomannus.
768 2172 837 2204 Sed

136 2224 236 2256 male.
281 2223 418 2255 Sciebat
434 2223 523 2254 enim
540 2222 665 2262 Caesar,
685 2222 838 2253 consules

138 2276 268 2316 abesse,
291 2274 341 2306 uti
363 2277 458 2315 patet
474 2282 493 2305 e
510 2282 587 2313 cap.
611 2272 759 2312 praeced.
780 2272 838 2304 ille

138 2335 220 2358 vero
250 2324 484 2363 renunciabat,
521 2322 564 2354 de
593 2322 838 2363 compositione

138 2377 211 2408 sine
231 2374 427 2407 consulibus
452 2374 506 2414 agi
532 2383 598 2404 non
622 2383 734 2414 posse,
758 2374 839 2415 quia

138 2427 189 2459 illi
205 2426 375 2458 abessent.
422 2425 506 2456 Fors
529 2434 566 2455 ne
581 2422 648 2455 fuit
672 2425 838 2465 scriptum

140 2486 204 2518 pro
216 2486 254 2508 ne
269 2476 403 2516 quidem,
420 2480 458 2505 ut
474 2475 565 2506 alibi.
600 2475 689 2510 Quod
705 2476 754 2506 sic
771 2485 838 2506 ma-

138 2528 174 2560 le
190 2530 357 2567 ceperunt
381 2535 515 2566 quoque
532 2524 621 2565 apud
640 2524 840 2556 Ciceronem

139 2576 184 2608 ad
211 2577 305 2608 Fam.
334 2584 389 2606 ιιι.
412 2579 444 2606 5.
468 2576 476 2591 ‘
495 2575 594 2613 dixit,
618 2575 706 2615 quod
734 2575 842 2606 classe

140 2630 180 2658 tu
195 2625 298 2656 velles
313 2624 490 2661 decedere,
505 2623 638 2665 pei-fore
654 2624 843 2655 adcommo-

129 2675 257 2707 -datum
273 2674 336 2706 sibi
349 2674 368 2706 ι’
386 2675 443 2705 ubi
459 2674 537 2705 vide
554 2675 741 2705 Graevium.
774 2675 842 2706 Pro

134 2723 308 2758 infinitivo
321 2728 434 2756 tamen
448 2725 595 2756 occurrit
609 2725 701 2764 apud
718 2724 842 2756 Aucto·

140 2783 213 2807 rem
239 2773 282 2805 de
307 2774 461 2815 B.Hisp.
490 2784 520 2806 c.
545 2778 598 2806 36.
623 2778 632 2792 ‘
652 2775 843 2807 Renuncia-

227 2827 342 2868 Delph.
359 2830 389 2859 et
412 2828 485 2860 ναν.
500 2829 584 2860 Clas.

817 2830 924 2861 Caesar

1477 206 1586 249 1361

887 318 975 350 runt,
1000 312 1086 352 quod
1115 311 1317 352 Pompeium
1333 311 1365 341 in
1383 314 1589 351 potestatem

885 363 1073 393 haberent.¹
1121 364 1210 398 Quod
1226 373 1302 392 cum
1330 362 1497 402 sulijunct.
1525 362 1589 392 lioc

884 422 982 442 sensu
1022 414 1175 443 adhibuit
1215 414 1316 443 ctiam
1358 412 1458 452 Apul.
1497 412 1519 442 l.
1553 420 1589 442 x.

885 472 917 502 p.
934 466 1008 492 228.
1028 463 1090 493 Ed.
1111 464 1198 493 Prie.
1222 464 1230 479 ⁴
1246 463 1302 502 qui
1316 463 1437 502 puella„=
1455 461 1592 493 nuncia-

886 518 950 551 ret,
963 515 1041 553 quod
1057 523 1129 544 eain
1141 514 1280 553 juvenis
1298 521 1433 544 vocaret
1450 513 1491 544 ad
1505 522 1590 545 sese.

928 566 968 595 21
1007 564 1049 594 Ec
1070 565 1108 594 de
1131 564 1208 593 bello
1231 563 1399 603 agendum]
1438 563 1590 603 Scaliger

884 623 1000 644 vocem
1016 615 1054 644 de
1069 618 1262 654 suspectam
1292 614 1392 644 habet
1409 624 1415 643 ι
1442 619 1475 643 et
1496 614 1593 644 Ciac-

885 664 1001 694 conius
1029 664 1208 704 legendum
1226 668 1353 702 censet,
1381 668 1439 693 aut
1459 667 1488 693 et
1515 663 1592 694 bello

885 715 1047 754 agendum,
1062 719 1121 745 aut
1150 717 1179 745 et
1207 715 1244 744 de
1275 714 1350 744 bello
1379 715 1590 752 cogitandum.

886 764 954 794 Sed
972 764 1052 794 nihil
1077 773 1172 804 opus.
1219 764 1269 794 De
1286 763 1362 793 bello
1379 763 1467 793 enim
1484 773 1591 802 agere,

887 814 975 845 idem
999 819 1049 845 cst
1074 824 1113 845 ac
1136 816 1174 845 de
1198 815 1273 845 bello
1297 815 1446 853 cogitare.
1484 814 1591 844 Clark.

887 864 997 895 Recte
1024 865 1199 904 vulgatum
1231 863 1388 895 defendit
1419 863 1590 893 Clarkius.

886 913 1049 955 Alioquin
1082 915 1253 945 maluisset
1284 914 1400 945 Caesar
1424 916 1453 943 et
1477 912 1590 943 bellum

885 966 1057 1003 agendum.-
1083 965 1124 996 de
1156 974 1221 1006 quo
1254 964 1332 994 vide
1366 963 1408 993 ad
1441 963 1482 994 B.
1501 962 1593 994 Gall.

887 1024 941 1045 ιιι.
959 1018 1010 1046 28.

931 1074 1048 1096 xxvn.
1068 1068 1107 1096 14
1145 1065 1318 1104 Expeditos
1337 1067 1441 1094 autem
1462 1073 1501 1093 ea:
1524 1073 1592 1093 evo-

886 1117 964 1146 catis
990 1114 1182 1154 sagittariis]
1215 1114 1369 1152 Evocati,
1399 1118 1436 1143 ut
1464 1117 1592 1153 notum,

887 1170 986 1195 eraut
1022 1165 1158 1203 milites,
1215 1163 1271 1203 qui
1308 1162 1480 1202 perfuncti
1518 1163 1592 1203 jam

886 1214 1042 1245 omnibus
1071 1212 1251 1253 stipendiis
1267 1211 1497 1243 evocabantur
1522 1212 1593 1252 ple-

888 1272 1028 1303 rumque
1050 1272 1115 1293 non
1144 1262 1298 1302 imperio,
1327 1262 1386 1292 sed
1418 1262 1592 1302 rogatione

887 1313 1004 1352 magis.
1053 1312 1143 1343 Hinc
1156 1311 1344 1352 beneficiarii
1360 1321 1377 1342 a
1395 1312 1531 1344 Caesare
1549 1313 1591 1343 de

888 1363 929 1392 B.
946 1362 1019 1394 civ.
1036 1371 1092 1392 111.
1113 1364 1166 1392 83.
1191 1361 1351 1392 dicuntur
1366 1362 1519 1402 evocati;
1545 1363 1593 1394 ait

886 1412 975 1453 enim
991 1423 998 1443 t
1024 1414 1033 1429 ⁴
1051 1416 1266 1443 evocatorum
1284 1412 1422 1443 circiter
1440 1412 1507 1443 duo
1521 1413 1594 1443 mil-

887 1463 943 1503 lia,
961 1473 1035 1505 quae
1059 1473 1102 1494 ex
1126 1461 1350 1494 beneficiariis
1378 1463 1591 1503 superiorum

887 1513 1100 1544 exercituum
1117 1511 1160 1542 ad
1177 1521 1252 1543 eum
1268 1512 1518 1543 convenerant!
1549 1513 1592 1544 E-

887 1568 965 1593 rant
981 1563 1003 1593 ii
1017 1572 1109 1603 saepe
1127 1562 1360 1602 centuriones,
1375 1563 1440 1593 hoc
1454 1567 1520 1603 est,
1534 1563 1591 1604 qui

886 1613 1125 1645 centurionatu
1139 1611 1261 1651 functi,
1286 1613 1338 1643 vel
1360 1612 1524 1652 primores
1540 1622 1592 1643 or-

887 1665 983 1696 dines
1015 1665 1208 1695 duxerant:
1244 1663 1302 1694 sed
1335 1673 1402 1694 non
1433 1672 1591 1704 semper;

887 1725 962 1746 nain
993 1720 1029 1746 et
1059 1715 1232 1755 gregarios
1266 1714 1392 1744 milites
1429 1717 1591 1745 evocatos

887 1766 1012 1798 docent
1031 1767 1102 1796 liaec
1119 1765 1234 1805 verba,
1260 1764 1382 1805 quibus
1408 1763 1592 1803 sagittarios

886 1821 1024 1849 evocatos
1052 1821 1235 1856 nuncupat.
1280 1816 1322 1847 In
1349 1815 1479 1847 Glossis
1504 1817 1590 1846 vett.

888 1869 1043 1898 Evocatus
1068 1866 1234 1907 ταξίαρχος
1249 1866 1442 1906 exponitur.
1489 1865 1591 1896 Quod

886 1928 953 1950 non
971 1928 1105 1959 semper
1121 1928 1261 1956 verum;
1285 1927 1360 1947 nam
1387 1926 1452 1947 non
1475 1924 1591 1946 omues

886 1968 1041 1999 ordinum
1073 1968 1233 2000 ductores
1274 1967 1413 1998 fuerunt
1445 1965 1592 1996 evocati.

886 2018 988 2050 Unde
1019 2019 1134 2049 Caesar
1161 2018 1259 2049 initio
1284 2017 1385 2058 hujus
1412 2016 1488 2047 libri
1519 2016 1590 2046 ait:

886 2069 896 2086 ‘
914 2069 1011 2100 multi
1041 2068 1190 2110 undique
1215 2078 1258 2099 ex
1289 2067 1463 2098 veteribus
1493 2066 1592 2097 Pom-

888 2119 958 2161 peii
985 2118 1192 2150 exercitibus
1217 2128 1278 2159 spe
1300 2118 1517 2160 praemiorum
1542 2122 1592 2149 at-

887 2179 951 2212 que
983 2170 1139 2201 ordinum
1168 2169 1379 2201 evocantur!
1441 2169 1593 2201 Attende

887 2221 929 2253 ad
957 2222 1062 2254 verba
1086 2231 1138 2262 spe
1165 2221 1364 2262 proemiomm
1393 2224 1485 2262 atque
1511 2221 1594 2251 ordi-

886 2283 969 2304 num.
1026 2272 1195 2313 Duplices
1236 2271 1393 2302 nimirum
1431 2275 1593 2302 evocatos

887 2322 986 2363 facit,
1021 2323 1105 2354 aiios
1148 2332 1209 2363 spe
1248 2322 1403 2353 ordinum
1445 2325 1594 2359 vocatos,

887 2373 922 2404 hi
951 2371 1137 2414 ταξίαρχοιι
1167 2373 1248 2403 alios
1274 2371 1490 2413 piwmiorum
1518 2380 1592 2413 spe,

888 2422 922 2454 lii
946 2423 1090 2464 gregarii
1117 2423 1253 2461 milites,
1279 2422 1459 2463 sagittarii.
1484 2421 1596 2453 sundi-

889 2476 982 2504 tores
998 2472 1123 2514 aliique
1142 2473 1272 2512 majora
1300 2471 1444 2503 habiuui
1469 2471 1595 2513 stipen-

890 2522 961 2556 dia.
1026 2523 1139 2554 Credo
1167 2522 1319 2563 duplicia
1346 2521 1478 2559 fuisse;
1514 2530 1594 2552 nam

891 2575 939 2606 ait
955 2575 1070 2606 Caesar
1090 2575 1135 2606 de
1162 2576 1333 2607 Domitio:
1359 2577 1367 2592 ‘
1386 2573 1544 2605 militibus
1560 2573 1594 2604 in

892 2626 1056 2657 concione
1073 2636 1170 2667 agros
1185 2636 1228 2657 ex
1244 2627 1310 2657 suis
1328 2624 1594 2666 possessionibus

892 2677 1088 2717 pollicetur,
1109 2682 1273 2717 quaterna
1302 2677 1334 2706 in
1364 2675 1513 2716 singulos
1537 2673 1594 2715 ju-

893 2735 985 2766 gera,
1001 2731 1038 2757 et
1054 2736 1115 2766 pro
1132 2732 1206 2759 rata
1223 2731 1319 2766 parte
1336 2724 1593 2756 centurionibus

893 2777 1135 2819 evocatisque!
1174 2774 1359 2816 eonjung'it
1374 2773 1594 2806 centuriones
