1818 3131
454 246 548 275 ΜΒ.
579 245 609 275 1.
642 245 746 275 cst».
777 235 847 276 23.
884 247 944 275 DE
979 247 1133 277 ummo
1167 247 1339 278 civim.

174 337 229 368 Sic
247 341 297 367 est
316 336 346 367 in
365 337 462 369 editt.
481 339 575 369 Rom.
592 338 678 368 Ven.
697 338 874 369 Bormum:

175 392 210 416 at
227 386 259 417 in
276 387 428 418 munibus
448 388 588 427 Dionys,
610 387 721 417 Vossii
738 388 821 418 Mss.
840 393 876 419 et

173 435 316 466 Norvic.
332 435 490 467 scribitur
504 436 728 475 quinquaginta
742 438 876 475 ordmes,

175 493 237 515 nec
270 485 320 515 vir
349 485 502 515 eruditus
540 485 714 525 conjicere
752 487 876 526 potuit,

177 534 256 574 quid
284 535 347 565 sibi
375 545 414 566 ea
438 535 540 566 verba
566 536 682 572 velint,
706 542 762 567 aut
787 537 875 568 unde

174 582 387 622 irrepserint.
434 583 529 615 Fulv.
558 585 698 615 Ursinus
729 591 877 616 testatur

174 637 258 664 vett.
289 633 394 665 Codd.
423 634 574 665 habuisse
602 636 699 675 primi
736 638 876 673 ordinis;

174 683 261 713 unde
277 681 390 714 forsan
407 685 471 714 orti
489 689 563 714 sunt
590 686 813 725 quinquaginta
828 698 876 718 or-

172 734 282 771 dines,-
312 746 400 774 nam,
433 746 508 767 cuin
533 738 719 778 antiquitus
747 739 877 769 numeri

174 784 291 825 figuris
309 792 522 825 notarentur,
540 787 555 818 1
581 788 613 818 in
638 788 666 819 L
693 787 793 819 facile
820 799 878 829 po—

176 836 242 866 tuit
258 837 390 867 mutan-i.
446 837 479 867 Si
496 838 557 868 hac
573 839 630 868 via
647 844 752 869 tantae
770 840 876 870 varie-

176 885 256 916 taxis
284 886 446 917 rationem
475 887 570 917 reddi
594 897 661 918 nou
688 889 876 928 putaveris,

174 945 370 977 augurarer,
386 939 634 978 conipendiarie
650 940 811 980 scriptum
828 940 878 971 fu—

174 986 239 1016 isse
264 991 351 1017 erant
368 988 498 1027 quinque
513 992 612 1019 senat.
629 989 757 1026 ordinis,
784 990 876 1029 (nam

175 1034 325 1066 homines
362 1037 490 1067 ordinis
527 1039 690 1068 senatorii
729 1040 876 1080 quinque

174 1090 292 1125 postea
319 1086 503 1126 numerat,)
530 1096 570 1117 ex
595 1097 661 1127 quo
679 1087 874 1119 aberrantes

175 1135 321 1166 Librarii
334 1136 558 1176 quinquaginta
574 1137 697 1167 ordines
722 1139 876 1178 exsculp-

175 1190 305 1217 serunt.
343 1186 456 1216 Daris.
523 1187 608 1217 Mss.
646 1187 712 1217 mei
751 1197 878 1227 omues,

176 1236 280 1267 Erant
316 1236 557 1276 quinquugInta,
595 1238 649 1268 vel
679 1238 708 1269 L
735 1238 877 1270 ordines.-

176 1286 265 1316 unde
293 1291 388 1326 patet
418 1286 571 1317 fictitiam
595 1296 668 1318 esse
695 1288 876 1319 lectionem

176 1336 362 1376 vulgarem.
419 1337 568 1368 Grutero
595 1337 625 1376 Ι,
652 1338 686 1368 id
711 1343 762 1370 est
784 1339 878 1377 primi

175 1387 306 1426 ordinis,
322 1396 397 1418 cuin
429 1387 551 1418 Ursino
581 1388 680 1419 unice
708 1389 878 1428 placebat.

176 1436 312 1467 Clarkio
329 1437 501 1476 ingeniosa
520 1437 651 1468 Davisii
679 1439 878 1478 conjectura

175 1486 310 1518 videtur
323 1487 547 1519 verisimilior.
593 1488 723 1521 Quibus
740 1489 878 1526 accedo,

176 1541 211 1567 et
238 1546 413 1568 numerum
436 1537 622 1578 quinarium
652 1538 878 1569 revocandum

176 1595 308 1618 censeo.
344 1586 435 1618 Alibi
452 1587 539 1618 enim
559 1598 689 1629 quoqne
707 1589 738 1619 lii
751 1591 878 1620 numeri

176 1635 437 1668 confunduntur.
483 1637 571 1667 vide
599 1638 641 1668 ad
665 1639 706 1669 B.
724 1639 767 1670 G.
785 1649 808 1670 1.
826 1643 878 1671 53.

176 1686 230 1717 Au
248 1695 327 1727 ergo
343 1687 479 1727 scripsit
497 1693 617 1718 auctor
632 1689 762 1729 quinque
782 1691 879 1730 primi

176 1737 295 1768 ordinis
305 1737 359 1768 vel
373 1747 389 1767 e
408 1730 507 1777 primo
522 1742 578 1769 aut
592 1739 731 1779 principe
746 1739 878 1772 ordine?

176 1787 268 1818 Dein
293 1791 372 1818 ante
398 1788 439 1818 1¹.
464 1788 630 1818 Lentulum
657 1789 813 1829 copulam
836 1794 878 1829 et,

176 1846 250 1878 quae
281 1837 382 1877 vulgo
411 1837 559 1876 additur,
588 1847 653 1868 non
691 1845 879 1879 agnoscunt

175 1887 278 1918 etiam
299 1887 418 1918 Petav.
449 1887 567 1927 anac.
597 1889 722 1919 Lovan.
752 1889 878 1931 Scalig.

176 1936 272 1968 Leid.
292 1946 341 1977 pr.
358 1937 428 1968 Pal.
449 1939 553 1978 Bong.
569 1939 668 1970 Voss.
681 1940 790 1971 Dorv.
808 1941 879 1971 alii-

177 1996 254 2027 que,
281 1987 330 2017 uti
356 1997 417 2018 nec
446 1987 532 2019 Edd.
550 1989 647 2019 Vas-c.
674 1990 740 2020 Str.
762 1990 879 2031 Steph.

178 2036 308 2077 Gryph.
327 2043 415 2078 post.
443 2043 479 2068 nt
496 2043 613 2077 pateat
632 2039 718 2069 bene
734 2049 806 2070 eain
824 2040 880 2070 de-

177 2089 280 2120 letam
295 2100 368 2120 esse
387 2100 405 2120 a
421 2090 570 2120 Clarkio.

220 2139 259 2170 L.
286 2139 456 2178 Domitius,
483 2140 522 2171 P.
547 2141 698 2172 Lentulus
719 2141 880 2182 Spinther]

178 2188 234 2219 Ita
251 2198 293 2219 cx
319 2189 403 2220 Mss.
422 2190 505 2229 ch.
532 2195 566 2220 et
591 2191 716 2222 Eiicns.
734 2192 881 2222 restitui.

179 2239 220 2270 In
238 2239 338 2270 editis
366 2245 430 2272 est.
455 2240 493 2270 L.
510 2240 681 2279 Domitius,
695 2246 730 2272 et
747 2242 786 2272 P.
804 2242 882 2273 Len-

166 2291 261 2327 tulus
290 2290 448 2329 Spinther.
507 2292 594 2323 Quae
626 2291 823 2332 conjunctio
852 2296 882 2323 et

179 2339 381 2371 sententium
403 2339 530 2375 tui-bat,
557 2349 596 2371 ac
625 2342 650 2371 si
678 2341 798 2373 fuisset
824 2343 883 2373 ali-

180 2390 253 2431 quis
269 2389 307 2420 L.
330 2389 489 2420 Domitius
511 2389 676 2429 Spintlier·;
714 2401 788 2421 cum
813 2392 885 2423 Cae-

180 2448 234 2469 sar
260 2437 351 2469 dicat
377 2438 417 2469 L.
445 2438 618 2469 Domitium
637 2440 881 2471 Ahenobarbum.

186 2490 294 2521 Clark.

223 2543 244 2571 9
266 2539 432 2580 Loquitur]
475 2539 676 2571 ciacconius
692 2545 727 2571 et
743 2540 882 2571 Hotom.

182 2589 370 2630 praeferunt
386 2591 512 2628 locutus,
530 2596 566 2620 ut
584 2591 692 2620 minor
709 2590 884 2620 distinctio

182 2643 329 2678 ponatur
345 2645 422 2670 ante
446 2639 602 2669 dimittit:
633 2644 734 2679 atque
753 2639 801 2670 ita
815 2639 884 2669 edi-

181 2688 306 2719 derunt
322 2690 420 2720 Vas-c.
441 2690 583 2727 sii-ada,
606 2689 724 2729 steph.
751 2689 883 2729 Gryph.

164 2769 167 2771 .
182 2742 272 2779 post.
317 2739 394 2770 Non
407 2740 493 2770 male
511 2738 682 2779 profecto,
694 2739 751 2769 sed
765 2744 885 2770 contra

168 2797 297 2819 ‘omnes
314 2789 433 2820 Mstos.
477 2790 599 2820 Paullo
615 2794 694 2821 ante
711 2789 884 2820 Manutius

1511 239 1531 279 1
1538 239 1623 279 :357

927 341 1107 379 legendnm
1146 342 1291 382 putabat
1326 342 1420 384 fitius
1457 343 1628 383 Domitius,

927 399 1019 420 mera
1039 393 1182 422 novandi
1201 393 1385 432 prurigine.
1424 394 1516 432 Ergo
1531 403 1560 425 c.
1575 398 1628 426 7-1,

927 440 978 468 84.
1001 448 1062 478 pro
1075 440 1167 480 filius
1187 441 1328 479 Afranii,
1355 442 1568 473 scribendum
1582 444 1629 484 fi-

926 487 986 516 Iius
1001 486 1174 524 Afranius.-
1212 495 1248 520 et
1276 490 1331 521 ubi
1358 492 1448 521 non?
1489 492 1570 523 Mss.
1595 493 1628 523 in

929 537 1050 567 talibus
1068 540 1254 578 sequendi:
1289 542 1337 571 uti
1365 543 1405 572 B.
1432 543 1468 574 C.
1495 552 1551 574 ιιι.
1575 546 1628 574 40.

927 587 935 603 ‘
953 587 1012 618 Cn.
1040 587 1223 627 Pompeius
1250 589 1370 621 filinsz’
1410 593 1450 623 B.
1474 593 1580 624 Afric.
1597 604 1628 625 c.

927 640 979 668 22.
996 637 1054 668 ubi
1072 639 1217 677 variant,
1243 641 1292 671 nti
1310 647 1343 672 et
1362 652 1390 673 c.
1408 646 1460 674 89.
1485 647 1492 661 ‘
1511 644 1628 675 Consi-

928 686 984 718 dio
1008 686 1099 719 filio!
1147 689 1253 720 Recte
1273 690 1344 730 jam
1373 693 1546 732 vulgatum
1574 693 1631 724 de-

927 736 1035 768 fendit
1053 738 1266 771 Ciacconius.

972 791 1008 818 ll
1035 787 1219 820 Sestertium
1244 791 1397 831 seaeogies,
1418 794 1497 832 quod
1520 804 1630 824 aurum

927 837 1099 868 adduxerat
1137 839 1311 880 Domitius]
1377 842 1487 873 Editt.
1531 843 1628 874 Rom.

927 888 1012 918 Ven.
1031 889 1188 920 Beroald.
1205 890 1334 921 omissis
1359 891 1489 923 duabus
1514 893 1629 933 primis

927 937 1079 976 vocibus,
1095 938 1259 970 exhibent
1275 949 1394 979 aurum,
1406 943 1485 981 quod
1498 944 1632 973 adduxe-

925 991 976 1016 rat
996 988 1173 1023 Dmnitius;
1210 989 1266 1019 sed
1283 999 1391 1020 aurum
1415 991 1510 1022 abest
1528 1002 1547 1022 a
1566 993 1631 1024 Mn.

931 1036 1071 1067 Norvic.
1142 1037 1187 1067 At
1225 1038 1333 1069 Codd.
1370 1041 1484 1071 Brant.
1513 1042 1631 1082 steph.

929 1085 1058 1126 Grypli.
1082 1087 1219 1118 Vascos.
1249 1095 1499 1128 repraesentant
1524 1095 1634 1123 sester-

927 1134 1005 1165 tium
1021 1137 1175 1175 sexugies,
1188 1139 1267 1176 quod
1281 1141 1448 1170 adrexerut
1462 1142 1633 1182 Domitius,

928 1194 1028 1224 quam
1057 1185 1236 1216 lectionem
1262 1188 1384 1227 probat
1410 1190 1510 1221 Joau.
1536 1192 1630 1223 Frid.

929 1234 1121 1266 Gronovius
1151 1235 1191 1266 de
1218 1236 1301 1268 Pec.
1320 1238 1398 1271 Vet.
1426 1239 1448 1270 l.
1475 1248 1515 1270 ιι.
1544 1250 1573 1272 c.
1602 1245 1632 1273 3.

929 1296 960 1326 p.
980 1290 1052 1318 149.
1086 1289 1199 1319 Dat-is.
1246 1290 1431 1331 Perperam
1448 1291 1524 1322 duae
1542 1293 1632 1333 prio-

930 1345 982 1367 res
1022 1347 1135 1376 voces,
1171 1341 1385 1379 transpositis
1417 1351 1528 1372 aurum
1555 1344 1633 1381 quod

929 1386 1132 1417 omittuntur
1169 1388 1272 1418 etiam
1310 1398 1330 1419 a
1368 1390 1480 1421 Palat.
1520 1391 1632 1432 Bong.

929 1437 1040 1468 Pulm.
1059 1438 1153 1469 Busl.
1172 1440 1277 1470 Dorv.
1292 1440 1386 1471 Leid.
1404 1451 1472 1472 sec.
1490 1447 1524 1473 et
1542 1443 1630 1475 Edd.

930 1488 1025 1518 Med.
1053 1490 1143 1520 Flor.
1193 1489 1376 1521 Sestertium
1404 1492 1505 1523 etiam
1533 1493 1633 1525 deest

930 1537 961 1568 in
977 1539 1098 1579 scalig.
1112 1540 1263 1579 peculium
1278 1550 1429 1580 suprasc.
1445 1542 1633 1582 stipendium

931 1587 1027 1618 Leid.
1049 1598 1099 1627 pr.
1144 1589 1238 1620 Bene
1259 1590 1383 1621 Lovan.
1411 1591 1528 1632 Cujac.
1554 1593 1631 1624 Pet.

929 1638 1026 1668 voss.
1045 1638 1116 1669 HS.
1139 1639 1212 1670 LX.
1241 1641 1291 1671 vel
1318 1641 1363 1672 H.
1385 1642 1460 1673 LX.
1478 1643 1548 1673 sive
1564 1643 1632 1674 Ses-

930 1688 1057 1718 tertium
1077 1689 1240 1728 Sexagies‚
1265 1700 1330 1721 non
1359 1691 1510 1723 sestertia
1535 1693 1632 1724 Sexa-

927 1739 1029 1777 ginta.
1083 1742 1204 1771 Aurum
1221 1749 1333 1773 autem
1350 1742 1447 1774 abest
1467 1753 1598 1785 quoque
1613 1754 1634 1775 a

933 1790 1013 1820 Mss.
1032 1790 1150 1822 Petav.
1169 1792 1288 1832 anac.
1307 1794 1522 1834 Lov.Scalig.
1538 1796 1634 1827 Leid.

931 1849 982 1879 pr.
998 1840 1096 1871 Voss.
1115 1846 1150 1872 et
1176 1842 1247 1872 sine
1264 1843 1364 1874 dnbio
1391 1853 1408 1874 a
1432 1844 1633 1876 Glossatooe

930 1888 1094 1920 intrusum
1112 1894 1174 1921 est.

976 1941 1014 1969 12
1038 1939 1240 1979 Adduxerat]
1270 1940 1424 1972 Summus
1443 1941 1635 1974 Gronovius

934 1997 1032 2027 quain
1056 1993 1177 2019 merito
1207 1990 1415 2029 praeferebat
1441 1992 1637 2031 lectionem,

933 2036 1111 2068 confirmat
1124 2039 1226 2069 etiam
1240 2040 1364 2070 Lovan.
1382 2042 1502 2073 Petav.
1516 2043 1634 2083 anac.

932 2087 1056 2127 Scalig.
1075 2088 1169 2118 Leid.
1188 2099 1238 2129 pr.
1260 2091 1359 2121 Voss
1377 2096 1411 2121 et
1428 2092 1485 2122 alii
1509 2092 1634 2133 forsan,

934 2137 997 2167 uisi
1026 2136 1150 2168 fallunt
1181 2146 1355 2180 excerpta.
1423 2142 1508 2173 Qnae
1536 2153 1636 2175 voces

933 2197 1024 2228 saepe
1041 2188 1302 2227 confunduntur,
1327 2192 1376 2222 nti
1399 2193 1488 2232 apud
1506 2194 1634 2224 Lucan.

935 2247 984 2269 v1.
1010 2241 1084 2269 442.
1120 2240 1128 2255 ‘
1146 2241 1245 2279 Legit
1271 2241 1304 2271 in
1330 2242 1529 2283 Haemoniis,
1555 2254 1634 2285 quas

933 2297 997 2319 non
1015 2289 1199 2321 advexerat
1216 2291 1357 2322 lierbas.’

977 2339 1014 2369 In
1029 2339 1185 2378 publicum
1199 2342 1395 2381 deposuerat]
1434 2342 1554 2374 Petav.
1573 2344 1635 2375 Lo-

935 2397 1009 2418 van.
1032 2389 1124 2419 Leid.
1142 2390 1238 2429 prim.
1266 2400 1333 2421 sec.
1360 2392 1457 2422 voss.
1473 2393 1584 2433 Bong.
1601 2398 1636 2424 et

937 2439 1043 2470 DorV.
1070 2442 1101 2470 in
1123 2441 1254 2479 publico.
1300 2443 1404 2481 Male,
1430 2443 1457 2473 si
1484 2444 1562 2484 quid
1589 2445 1636 2474 vi-

935 2488 1010 2520 deo.
1069 2490 1170 2521 Aliud
1199 2497 1251 2522 est
1276 2493 1423 2532 deponere
1448 2494 1478 2522 in
1505 2494 1636 2533 publico,

936 2539 1025 2579 quod
1053 2546 1106 2571 est
1135 2551 1320 2581 exponere,
1351 2542 1486 2582 publice
1514 2552 1637 2582 propo-

935 2597 1016 2620 nere
1031 2602 1038 2627 3
1073 2591 1162 2621 aliud
1180 2593 1210 2622 in
1225 2591 1378 2632 publicum
1396 2592 1466 2622 sive
1483 2592 1516 2622 in
1532 2591 1634 2623 tidem

935 2638 1121 2679 publicam,
1136 2651 1192 2671 seu
1221 2641 1367 2681 publicae
1392 2642 1438 2671 rei
1464 2647 1500 2672 et
1516 2643 1636 2674 aerario

937 2688 1072 2727 publico
1102 2691 1254 2722 credere.
1299 2691 1355 2720 lta
1379 2691 1411 2720 in
1440 2691 1581 2730 medium,
1603 2693 1637 2723 ἑτι

935 2749 1091 2771 commune
1113 2742 1320 2780 saepissiine3
1355 2741 1436 2771 licet
1453 2741 1635 2782 aliquoties

935 2789 1079 2821 abierint
1095 2800 1229 2831 quoque
1253 2789 1505 2822 iuAblativum·.
1548 2790 1636 2822 Vide
