1818 3131
212 231 325 274 1220

207 335 363 367 libertati
386 334 573 375 patri-mque
595 343 748 365 asserens
771 334 908 375 debere,

209 395 309 426 quam
335 385 474 423 Caesari,
499 384 668 415 nonnullis
690 383 910 415 adolescenti-

208 436 270 467 bus
286 435 456 466 nobilibus
474 443 513 465 ac
530 434 683 475 superbis
708 434 808 466 facile
832 445 907 476 per-

208 486 326 524 suasit,
339 490 376 516 ut
394 486 553 516 Romanae
568 485 724 517 amicitiae
740 486 908 516 vinculum

205 537 280 567 leve
297 535 522 573 discuterent,
546 545 647 576 seque
665 545 731 566 non
750 536 854 566 solum
871 536 908 566 li-

205 585 332 617 bertati
356 590 466 624 natos,
491 585 550 616 sed
577 585 719 626 imperio
743 586 908 617 meminis-

205 634 306 666 sent?
355 636 429 666 Nec
447 636 603 667 videntur
628 636 800 676 accepisse
827 645 909 675 prae-

203 684 309 716 mium
326 685 574 725 adolescentes,
597 686 654 717 illa
679 687 766 717 enim
793 685 907 723 verba,

206 745 283 776 quae
298 736 386 767 infra
402 736 573 777 leguntur,
589 741 618 768 et
630 738 761 775 ratione,
773 738 824 775 ἃς.
840 746 907 767 om-

205 786 285 817 nino
299 786 487 826 depravata
501 797 575 818 esse
589 787 746 817 arbitror.
778 786 908 816 Vossius.

205 836 263 867 Ita
293 836 328 869 J.
358 837 508 877 Scaliger
538 847 580 868 ex
610 837 718 868 Codd.
751 836 908 876 antiquis,

205 885 327 926 quibus
353 887 486 917 accedit
511 887 577 917 Ms.
602 887 741 917 Nor-vic.
765 886 910 916 auctori-

204 940 267 966 tas.
322 935 362 965 In
393 936 464 966 aliis
493 940 546 966 est
579 936 733 976 priunum
770 941 804 967 et
836 936 908 967 haec

203 986 339 1027 quidem
348 988 524 1032 <scriptura
538 987 662 1019 Vossio
679 989 818 1029 placuit,
831 989 908 1019 milii

204 1047 271 1068 non
289 1037 391 1074 item;
418 1037 534 1069 Caesar
559 1039 647 1069 enim
672 1039 907 1071 adolescentes

204 1089 344 1127 praemio
368 1087 472 1119 fnisse
498 1088 663 1120 deductos
686 1094 806 1129 postea
831 1099 908 1121 con-

204 1137 329 1168 firmat.
359 1138 469 1169 Daris.
515 1139 555 1169 In
581 1139 749 1169 nonnullis
776 1139 907 1170 Codici-

206 1187 279 1226 bus,
298 1188 455 1227 ‘primum
471 1189 722 1220 conununicat.’
752 1189 906 1229 Utraque

204 1237 306 1268 lectio
336 1236 417 1268 t'erri
450 1242 574 1277 potest.
633 1237 674 1268 Id
698 1238 906 1269 solummodo

203 1286 400 1325 notandum,
425 1288 451 1317 si
471 1286 558 1317 infra
584 1288 656 1327 (ubi
682 1288 801 1317 iterum
824 1289 908 1318 rari-

202 1343 261 1367 ant
277 1337 437 1377 Codices)
460 1338 592 1376 legatur
613 1338 742 1376 praemio
757 1338 907 1377 deductis,

203 1392 273 1418 tum
291 1387 395 1417 ethic
420 1386 598 1426 legendum
623 1394 804 1416 ruffinum
827 1396 907 1416 com-

201 1436 364 1470 mimicam
392 1436 441 1466 sin
472 1435 518 1465 ibi
547 1436 679 1475 legatur
705 1436 828 1475 proemii
855 1446 907 1476 spe

200 1488 303 1517 ductis
327 1486 509 1527 (quomodo
535 1485 679 1517 Graecus
707 1486 809 1517 vertit
833 1498 908 1526 χρη-

200 1537 306 1575 μάτων
323 1536 438 1575 ἐλπίδι)
459 1541 530 1567 tum
551 1536 603 1567 liic
626 1535 806 1576 legendum
831 1544 908 1566 Pm-

203 1597 289 1620 Μωι
314 1588 528 1627 communicat,
556 1592 594 1618 ut
619 1588 721 1618 habet
746 1587 835 1618 idem
860 1588 908 1618 in-

202 1643 336 1678 terpres
365 1637 488 1668 ἐκείνοις
515 1636 642 1677 πρώτοις
667 1636 907 1675 ἀνακοινωσάμε-

200 1699 262 1718 νος.
309 1688 422 1725 Eligat
446 1688 569 1719 iterum
596 1688 704 1718 lector
735 1688 906 1718 Eruditus.

203 1739 310 1769 Clark.
357 1739 434 1770 Non
452 1738 556 1768 ausim
574 1747 638 1778 ego
665 1747 801 1769 movere
826 1748 907 1778 proe-

200 1788 308 1827 mium,
330 1788 420 1829 quod
438 1788 522 1818 Mss.
547 1788 647 1828 longe
671 1788 806 1828 plurimi
830 1798 906 1819 cum

202 1837 315 1868 Ursini
353 1837 474 1868 codice.
513 1842 664 1875 servant,
695 1837 744 1867 uti
775 1842 810 1867 et
840 1837 904 1867 Ed.

201 1887 341 1919 Incerta
357 1893 391 1918 et
408 1887 581 1918 Beroaldi.
627 1887 770 1917 Primum
794 1891 905 1918 tamen

201 1943 253 1968 est
269 1938 300 1967 in
319 1937 434 1977 CuJac.
453 1937 575 1967 Petav.
593 1937 720 1967 Lovan.
741 1937 835 1967 Leid.
853 1946 903 1976 pr.

200 1997 268 2018 sec.
287 1991 322 2017 et
340 1987 472 2018 Duker.
518 1987 587 2017 Per
602 1996 660 2026 pra
669 1986 723 2016 mii
741 1986 905 2016 communi-

198 2038 351 2069 cationem
369 2038 484 2068 Caesar
506 2037 666 2077 intelligit
692 2042 822 2076 partem
847 2046 904 2076 pe-

199 2088 321 2127 cuniae,
339 2097 404 2128 qua
426 2088 496 2127 ipse
520 2087 562 2118 ab
590 2086 754 2117 Arvernis
781 2086 904 2117 sollici-

199 2142 290 2169 tatus
313 2142 349 2169 et
374 2141 553 2177 corruptus
579 2141 664 2176 erat,
688 2137 753 2167 illis
776 2135 901 2167 datam.

197 2188 254 2219 sic
272 2197 318 2219 νι.
340 2191 389 2219 19.
414 2189 422 2205 ‘
441 2188 600 2229 pecunias
624 2187 900 2218 communicare!

199 2240 292 2270 Dein
331 2240 440 2270 delevi
477 2250 545 2276 eos,·
589 2239 679 2280 quod
717 2240 901 2279 saepissime

198 2295 276 2330 post
287 2289 407 2321 hortari
419 2290 545 2321 omittit
559 2295 686 2329 auctor,
697 2290 901 2330 jubentibus

199 2340 283 2371 Mss.
310 2341 420 2381 Boug.
442 2341 625 2380 Vossianis‚
650 2341 776 2371 Lovan.
803 2341 899 2381 Egm.

197 2394 233 2420 et
247 2394 265 2421 5
280 2391 353 2421 aliis
371 2396 471 2431 atquc
487 2391 572 2422 Edd.
588 2401 643 2431 pp.

241 2443 260 2471 8
294 2441 465 2472 Victoriam
494 2442 658 2481 distineat]
702 2441 828 2471 Mirum
867 2441 900 2471 in

197 2490 283 2522 Mss.
294 2491 493 2532 quibusdam
503 2492 556 2522 hic
565 2497 617 2522 est
629 2491 899 2531 decompositum

201 2541 400 2579 ‹ledistiueal‚
422 2547 457 2572 ut
475 2542 508 2572 in
524 2542 633 2581 Bong.
658 2551 708 2581 pr.
727 2542 823 2572 Voss.
846 2553 896 2583 pr.

196 2595 233 2621 et
249 2591 416 2631 Egmund.
461 2592 547 2622 Tres
565 2592 621 2622 alii
641 2592 778 2622 solemni
795 2593 899 2623 varia-

180 2639 288 2671 *tione
304 2641 466 2671 destineat.
503 2641 571 2672 Alii
589 2651 701 2673 rursus
720 2652 794 2672 cum
813 2643 898 2674 Edd.

197 2700 254 2730 pp.
277 2690 432 2722 delitum:
459 2691 492 2721 id
517 2695 582 2727 est,
605 2696 767 2731 moretur,
791 2697 897 2723 retar-

195 2739 267 2771 det.
313 2741 379 2771 Sed
412 2750 506 2779 cave,
543 2741 623 2782 quid
654 2747 775 2773 mutes.
823 2743 898 2773 Ele-

196 2790 390 2829 gantissime
420 2791 531 2823 civitas
558 2791 707 2824 distinere
737 2793 898 2824 victoriam

673 239 815 271 NOTAE
846 239 1110 272 vARloRUM
1145 240 1194 271 IN

959 336 1095 375 dicitur,
1125 345 1198 377 qua:
1228 335 1300 375 ejus
1330 336 1533 375 perpetuum
1563 338 1660 367 teno-

958 395 1029 417 rem
1042 386 1271 425 interrumpit,
1283 390 1317 416 et
1330 385 1438 425 objice
1452 394 1509 415 suo
1522 394 1588 416 non
1602 395 1662 427 pa·

960 437 1042 467 titur
1059 447 1131 467 eam
1157 446 1230 466 esse
1243 435 1435 466 continuam
1453 440 1489 466 et
1505 435 1658 474 solidam,

958 491 994 517 ut
1019 486 1107 526 apud
1133 486 1234 517 Ovid.
1266 484 1379 516 ‘freta
1405 485 1545 516 distinet
1569 485 1661 516 Isth-

959 536 1054 566 1n05.¹
1100 535 1226 566 Eodem
1251 545 1351 566 sensu
1376 536 1498 567 Cicero
1520 537 1555 566 in
1582 536 1661 567 Phi-

959 586 1042 625 lipp.
1066 594 1131 615 ΧΠ.
1158 588 1208 615 12.
1232 585 1241 602 ‘
1258 595 1317 625 per
1345 596 1397 617 me
1421 596 1538 627 pacem
1565 586 1663 618 disti-

959 635 1031 664 neri
1047 634 1066 664 ε’
1091 633 1124 664 id
1141 638 1207 671 est,
1229 643 1281 664 me
1306 635 1399 674 pacis
1421 645 1549 666 moram
1571 645 1658 676 esse,

960 693 1025 724 qua
1042 684 1319 723 interrumpatur.
1360 684 1433 715 Liv.
1452 694 1491 716 u.
1511 689 1561 716 15.
1582 686 1658 716 ‘Ne

960 733 1040 773 quid
1073 742 1192 773 pacem
1223 732 1422 764 distineat:'
1464 734 1520 765 ubi
1552 735 1658 775 plura.

959 783 1047 813 vide
1073 783 1175 814 etiam
1204 792 1305 824 supra
1331 783 1374 813 ad
1405 791 1445 814 11.
1475 787 1504 814 5.
1542 788 1577 815 et
1604 785 1660 816 hic

960 833 1122 865 Glarean.

1001 887 1022 915 9
1057 883 1217 925 Reliquas]
1264 884 1376 915 Oxou.
1410 891 1447 916 et
1479 884 1576 917 Leid.
1607 895 1660 926 pr.

959 935 1103 974 reliquos.
1159 935 1259 967 Quod
1297 935 1378 966 satis
1416 934 1556 966 defendi
1593 945 1660 968 non

960 984 1066 1015 solum
1098 989 1211 1024 potest
1241 994 1283 1015 ex
1314 985 1440 1015 notatis
1471 985 1512 1016 ad
1541 994 1598 1017 ιιι.
1629 988 1660 1019 9.

959 1034 968 1050 ‘
986 1034 1139 1075 Reliquae
1166 1035 1324 1066 civitates
1351 1035 1487 1076 cognito
1517 1036 1661 1068 Caesaris

959 1085 1108 1116 adventu
1125 1086 1287 1116 certiores
1303 1084 1406 1116 facti!
1441 1086 1509 1117 Sed
1526 1087 1660 1119 omnino

958 1144 1076 1165 verum
1094 1134 1249 1165 arbitror.
1269 1144 1348 1166 v111.
1375 1139 1426 1167 ll.
1450 1135 1658 1176 ‘Lingorum

958 1184 1232 1226 reliquarumque
1277 1185 1466 1224 civitatum,
1517 1195 1660 1227 quorum

958 1244 1001 1266 m.
1042 1244 1218 1265 numerum
1268 1235 1494 1266 evocaverat.’
1559 1236 1661 1267 Adde

958 1284 1062 1314 Doct.
1092 1294 1156 1314 van
1183 1286 1350 1315 Staveren
1380 1285 1422 1315 ad
1450 1286 1579 1325 Nepot.
1606 1285 1659 1316 Ti-

957 1333 1058 1363 moth.
1076 1343 1104 1364 c.
1121 1337 1151 1363 2.
1176 1335 1184 1350 ⁶
1201 1334 1405 1373 Laconicen,
1423 1334 1562 1366 eorum!

1001 1385 1040 1413 13
1064 1383 1116 1413 Ad
1145 1383 1298 1413 Coesarem
1323 1385 1573 1424 disceptatorem]
1604 1385 1661 1416 Ita

958 1431 991 1462 in
1010 1431 1208 1472 quibusdam
1225 1433 1309 1463 Mss.
1328 1434 1394 1474 legi
1411 1438 1558 1465 testatur
1579 1435 1659 1466 Pet.

959 1482 1172 1521 ciacconius,
1199 1482 1288 1523 quod
1315 1493 1448 1515 mecum
1475 1485 1597 1525 probat
1623 1485 1659 1518 J.

958 1535 996 1566 F.
1023 1535 1227 1566 Gronovius.
1275 1535 1314 1565 In
1343 1536 1417 1567 aliis
1442 1537 1658 1578 disceptaturi,

958 1585 1047 1626 quod
1064 1585 1209 1616 Librarii
1234 1587 1486 1627 disceptationem
1510 1589 1657 1628 partium

958 1645 1032 1667 esse
1048 1640 1222 1675 putarent,
1238 1646 1304 1667 non
1325 1637 1463 1677 judicis.
1510 1638 1577 1669 Sed
1594 1639 1656 1670 hoc

957 1685 1077 1716 falsum
1101 1691 1165 1725 est,
1188 1691 1225 1717 ut
1251 1687 1400 1717 ostendit
1425 1687 1475 1717 vir
1503 1687 1659 1719 doctissi-

956 1745 1030 1766 mus
1044 1735 1087 1767 ad
1104 1736 1190 1767 Livii
1204 1745 1365 1767 xxxviii.
1382 1739 1434 1767 35.
1459 1737 1570 1768 Davis.
1601 1737 1657 1770 Sic

957 1787 1042 1817 Mss.
1060 1787 1144 1827 Reg.
1162 1792 1197 1817 et
1213 1787 1335 1818 Vossii.
1359 1786 1416 1818 Al.
1441 1787 1658 1829 disceptaturi.

959 1837 1066 1866 Clark.
1112 1838 1190 1867 Non
1214 1837 1436 1868 dubitandum
1460 1842 1514 1869 est
1536 1838 1578 1870 de
1602 1849 1659 1870 ve-

955 1887 1056 1918 ritate
1083 1887 1241 1918 lectionis
1269 1888 1527 1927 disceptatorem;
1554 1898 1655 1930 quam

955 1944 1082 1977 praeter
1105 1939 1182 1969 Urs.
1211 1943 1246 1968 et
1262 1938 1401 1969 aliorum
1419 1939 1502 1969 Mss.
1526 1939 1656 1971 habent

954 1989 1062 2029 Bong.
1085 1998 1134 2028 pr.
1151 1987 1241 2019 And.
1266 1989 1362 2020 Leid.
1388 1999 1439 2030 pr.
1464 1999 1530 2021 sec.
1555 1991 1654 2024 Voss.

954 2047 1002 2078 pr.
1027 2047 1095 2069 sec.
1123 2038 1238 2069 Oxo‘n.
1263 2039 1387 2079 Scalig.
1412 2039 1533 2070 Petav.
1558 2041 1654 2079 Egm.

953 2092 989 2119 et
1016 2088 1103 2120 Edd.
1129 2089 1230 2119 Vase.
1257 2093 1292 2120 et
1322 2090 1388 2119 Str.
1412 2089 1652 2130 disceptatorum

953 2137 1027 2178 Cuj.
1067 2139 1310 2178 disceptaturum
1339 2138 1433 2170 Leid.
1469 2143 1548 2171 tert.
1579 2149 1654 2171 cor-

954 2195 1053 2229 rupte
1085 2198 1103 2219 e
1133 2190 1377 2229 disceptatorem.
1433 2190 1656 2231 Disceptatum

954 2239 992 2269 R.
1021 2239 1138 2279 Steph.
1184 2239 1250 2269 Sed
1281 2240 1371 2271 clare
1398 2239 1512 2271 Livius
1542 2250 1566 2271 1.
1597 2243 1653 2272 50.

952 2288 961 2305 ‘
977 2288 1243 2330 disceptatorem
1260 2290 1309 2320 ait
1332 2300 1368 2321 se
1390 2296 1538 2322 sumtum
1562 2291 1652 2322 inter

952 2344 1085 2379 patrem
1114 2344 1150 2370 et
1178 2339 1306 2371 filium!
1378 2339 1479 2371 Adde
1517 2341 1652 2372 Manut.

951 2390 993 2420 ad
1019 2390 1131 2421 Cicer.
1159 2390 1181 2421 l.
1205 2399 1254 2421 ιν.
1281 2389 1323 2421 ad
1341 2391 1433 2422 Fam.
1464 2391 1528 2432 Ep.
1550 2393 1581 2422 4.
1614 2393 1650 2420 et

951 2440 1047 2472 alios.

995 2494 1032 2522 15
1060 2491 1103 2521 Et
1130 2491 1252 2523 ratione
1273 2492 1490 2532 magistratus,
1515 2494 1546 2521 et
1568 2500 1649 2530 proe-

949 2542 1010 2572 mio
1026 2541 1179 2582 deductis]
1214 2542 1361 2573 Omnino
1377 2541 1560 2581 depravata
1575 2550 1650 2571 esse

949 2592 1107 2623 arbitror.
1154 2592 1310 2623 Restituo
1335 2592 1394 2622 ‘et
1412 2590 1564 2621 oratione
1582 2600 1649 2621 ma-

949 2641 1125 2682 gistratus,
1173 2646 1210 2672 et
1246 2641 1375 2682 praemii
1412 2650 1471 2681 spe
1511 2640 1646 2671 ductis.'

950 2691 1099 2721 Oratione
1119 2691 1150 2721 in
1174 2701 1206 2721 v.
1224 2701 1251 2722 c.
1277 2690 1423 2731 legitur:
1446 2690 1569 2730 proemii
1593 2700 1646 2730 spe

946 2741 1056 2781 ductis,
1087 2740 1176 2771 haud
1207 2740 1310 2771 dubie
1347 2740 1381 2770 in
1418 2750 1478 2771 suo
1516 2739 1646 2779 reperit

947 2792 1102 2831 Graecus,
1114 2790 1243 2832 quando
1255 2790 1358 2822 vertit
1367 2791 1407 2833 τῇ
1417 2802 1453 2822 τε
1467 2791 1522 2822 τοῦ
1533 2789 1646 2832 ἄρχον-
