1818 3131
346 184 889 225 inu.vni.0Av.48.oE
923 194 1077 223 nanno
1108 194 1336 223 GALLuff»

116 286 228 327 specie
255 288 428 328 colloquii.
474 286 572 317 Unde
600 295 702 326 supra
733 285 813 316 Hir-

116 338 182 367 tius
200 338 239 367 do
271 337 417 368 Labieno
433 337 531 375 «lixit,
553 337 561 351 ‘
578 334 813 366 infidelitatem

115 387 186 426 ejus
201 388 271 417 sino
291 388 356 417 ulla
374 386 515 427 pertidia
534 384 702 424 judicavit
725 394 814 414 com-

118 436 216 475 primi
244 439 360 476 possi-J
407 437 450 466 Et
475 444 516 464 ne
543 434 723 474 suspiceris
750 443 814 464 non

117 491 211 516 recte
250 486 317 516 dici
351 486 490 516 vulnera
521 484 706 524 imponere,
736 484 814 514 audi

114 537 265 568 Tullium
293 546 340 567 lv.
367 536 409 566 de
435 535 595 566 Finibus:
621 537 630 553 ‘
647 538 732 568 Qua:
762 536 814 566 hic

116 586 213 626 Reip.
231 587 370 616 vulnera
386 585 594 625 imponebat,
621 585 740 616 eadem
759 585 815 615 ille

114 635 275 667 sanabat!
326 637 458 667 Vossius.
528 637 625 667 Voss.
665 636 816 676 reposuit

109 686 245 727 perfidia
278 687 435 726 impositu,
459 686 666 726 adduxitque
704 687 815 716 locum

115 736 291 768 Ciceronis
306 736 348 767 de
366 737 422 767 lin.
441 737 461 767 l.
482 746 530 767 iv.
547 737 602 766 ubi
621 736 681 774 ait,
703 738 711 752 ‘
731 739 815 767 Quae

112 787 165 818 hic
194 787 292 828 Reip.
322 789 449 818 vulnera
481 787 666 828 imponebat,
694 787 814 818 eadem

113 837 171 867 ille
205 837 371 868 sanabat.'
430 838 513 868 Mss.
552 838 719 877 Bongars.
746 847 815 868 sec.

115 887 227 918 Palat.
246 887 387 919 Norvic.
407 889 527 919 Brant.
546 893 580 918 et
597 887 696 918 editt.
716 888 814 918 Rom.

114 937 200 968 Ven.
224 937 383 969 Beroald.
399 938 518 977 Steph.
537 939 678 969 Vascos.
702 948 758 978 per
772 938 816 979 fi-

114 987 181 1020 dem
192 986 418 1027 interpositam.
463 988 529 1018 ΜΒ.
547 989 714 1029 Bongars.
736 994 815 1020 tert.

110 1047 169 1078 per
186 1038 287 1079 fidem
311 1040 509 1079 interposita.
561 1040 710 1071 Omnino
742 1041 817 1079 lege

111 1098 168 1129 per
183 1088 286 1130 fidem
309 1089 463 1129 imposita.
518 1091 605 1121 Nam
630 1091 818 1121 Volusenus

111 1147 169 1178 per
182 1138 408 1170 simulationem
423 1140 564 1180 colloquii
581 1141 733 1171 Cominm
749 1141 818 1171 vul-

115 1192 306 1229 neraverat,
316 1193 355 1220 ut
367 1189 482 1220 docuit
494 1190 627 1221 Hirtius
639 1194 727 1223 c.23.
746 1192 817 1222 Cic.

117 1238 161 1269 de
180 1238 321 1270 Juvent.
339 1240 361 1271 l.
375 1249 400 1270 1.
416 1238 476 1272 fol.
489 1243 542 1272 57.
572 1242 613 1272 B.
631 1242 685 1273 ed.
702 1242 818 1273 Lamb.

117 1290 126 1306 ‘
144 1289 210 1321 Qui
228 1299 461 1330 saepenumero
479 1300 537 1321 nos
548 1292 710 1333 perfidem
725 1291 819 1323 fefel-

117 1340 244 1378 lerunt,
272 1350 385 1371 eorum
401 1341 547 1371 orationi
564 1340 665 1371 fldem
691 1341 819 1371 habere

118 1399 185 1421 non
218 1390 405 1421 debemus.’
452 1391 569 1422 Caesar
592 1391 634 1420 B.
653 1390 695 1421 G.
719 1399 743 1421 1.
767 1393 820 1422 46.

117 1442 126 1457 ‘
146 1441 227 1471 Dici
244 1445 359 1481 posset
371 1451 427 1471 eos
442 1450 461 1470 a
478 1450 512 1471 se
533 1440 693 1481 perfidem
709 1441 741 1470 in
757 1441 822 1471 col-

118 1490 232 1532 loquio
249 1490 524 1521 circumventos?
569 1489 623 1520 Ad
648 1499 746 1530 quem
775 1491 821 1520 lo-

118 1550 195 1572 cum
215 1550 275 1572 nos
291 1539 483 1580 hujusmodi
500 1540 598 1579 plura
615 1540 822 1579 collegimus.

120 1590 236 1621 Datis.
302 1590 436 1621 Davisii
475 1589 749 1620 emendationem
787 1590 821 1620 in

119 1645 252 1671 textum
279 1640 410 1680 recepit
443 1639 614 1678 Clarkius,
645 1644 748 1680 atque
775 1639 824 1670 ita

112 1691 186 1730 jam
201 1691 280 1720 olim
304 1690 456 1730 conjecit
472 1690 652 1729 Gruterus,
671 1689 823 1720 adducto

120 1740 207 1771 Livii
224 1740 298 1771 loco
322 1750 341 1771 e
366 1740 453 1777 libro
481 1749 506 1770 1.
525 1749 555 1771 c.
572 1743 603 1771 9.
626 1740 754 1779 ‘Cujus
780 1740 822 1770 ad

123 1790 285 1821 sollemne
298 1790 463 1831 ludosque
477 1799 539 1830 per
551 1789 600 1820 fas
611 1794 711 1830 atque
721 1789 823 1820 fidem

122 1840 260 1880 decepti
277 1839 452 1870 venissent
465 1839 485 1869 :'
510 1839 673 1879 additque
695 1849 730 1869 se
749 1849 822 1870 eam

120 1888 301 1920 formulam
339 1888 529 1920 restituisse
566 1889 671 1919 etiam
707 1889 824 1919 Plauti

120 1939 273 1971 Mostell.
309 1943 378 1970 act.
404 1948 445 1970 11.
469 1949 516 1970 sc.
542 1941 574 1969 2.
598 1939 649 1969 uti
667 1944 703 1970 et
730 1939 825 1970 adse-

121 1989 228 2020 ruisse
241 1989 314 2020 aliis
331 1989 527 2021 auctoribus
540 1989 574 2019 in
586 1989 824 2029 Suspicionum

120 2038 256 2078 libellis,
274 2049 415 2080 quorum
439 2039 572 2070 scilicet
588 2048 667 2078 pars
693 2043 825 2069 tantum

120 2089 231 2119 lucem
253 2089 422 2128 adspexit.
466 2090 594 2120 Verum
615 2088 658 2119 ad
676 2089 763 2119 Livii
779 2089 826 2119 lo-

123 2146 201 2168 cum
229 2138 261 2168 iu
295 2138 430 2168 Caesare
459 2138 623 2169 Gruterus
649 2139 747 2179 legit,
769 2149 827 2179 per

113 2187 215 2228 fldem
239 2188 466 2227 interpositam.
515 2188 558 2218 Et
583 2188 630 2218 sic
656 2194 770 2220 exstat
795 2199 828 2219 e-

124 2237 207 2269 tiarn
223 2238 255 2267 in
280 2238 408 2269 Lovan.
432 2239 532 2268 Voss.
551 2247 600 2278 pr.
618 2243 655 2269 et
679 2239 826 2280 quinque

124 2288 373 2319 recentioribus
390 2298 429 2319 ac
447 2288 567 2328 primis
584 2288 670 2319 Edd.
694 2289 828 2330 perfidia

125 2338 259 2378 inposita
275 2339 373 2379 Egm.
388 2342 423 2368 et
435 2338 531 2369 Voss.
547 2347 616 2369 sec.
629 2339 688 2369 sed
698 2339 830 2380 perfidia

126 2387 263 2428 inposita
286 2393 339 2419 est
363 2389 396 2418 in
412 2387 537 2419 Audin.
565 2393 600 2420 et
628 2389 828 2421 Petaviano.

125 2439 192 2470 Per
194 2437 296 2480 fidem
303 2438 432 2476 fallere,
447 2439 599 2479 decipere,
610 2440 830 2471 circumvenire

126 2489 225 2521 bonae
241 2495 319 2520 sunt
346 2490 547 2529 locutiones,
578 2489 637 2521 sed
657 2499 714 2530 per
731 2490 831 2531 fldem

127 2541 237 2571 vulnus
252 2540 350 2571 alicui
366 2540 510 2580 inponere
535 2550 596 2580 pro
618 2540 752 2580 aliquem
777 2550 832 2580 per

120 2589 220 2632 fidem
234 2591 453 2631 interpositam
475 2591 635 2631 deceptum
660 2591 833 2630 vulnerare,

131 2641 259 2681 nescio,
272 2650 314 2671 an
333 2650 430 2682 aeque
447 2641 603 2672 Latinum
622 2641 678 2672 sit.
718 2642 832 2673 Quare

133 2688 266 2730 dubito,
290 2699 332 2721 an
354 2700 423 2721 non
445 2691 581 2722 aliunde
608 2691 740 2722 medela
755 2691 832 2721 huic

132 2738 209 2770 loco
225 2740 412 2782 quaerenda
428 2741 483 2773 sit.
529 2742 634 2774 Certe
655 2750 718 2784 pro
734 2741 835 2772 inulta

1453 185 1565 227 1321

866 287 897 316 in
927 287 1090 324 Bongars.
1123 286 1307 325 wmarus,
1337 286 1463 317 Lovan.
1503 287 1568 326 Eg-

866 336 979 366 mund.
1012 338 1110 368 (J'ott.
1141 337 1234 367 hvid.
1260 346 1329 366 soe.
1358 341 1437 368 tert.
1465 337 1564 368 Carr.

867 386 973 416 Dorv.
989 392 1022 425 et
1039 387 1113 416 aliis
1131 392 1232 427 atque
1252 386 1337 416 Edd.
1357 386 1472 426 primis
1489 387 1568 418 scri-

868 435 958 465 bitur
975 437 1132 475 inpunita,
1157 441 1190 466 ct
1219 437 1250 466 in
1268 437 1379 466 Oxou.
1405 446 1444 467 ac
1469 435 1566 468 Leid.

868 494 918 525 pr.
943 484 1041 515 inulta
1054 489 1165 524 puter:
1189 490 1221 515 et
1235 487 1367 526 perfidia
1388 487 1570 526 interposita

867 539 1022 565 servatur
1039 544 1112 565 cum
1140 536 1182 565 ab
1207 536 1292 573 aliis,
1320 541 1388 566 tum
1406 546 1425 565 a
1448 536 1568 577 Scalig.

867 586 984 626 Cujac.
1001 585 1114 617 Oxou.
1135 586 1225 616 Leid.
1240 596 1290 626 pr.
1328 588 1439 618 Quare
1455 585 1569 617 forsan

868 639 943 666 erat
970 635 1186 666 scribendum
1212 646 1249 666 ne
1271 647 1325 666 sua
1352 638 1485 675 vulnera,
1512 647 1570 677 per

858 684 959 725 fldem
973 686 1187 725 interpositam
1208 687 1316 725 inlata,
1329 691 1511 726 paterentur
1526 688 1571 719 in·

865 735 985 774 punita.
1046 736 1246 777 Interponere
1283 742 1335 768 est
1369 744 1572 778 praetexere,

869 784 1019 824 inferre3
1048 787 1213 826 quomodo
1245 797 1337 827 sa‘pe
1355 788 1386 817 in
1411 788 1459 818 his
1483 798 1570 819 corn-

869 836 1045 866 mental-iis
1063 847 1146 867 mora
1162 837 1355 877 interposita.
1392 838 1481 869 Alibi
1497 839 1573 870 Hir-

870 886 936 916 tius
951 892 987 917 et
1005 887 1120 917 Caesar
1149 888 1189 917 B.
1212 887 1254 918 G.
1275 897 1299 918 1.
1316 891 1369 918 42.
1394 890 1402 905 ‘
1422 888 1571 929 interpo-

869 936 950 965 sita’
973 936 994 966 i.
1012 946 1042 967 e.
1067 941 1224 976 proelextn
1244 939 1252 954 ‘
1272 944 1408 969 senatus
1425 941 1571 971 auctori·

870 989 953 1016 tate'
977 986 1067 1017 infra
1080 990 1175 1018 c.5‘..’.
1201 987 1308 1018 Immo
1330 988 1451 1019 ‘fidem
1473 989 1574 1020 inter-

870 1036 1007 1076 ponere’
1036 1037 1125 1067 idem
1143 1037 1183 1067 B.
1203 1037 1292 1068 Gall.
1316 1047 1350 1068 v.
1375 1042 1404 1069 6.
1442 1039 1482 1070 Β.
1500 1039 1574 1070 civ.

871 1094 896 1115 1.
920 1088 972 1116 86.
1008 1085 1102 1117 Hirt.
1127 1087 1169 1117 B.
1199 1086 1298 1118 Alex.
1324 1097 1355 1119 c.
1378 1091 1432 1119 63.
1470 1093 1573 1129 atque

870 1135 917 1165 ita
945 1145 1037 1175 saepe
1067 1136 1125 1166 alii
1155 1146 1302 1177 quoque.
1368 1137 1468 1168 Adde
1500 1138 1574 1170 Cel.

869 1185 1020 1216 Gronov.
1051 1186 1198 1217 Observ.
1225 1196 1277 1218 lv.
1300 1191 1330 1218 1.
1375 1188 1411 1219 Si
1433 1189 1507 1229 quis
1524 1193 1574 1220 ta-

868 1245 945 1266 men
963 1236 1014 1266 vel
1040 1237 1086 1267 sic
1102 1237 1199 1268 malit
1214 1239 1361 1270 retinere
1378 1240 1491 1279 inulta,
1519 1248 1576 1271 cu·

864 1285 922 1325 jus
948 1286 1058 1325 glossa
1076 1286 1212 1317 videtur
1239 1297 1311 1318 esse
1332 1288 1488 1329 inpunita,
1513 1299 1577 1329 per

870 1345 923 1366 me
941 1335 1035 1366 licet.

916 1387 954 1414 17
980 1385 1121 1415 ,Uedium
1135 1385 1243 1421 femur
1265 1386 1328 1424 ejus
1344 1387 1466 1426 magnis
1482 1387 1575 1419 viril).

872 1434 930 1473 tn]
954 1435 1008 1464 Sic
1026 1435 1160 1474 quidem
1180 1441 1231 1466 est
1255 1437 1288 1467 in
1307 1436 1396 1468 And.
1413 1438 1524 1469 Oxon.
1541 1444 1577 1470 et

874 1485 952 1515 Pet.
1006 1484 1075 1515 Alii
1106 1485 1250 1517 Codices
1279 1492 1315 1517 et
1346 1487 1431 1518 Edd.
1459 1488 1577 1528 primae

874 1534 1018 1574 aliaeque
1036 1535 1158 1573 magnis
1180 1535 1296 1566 viribus
1319 1537 1451 1568 medium
1471 1536 1577 1574 semar

873 1585 994 1623 trajicit
1012 1585 1239 1624 Voluseni,nisi
1256 1587 1344 1627 qnod
1359 1587 1467 1628 Bong.
1481 1588 1578 1628 prim.

874 1635 1001 1666 habeat
1031 1646 1067 1667 ac
1092 1647 1133 1666 m.
1166 1647 1195 1666 v.
1227 1641 1330 1677 atque
1362 1638 1410 1667 ita
1440 1637 1502 1668 Ed.
1535 1638 1577 1669 R.

874 1686 993 1725 Steph.
1027 1696 1045 1715 a
1072 1697 1112 1716 m.
1137 1687 1195 1717 tir.
1240 1687 1336 1717 Lcid.
1369 1697 1419 1727 pr.
1452 1687 1577 1728 Scalig.

876 1736 985 1776 Bong.
1009 1746 1077 1766 sec.
1097 1737 1191 1766 Voss.
1210 1737 1308 1776 prim.
1327 1746 1393 1767 sec.
1414 1737 1579 1777 Egmuud.

875 1785 1014 1815 Medium
1029 1787 1128 1815 etiam
1143 1787 1239 1816 deest
1257 1786 1289 1816 in
1304 1786 1401 1817 Leid.
1417 1796 1467 1827 pr.
1493 1787 1581 1818 Gru-

875 1840 950 1864 tero
968 1835 1130 1874 placebat
1144 1835 1269 1875 legere,
1287 1837 1426 1866 resectis
1444 1837 1581 1875 ceteris,

873 1885 1036 1923 lanceaque
1051 1883 1165 1922 infesta
1173 1884 1280 1922 femur
1292 1886 1423 1924 trajicit.
1456 1887 1581 1917 Forsan

874 1935 893 1965 l.
909 1935 1028 1973 ingesta
1049 1944 1067 1964 a
1093 1935 1215 1973 magnis
1238 1935 1354 1966 viribus
1376 1937 1454 1966 med.
1474 1935 1583 1973 femur

875 1984 1044 2022 transjicit.
1091 1984 1240 2015 Obvium
1265 1991 1317 2015 est
1345 1986 1487 2025 ingerere
1506 1987 1580 2017 tela.

875 2033 918 2063 V.
937 2033 979 2063 ad
1004 2034 1131 2063 Lucan.
1146 2043 1196 2064 w.
1217 2037 1291 2065 232.
1340 2035 1461 2072 Infesta
1479 2036 1583 2066 lumea

877 2088 990 2114 tamen
1014 2093 1080 2113 non
1106 2084 1211 2114 ausim
1238 2084 1410 2116 damnare.
1457 2085 1534 2116 Non
1550 2094 1583 2116 e-

876 2135 944 2164 nim
978 2134 1078 2165 modo
1106 2143 1156 2165 u.
1183 2137 1213 2165 S.
1259 2141 1294 2166 et
1322 2135 1399 2165 alibi
1424 2134 1584 2166 ‘infestis

877 2184 980 2224 signis
1003 2184 1045 2215 ad
1069 2193 1104 2215 se
1128 2183 1196 2214 ire'
1223 2185 1396 2222 occurrit3
1422 2184 1482 2216 sed
1508 2185 1584 2216 ‘in-

876 2233 972 2266 festis
1004 2235 1082 2275 pilis
1112 2234 1329 2275 procurrere’
1365 2236 1408 2266 B.
1426 2235 1499 2267 Civ.
1526 2244 1582 2267 111.

876 2289 929 2318 93.
953 2292 988 2318 et
1003 2287 1044 2318 B.
1061 2286 1171 2318 Afric.
1197 2297 1227 2318 c.
1245 2290 1296 2318 84.
1340 2288 1348 2304 ‘
1365 2287 1496 2318 Infesto
1512 2287 1584 2318 telo

878 2335 921 2366 ad
947 2346 982 2367 se
1007 2336 1154 2367 venire?
1179 2337 1279 2377 plura
1295 2336 1371 2368 vide
1395 2337 1484 2377 apud
1511 2336 1584 2367 Pri-

878 2397 984 2418 caeum
1013 2387 1056 2418 ad
1079 2387 1183 2428 Apul.
1208 2388 1294 2418 Met.
1320 2387 1341 2418 1.
1369 2396 1394 2418 1.
1424 2388 1433 2404 ⁶
1451 2386 1584 2418 questo

879 2447 1037 2469 mucrone
1054 2438 1074 2469 :’
1092 2443 1127 2469 et
1141 2437 1318 2469 Drakenb.
1336 2437 1378 2467 ad
1392 2437 1466 2468 Liv.
1480 2446 1519 2468 11.
1531 2439 1583 2467 36.

879 2488 888 2505 ‘
907 2487 1047 2519 Infestis
1066 2488 1243 2529 provolare
1255 2486 1383 2518 hastis!

924 2540 964 2568 18
989 2538 1153 2577 Com-ersi]
1175 2538 1257 2568 Mss.
1283 2537 1369 2576 Reg.
1396 2535 1520 2566 Eliens.
1548 2538 1584 2565 et

880 2587 977 2619 Voss.
1009 2592 1044 2618 et
1074 2587 1161 2618 Edd.
1189 2588 1286 2618 Vett.
1311 2586 1465 2617 conversis
1491 2585 1584 2625 equis.

883 2637 990 2668 Clark.
1034 2637 1090 2668 Sic
1121 2645 1256 2678 qnoque
1287 2645 1369 2665 unus
1398 2634 1525 2673 Ursini,
1548 2638 1584 2665 et

882 2696 997 2718 omnes
1025 2688 1091 2719 mei
1120 2694 1248 2727 praeter
1280 2685 1402 2715 Petav.
1429 2682 1520 2715 And.
1547 2687 1586 2715 et

883 2735 996 2771 Oxou.
1046 2737 1089 2770 In
1117 2735 1215 2769 Leid.
1246 2739 1360 2766 tamen
1390 2732 1500 2775 primo
1529 2738 1586 2768 est
