1818 3131
307 202 398 232 mn.
431 201 496 231 vl.
528 198 634 229 cAr’.
663 187 733 230 23.
767 202 829 230 nn
864 200 1018 231 annno
1050 202 1277 233 GAmeo.

70 302 106 329 et
143 296 223 339 quia
257 297 300 328 de
341 297 458 328 Snevis
491 304 594 336 supra
630 293 769 334 dixerit,

69 348 78 365 ⁸
96 347 335 387 agriculturam
366 345 454 386 apud
482 354 539 376 eos
572 353 637 375 non
665 344 768 374 inter-

72 397 184 429 mitti)
236 397 285 428 At
307 406 373 427 non
397 405 482 436 opus
510 400 603 436 puto.
661 396 767 426 Recte

72 447 300 488 (llandorpius
313 447 434 477 studere
449 445 652 484 agricultum
668 455 770 485 expo-

70 499 149 539 suit,
172 508 231 529 non
254 498 374 528 deditos
396 505 458 527 esse
485 496 514 526 ei
539 499 656 536 proeler
680 505 770 526 usum

70 550 268 581 necessarium
291 548 353 587 (ius
376 548 436 578 rei.
493 548 582 579 Num
608 552 644 579 et
670 557 769 588 agros

70 599 224 630 debuisse
241 599 283 630 ab
309 598 350 629 iis
374 598 450 638 coli,
475 598 559 629 licet
587 606 653 628 non
676 607 769 638 mag-

68 659 146 680 nnm
171 649 202 680 ei
229 650 274 680 rei
301 649 450 680 studium
478 654 514 681 et
537 659 652 681 curam
678 649 770 680 adhi-

69 700 184 740 beant,
197 700 268 741 ipse
285 705 404 731 auctor
420 701 453 731 in
475 699 697 741 sequentibus
715 700 770 731 de-

69 752 188 782 clarat.
263 750 377 782 Aliter
411 755 526 792 posset
563 750 665 781 etiam
703 750 769 790 legi

66 802 75 818 ‘
104 801 328 842 Agriculturae
375 811 440 833 non
482 801 620 833 student
664 801 771 841 major

70 863 159 893 pars.
203 853 324 884 Victus
339 852 478 884 eorum!
521 851 603 891 Sed,
628 856 665 883 ut
688 852 770 892 dixi,

69 912 281 945 nequaqnam
307 907 360 934 est
387 903 621 934 necessarium.
677 903 771 933 Mela

69 953 220 993 explicat
236 957 385 983 nostrum
411 962 465 984 nr.
486 955 517 983 3.
540 953 549 970 ‘
568 953 651 985 Quae
668 952 772 993 possi-

68 1004 172 1036 dent:
206 1013 282 1034 nam
305 1013 348 1035 ne
371 1004 427 1036 illa
445 1004 582 1045 quidem
601 1005 699 1035 enixe
719 1014 772 1036 co-

68 1053 167 1086 lunt.'
225 1055 339 1085 Omnes
354 1063 432 1085 vero
458 1063 489 1086 c.
512 1057 566 1086 29.
594 1059 770 1095 suspectos

71 1113 158 1144 esse,
174 1103 222 1135 ibi
239 1103 329 1135 vide.

111 1159 130 1186 ὅ
157 1155 316 1190 Quantum
331 1158 361 1186 et
377 1154 450 1195 quo]
493 1154 548 1186 Sic
563 1154 649 1186 Mss.
674 1154 770 1185 Editi

69 1209 216 1247 quantum
227 1206 275 1237 eis
291 1209 320 1236 et
335 1215 407 1245 quo.
452 1205 566 1236 Minus
582 1205 770 1245 eleganter,

70 1256 97 1286 si
114 1265 180 1287 non
207 1259 244 1287 et
266 1256 374 1287 minus
398 1255 530 1287 Latine.
575 1254 770 1286 Dicendum

70 1306 157 1337 enim
174 1311 276 1346 esset,
300 1310 447 1347 quantum
462 1306 538 1346 sibi,
559 1307 613 1345 sse.
661 1306 768 1336 Clark.

70 1355 295 1387 Consentiunt
318 1356 397 1396 mei,
413 1356 479 1386 nisi
502 1356 592 1396 quod
616 1355 771 1396 plerique

71 1406 219 1438 habeant
244 1407 272 1438 ei
298 1417 354 1447 quo
381 1407 403 1438 l.
430 1416 506 1437 cum
532 1407 596 1437 Ed.
622 1406 771 1438 Incerta.

72 1455 170 1496 Ejeci
187 1457 301 1497 itaque
316 1455 353 1486 τὸ
369 1456 431 1487 eis:
462 1457 491 1487 ei
512 1459 543 1487 et
558 1466 614 1496 quo
637 1456 770 1488 Duker.

70 1511 105 1538 et
130 1507 225 1539 Carr.
263 1507 406 1538 Ger-uadi
437 1506 514 1538 dedi
546 1517 587 1538 ex
616 1506 771 1538 Aimoino

70 1566 131 1597 pro
146 1566 171 1588 e.
216 1557 430 1597 Belliger-andi
451 1557 573 1589 Cellar.
619 1557 706 1588 Vide
730 1556 772 1587 ad

70 1615 153 1638 viu.
169 1610 221 1639 55.

112 1660 134 1688 9
171 1657 365 1688 Humiliores
398 1656 634 1698 possessionibus
670 1657 773 1697 expel-

72 1707 154 1748 lant]
175 1708 358 1738 Tenuiores
382 1712 440 1738 aut
461 1705 672 1737 infirmiores.
717 1706 772 1737 Sic

70 1759 203 1790 Seneca
216 1757 259 1789 de
274 1757 322 1788 ira
342 1766 366 1788 1.
385 1760 415 1789 3.
440 1757 448 1774 ‘
466 1757 574 1788 Nemo
589 1761 658 1787 tam
674 1755 773 1786 humi-

72 1809 111 1839 lis
126 1813 190 1849 est,
206 1807 262 1850 qui
279 1817 411 1848 poenam
426 1807 478 1838 vel
495 1807 614 1837 summi
630 1806 772 1836 hominis

70 1867 209 1899 sperare
234 1867 299 1889 non
326 1855 454 1898 possit?
506 1855 648 1886 Publius
669 1856 773 1895 Syrus

71 1908 104 1940 in
131 1913 280 1940 sentent.
316 1908 326 1925 ‘
343 1906 479 1938 Auxilia
503 1905 647 1944 humilia,
677 1905 774 1936 firma

70 1962 253 1990 consensus
266 1957 382 1990 t‘acitz'
407 1957 463 1988 ubi
476 1957 558 1988 Tan.
579 1956 687 1987 Faber
699 1965 774 1996 per·

70 2018 187 2050 peram
222 2009 376 2050 reposuit
405 2008 542 2050 infirma,
569 2007 657 2048 quod
689 2007 773 2038 hanc

72 2060 164 2092 vocis
179 2059 460 2100 significationem
483 2059 516 2090 in
532 2059 680 2090 animum
705 2067 774 2089 uon

73 2114 260 2141 revocaret.
307 2110 418 2141 Dacis.

115 2163 153 2192 11
179 2159 230 2190 Ne
241 2169 302 2200 qua
316 2160 437 2191 oriatur
449 2160 588 2201 pecuniae
603 2159 772 2200 cupiditas]

74 2209 165 2240 Vere
181 2209 320 2241 dictum.
365 2211 416 2241 Ex
440 2211 586 2250 pecunia
609 2210 772 2250 potentiae

75 2258 211 2299 cupido,
246 2259 322 2290 hinc
356 2259 495 2290 dissidia
530 2265 565 2291 et
599 2259 774 2291 factiones.

76 2309 284 2340 Hotomanni
301 2318 440 2340 acumen
456 2313 492 2339 et
507 2309 676 2350 ingenium
704 2310 774 2340 lau—

72 2359 131 2398 do,
143 2359 200 2400 qui
217 2368 260 2390 ex
277 2360 423 2400 pecunia
436 2368 500 2390 non
517 2359 597 2390 oriri
610 2358 774 2391 factiones

73 2414 110 2442 et
133 2410 274 2441 dissidia
290 2414 403 2450 putat,
426 2419 464 2441 ac
490 2409 616 2441 idcirco
639 2410 776 2450 reponit

72 2460 242 2500 potentur.-
265 2460 361 2502 quasi
377 2469 442 2492 non
458 2459 604 2492 habendi
626 2459 773 2490 studium

74 2509 109 2540 in
123 2510 254 2541 scelera
267 2516 302 2540 et
319 2508 450 2541 nefaria
466 2519 608 2550 quaeque
625 2509 775 2541 homines

75 2563 165 2600 agat.
209 2560 356 2601 Egregie
372 2561 510 2592 Tacitus
528 2561 710 2592 Historiar.
735 2569 775 2591 11.

75 2610 84 2632 θ
104 2608 170 2641 Ubi
181 2610 320 2642 subacto
338 2611 422 2642 orbe
440 2617 475 2642 et
491 2612 621 2643 aemulis
637 2611 776 2642 urbibus

76 2658 254 2699 regibusve
276 2661 410 2701 excisis,
433 2670 571 2692 securas
599 2670 681 2701 opes
699 2671 777 2692 con-

77 2708 251 2749 cupiscere
273 2721 416 2744 vacuum
445 2711 524 2753 fuit,
555 2713 666 2753 prima
686 2713 777 2744 inter

78 2758 193 2802 patres
209 2763 422 2807 ,plebemque
457 2765 646 2798 certamina
681 2775 776 2798 exar-

1402 193 1514 235 1167

819 294 918 326 sere!
964 296 1117 326 Lucanus
1135 303 1158 326 r.
1176 298 1249 326 158.
1273 294 1282 311 ‘
1300 295 1358 325 sed
1383 295 1520 335 publica

820 345 898 376 belli
933 347 1080 385 Semina,
1109 356 1185 387 quae
1221 347 1363 386 populos
1386 356 1521 387 semper

819 404 964 424 mersere
983 401 1149 435 potentes.
1196 395 1350 436 Namque
1376 400 1413 427 nt
1436 406 1519 437 opes

819 444 935 474 nimias
953 445 1076 475 mundo
1100 445 1235 476 fortuna
1263 446 1403 477 subacto
1426 446 1522 478 Intu-

819 494 871 533 lit,
886 499 921 525 et
939 495 1036 525 rebus
1066 505 1173 525 mores
1195 506 1329 527 cessere
1350 497 1521 539 secundis,

820 544 1023 586 Praedaque,
1040 551 1075 576 et
1096 546 1235 576 hostiles
1253 548 1366 579 luxum
1384 558 1521 580 suasere

820 595 962 635 rapina‘,
987 596 1063 626 Non
1093 606 1173 626 auro
1199 598 1343 628 tectisve
1367 598 1484 630 modus
1499 597 1522 630 :’

819 651 855 677 et
889 648 898 663 ‘
917 647 1110 686 Paupertas
1135 646 1276 687 sugitur,
1302 652 1440 689 totoque
1469 659 1522 681 ac-

819 696 966 728 cersitur
981 697 1076 736 orbe,
1100 698 1175 730 Quo
1198 707 1279 737 gens
1297 709 1440 740 quaeque
1465 710 1522 741 pe-

821 746 886 779 rit.’
938 747 1071 778 Vossius.

863 806 970 829 xxm.
999 802 1014 829 l
1053 798 1253 839 latissimas]
1300 799 1408 831 Codd.
1441 810 1523 831 non·

820 849 902 879 nulli
939 849 1101 880 latissime.
1181 850 1281 881 Quod
1331 856 1524 891 propugnat

822 900 1069 939 Hotomannus,
1099 902 1177 942 quia
1207 902 1321 933 Caesar
1351 903 1411 933 hac
1440 912 1523 934 voce

821 950 900 982 alibi
918 952 1044 983 utitur:
1084 953 1141 983 sed
1160 953 1226 983 alia
1243 954 1521 992 constructione3

822 1002 913 1042 quod
941 1012 1007 1033 non
1037 1003 1173 1034 videtur
1200 1003 1262 1034 Vir
1291 1003 1411 1034 doctus
1443 1004 1525 1034 satis

822 1052 1022 1083 advertisse.
1082 1054 1190 1085 Clark.
1248 1054 1387 1085 Scilicet
1418 1054 1526 1084 utitur

821 1108 941 1135 auctor
956 1113 1005 1136 1v.
1025 1107 1054 1135 1.
1083 1106 1091 1121 ‘
1113 1104 1295 1135 Maximam
1312 1109 1436 1144 putant
1451 1114 1525 1135 esse

820 1154 967 1194 laudem,
982 1163 1080 1196 quam
1102 1154 1265 1185 latissime
1284 1164 1304 1184 a
1320 1154 1387 1184 suis
1403 1153 1526 1184 finibus

820 1214 942 1236 vacare
959 1206 1078 1245 agros.'
1123 1205 1175 1236 Ex
1200 1213 1265 1246 quo
1290 1205 1363 1235 loco
1381 1204 1451 1234 sine
1468 1204 1527 1235 du-

821 1255 878 1286 bio
893 1255 1019 1286 librarii
1046 1259 1082 1286 et
1107 1255 1162 1285 hic
1187 1253 1339 1285 fecerunt
1356 1254 1527 1285 latissime:

820 1305 909 1346 quod
935 1304 968 1335 in
992 1305 1076 1336 Mss.
1104 1304 1276 1346 plerisque
1293 1309 1328 1335 et
1346 1304 1434 1335 Edd.
1459 1304 1528 1345 pri-

821 1355 884 1387 mis
912 1365 951 1387 ac
978 1355 1138 1386 Aimoino
1165 1360 1293 1386 exstat.
1349 1354 1529 1386 Lotissimis

823 1411 876 1438 est
907 1407 939 1437 in
964 1407 1058 1437 Leid.
1082 1406 1202 1447 primo,
1231 1406 1343 1437 Oxon.
1375 1411 1410 1438 et
1439 1407 1528 1438 Edd.

822 1458 950 1489 multis.
994 1456 1062 1488 Sed
1079 1457 1246 1487 latissimos
1258 1461 1395 1487 servant
1411 1457 1528 1488 Ursini

822 1507 891 1537 Ms.
915 1507 1035 1538 Petav.
1059 1511 1095 1537 et
1120 1506 1207 1537 Edd.
1224 1506 1364 1537 Vascos.
1381 1506 1527 1545 strada»,

823 1556 941 1596 Steph.
958 1556 1090 1597 Gryph.
1108 1561 1195 1596 post.
1208 1557 1332 1597 Scalig.
1347 1559 1409 1588 ἃς.
1435 1557 1528 1588 Dein

823 1607 910 1647 ejeci
933 1607 970 1637 τὸ
993 1617 1025 1638 se
1042 1612 1118 1648 post
1135 1617 1230 1648 prope
1246 1609 1453 1639 auctoritate
1471 1607 1530 1639 Ai-

823 1658 926 1689 moini
956 1662 992 1689 et
1024 1658 1111 1690 Edd.
1139 1659 1236 1690 Vett.
1276 1663 1313 1690 ut
1343 1664 1378 1690 et
1408 1659 1528 1699 Steph.

824 1708 956 1749 Gryph.
979 1710 1056 1747 &c.‚
1082 1718 1120 1739 ac
1136 1709 1219 1739 Mss.
1236 1709 1381 1740 omnium
1400 1714 1528 1749 praeter

824 1758 922 1790 Leid.
940 1768 990 1799 pr.
1005 1763 1040 1789 et
1054 1759 1167 1790 Oxon.

867 1811 907 1839 12
942 1809 1084 1840 Desidiae
1120 1809 1307 1849 minnendoe]
1356 1809 1528 1841 Tollendae

824 1867 958 1899 prorsus
989 1863 1025 1890 et
1060 1859 1299 1897 eradicandae;
1337 1859 1409 1890 liaec
1441 1860 1529 1890 enim

823 1908 982 1950 frequens
999 1912 1051 1939 est
1079 1909 1222 1949 hujusce
1251 1908 1342 1940 vocis
1366 1913 1530 1949 potestas.

825 1959 992 1991 Horatius
1007 1959 1116 2000 Epist.
1134 1968 1174 1991 11.
1192 1962 1221 1991 1.
1239 1962 1312 1990 107.
1337 1961 1347 1977 ⁴
1367 1959 1530 1991 Crescere

824 2018 876 2039 res
893 2014 1017 2050 posset,
1031 2009 1128 2040 minui
1145 2009 1307 2040 damnosa
1321 2009 1450 2042 libido!
1475 2010 1530 2041 Sic

825 2063 861 2089 et
877 2064 990 2090 noster
1016 2060 1129 2100 paullo
1145 2065 1224 2091 ante
1239 2061 1460 2091 controversias
1475 2061 1533 2091 mi·

825 2118 917 2140 nuere
941 2109 1039 2149 dixit,
1064 2110 1153 2151 quod
1176 2110 1266 2141 idem
1291 2111 1383 2142 valet
1408 2121 1447 2142 ac
1471 2121 1529 2143 eas

825 2160 998 2200 dirimere,
1015 2170 1055 2192 ac
1071 2161 1280 2201 disceptare.
1323 2162 1410 2193 Vide
1426 2162 1530 2194 etiam

824 2215 897 2242 not.
925 2211 1168 2252 (Hotomanni)
1199 2211 1241 2242 ad
1270 2212 1311 2243 B.
1340 2211 1384 2243 G.
1415 2221 1448 2243 v.
1477 2215 1530 2243 26.

827 2259 1087 2293 Observandum
1109 2271 1210 2302 porro
1228 2266 1292 2301 est,
1318 2261 1532 2293 Laceda‘mo-

825 2311 898 2342 nios
924 2312 967 2343 ob
993 2312 1134 2343 eandem
1159 2322 1294 2344 causam
1313 2313 1380 2343 suis
1396 2312 1531 2344 latroci-

826 2361 883 2391 nia
899 2362 1103 2402 permisisse,
1120 2367 1158 2393 ut
1174 2363 1277 2394 docet
1293 2363 1370 2394 Nic.
1388 2362 1529 2403 Cragius

824 2411 868 2442 de
889 2412 977 2453 Rep.
992 2413 1117 2444 Laced.
1134 2413 1155 2443 l.
1173 2422 1231 2443 ιιι.
1249 2422 1282 2453 p.
1300 2415 1372 2443 181.
1417 2413 1529 2444 Dacis.

870 2465 910 2494 14
935 2463 998 2498 Qui
1012 2463 1097 2503 sequi
1111 2463 1217 2502 velint,
1230 2463 1450 2505 profiteantur]
1473 2463 1529 2494 Sic

828 2513 910 2545 Mss.
957 2515 1109 2555 Scaliger
1125 2519 1160 2546 et
1176 2515 1395 2546 Recentiores
1416 2513 1530 2545 edide-

827 2569 917 2602 runt,
942 2568 991 2604 ut,
1013 2566 1063 2605 qui
1085 2565 1170 2606 sequi
1186 2565 1292 2603 velint,
1315 2566 1367 2604 ᾅτ.
1413 2564 1529 2603 Longe

828 2614 936 2645 minus
959 2615 1146 2655 eleganter.
1194 2617 1301 2646 Clark.
1352 2616 1402 2645 lta
1427 2612 1531 2643 Scali-

828 2675 888 2706 ger
912 2666 1020 2698 edidit
1045 2677 1063 2699 e
1091 2669 1161 2699 solo
1190 2668 1324 2699 Carrar.
1381 2664 1529 2696 Omnino

825 2717 926 2757 male,
942 2727 1046 2759 quare
1062 2718 1165 2749 etiam
1181 2717 1292 2748 delevi
1307 2714 1344 2746 τὸ
1356 2718 1389 2746 ut
1401 2725 1411 2745 .·
1435 2713 1526 2755 quod

825 2767 1010 2808 saepissime
1034 2768 1199 2800 intrusum
1222 2770 1343 2798 contra
1365 2765 1474 2797 Mstos
1495 2764 1530 2797 in
