1818 3131
289 219 381 248 mu.
417 218 500 246 vii.
532 216 636 246 cAP.
668 205 737 245 73.
772 216 833 244 nr.
869 216 1023 245 nmmo
1056 215 1285 245 GALLlCO.

56 320 144 341 inum
173 310 235 340 lioc
264 314 358 349 nota,
393 310 512 350 pluteos
540 309 594 339 hic
623 308 690 348 (uti
719 313 754 339 et

53 369 156 399 supra
187 360 390 400 notavimus)
426 359 506 390 nihil
537 358 628 389 aliud
666 368 754 397 esse,

53 419 152 449 quam
166 409 271 449 ipsam
286 409 425 440 loricam
438 418 479 439 ex
490 408 663 442 asseribus
678 418 754 438 cou-

55 463 239 496 structam;
266 468 339 489 nam
359 459 492 499 pluteos
513 459 565 489 hic
589 458 673 489 (licit
697 468 754 498 ag-

55 509 126 548 geri
143 509 332 549 impositos,
354 513 390 539 et
413 508 501 539 idem
526 509 641 539 statim
665 509 754 540 dixit

55 558 97 589 de
128 559 240 589 lorica.
297 558 394 590 Inter
425 559 510 589 hunc
543 559 680 590 loricam
719 565 754 590 et

51 617 209 648 aggerem
226 608 319 639 infixi
335 614 430 640 erant
444 610 549 641 cervi.
574 610 650 642 Quo
666 609 755 641 fine?

51 659 152 690 etiam
181 663 218 690 ut
249 665 481 691 transcensum
508 661 695 699 tardarent,
718 666 755 692 ut

52 707 124 749 ipse
143 708 258 740 Caesar
275 709 331 740 ait.
379 709 426 740 At
449 711 541 741 cervi
563 716 653 749 sunt,
676 720 754 741 auc-

51 763 124 789 tore
143 758 274 795 Servio,
289 759 298 775 ‘
316 758 433 798 surca0‚
450 770 525 801 quoe
544 759 694 799 figuntur
711 761 754 791 ad

49 818 137 840 casae
153 810 445 848 sustentatione-ni,
459 820 534 851 quae
552 811 652 842 diciae
677 816 754 842 sunt

52 860 145 891 cervi
164 861 204 890 ad
221 861 474 892 similitudinem
499 871 660 892 cornuum
684 872 755 894 cer·

50 910 227 940 vinorum!
273 911 319 942 Hi
338 912 437 952 igitur
452 914 553 953 cervi,
566 919 600 945 et
617 916 754 955 proprie

51 959 157 999 magis
182 961 264 992 illud
295 971 414 993 nomen
441 963 577 1003 stipites
601 965 646 1004 hi,
672 975 754 1005 quos

50 1010 164 1041 Caesar
180 1011 278 1051 dicit,
301 1018 434 1051 gestare
459 1019 631 1053 poterant,
655 1024 753 1055 quam

48 1059 167 1100 furcae,
197 1071 272 1103 quae
300 1063 402 1094 humo
432 1063 637 1103 infiguntur;
675 1065 753 1105 quia

50 1111 166 1142 eodem
181 1112 294 1152 modo,
311 1122 376 1153 quo
400 1122 522 1143 cervus
546 1123 674 1144 cornua
695 1115 752 1145 ali·

50 1161 105 1192 cui
121 1161 304 1193 obvertens
330 1166 435 1202 caput
456 1162 619 1202 demittit,
645 1162 692 1193 ita
717 1169 753 1194 et

47 1211 82 1242 hi
109 1212 203 1243 cervi
238 1212 509 1252 procumbebant
536 1222 577 1243 ea
608 1213 753 1253 ratione,

51 1270 118 1302 qua
139 1261 306 1303 hodieque
324 1262 476 1293 videmus
493 1263 641 1294 castellis
658 1263 753 1304 infigi

50 1311 184 1352 pinnas.
231 1313 320 1346 Nam
351 1313 475 1353 pinnis,
502 1314 671 1354 quomodo
700 1324 753 1345 ve-

51 1367 141 1394 teres
168 1362 321 1403 figebant
346 1373 418 1402 eas,
435 1363 468 1393 in
492 1373 620 1395 summo
641 1365 754 1396 loricae

50 1412 189 1452 erectis,
217 1412 316 1444 hodie
340 1415 374 1443 ἰιι
398 1413 486 1444 bello
513 1413 602 1444 haud
619 1414 754 1446 utimur.

56 1462 191 1495 Vossius,
221 1464 258 1493 C.
274 1466 326 1494 41.
345 1464 353 1480 ‘
373 1464 581 1505 Pluteosque
593 1465 680 1495 vallo
696 1465 753 1496 ad-

50 1512 154 1544 dere?
189 1513 275 1545 Vide
303 1519 339 1545 et
367 1514 518 1554 Lipsium
543 1514 617 1546 loco
635 1517 753 1548 citato.

51 1564 189 1595 Sallust.
217 1564 308 1596 Hist.
337 1565 358 1597 1.
385 1574 435 1596 lv.
459 1566 474 1606 ξ
502 1569 551 1597 ll.
571 1569 579 1583 ⁸
599 1567 753 1598 Pluteos-

50 1623 116 1654 que
134 1614 306 1653 rescindit,
329 1624 368 1646 ac
393 1615 597 1647 munitiones
616 1617 753 1648 demoli-

51 1664 130 1695 tur.'
168 1665 244 1696 Hoc
262 1664 351 1696 iufra
369 1676 399 1697 c.
417 1669 469 1697 86.
492 1674 635 1697 vocatur
660 1669 668 1684 ‘
689 1669 754 1698 val-

49 1714 120 1745 lum
139 1725 178 1746 ac
206 1715 345 1746 loricam
367 1716 585 1747 rescindere.‘
613 1718 653 1748 Β.
671 1718 707 1748 C.
727 1727 751 1748 ι.

49 1767 101 1795 25.
131 1765 140 1782 ‘
158 1775 178 1795 a
203 1764 316 1797 fronte
345 1770 381 1797 et
409 1766 515 1797 latere
538 1767 689 1798 cratibus
713 1777 751 1798 ac

50 1816 175 1855 pluteis
192 1821 283 1848 rates
299 1817 525 1857 protegebat!

93 1874 225 1897 Lxxnr.
245 1869 259 1897 l
288 1867 356 1898 Uno
370 1867 519 1907 tempore]
541 1868 598 1898 Sic
616 1868 752 1909 quidem

51 1915 232 1948 ediderunt
258 1917 442 1957 Manutius,
470 1918 583 1949 Plant.
600 1918 754 1958 Scaliger

49 1971 86 1997 et
100 1967 222 2008 reliqui
238 1967 412 2008 deinceps.
458 1968 533 1999 Nec
562 1968 660 2007 male,
681 1970 709 1998 si
733 1978 752 1999 e

50 2016 135 2047 Mss.
158 2017 215 2048 Sic
230 2017 319 2049 enim
335 2027 366 2049 c.
384 2020 437 2049 61.
460 2020 469 2035 ‘
487 2019 562 2050 Uno
578 2017 650 2049 fere
672 2023 754 2049 tem-

52 2075 132 2106 pore
145 2067 206 2098 sub
222 2068 333 2099 lucem
346 2068 548 2107 nunciatur,'
563 2071 626 2099 ἃς.
650 2078 681 2100 c.
699 2071 752 2099 83.

49 2117 58 2132 ‘
77 2116 254 2157 Pugnatur
276 2127 342 2149 uno
367 2123 520 2158 tempore
543 2118 693 2149 omnibus
709 2119 755 2149 lo-

51 2165 122 2196 cis!
155 2166 196 2197 B.
212 2167 250 2198 C.
274 2176 299 2197 1.
317 2170 370 2198 20.
395 2168 404 2184 ‘
423 2168 551 2199 Omnes
568 2177 634 2199 uno
651 2168 756 2199 consi-

52 2216 120 2247 lio.’
146 2216 186 2247 B.
200 2217 273 2248 Civ.
289 2227 344 2249 ιιι.
364 2221 413 2249 15.
431 2220 439 2235 ‘
454 2223 556 2259 atque
571 2228 638 2249 uno
651 2219 754 2250 etiam

53 2273 208 2307 tempore
225 2268 373 2299 accidit)
398 2277 452 2300 111.
468 2272 520 2299 21.
537 2270 546 2285 ‘
565 2270 678 2301 Quum
693 2269 756 2300 Ca-

51 2317 186 2350 silinum
197 2319 355 2358 venisset,
365 2328 497 2359 unoque
509 2320 684 2359 tempore,’
693 2324 758 2352 sce.

57 2367 154 2399 Adde
179 2368 272 2401 Hirt.
301 2370 342 2400 B.
368 2370 466 2400 Alex.
493 2379 524 2400 c.
555 2372 586 2400 S.
616 2373 666 2401 17.
713 2371 756 2401 B.

54 2417 159 2450 Afric.
181 2429 211 2450 c.
230 2422 282 2451 30.
305 2422 357 2451 34.
374 2431 383 2450 ;
404 2426 439 2451 et
454 2420 590 2460 saepius.
623 2420 690 2451 Adi
707 2421 757 2452 Cl.

56 2469 164 2501 Drak.
181 2470 223 2501 ad
240 2471 315 2502 Liv.
336 2480 361 2501 1.
379 2474 432 2502 51.
456 2471 583 2502 Verum
603 2471 689 2502 Edd.
707 2480 758 2502 re-

55 2518 156 2560 liquae
180 2530 256 2552 cum
286 2522 369 2552 Mss.
393 2527 464 2552 tum
491 2521 644 2559 aliorum,
668 2521 759 2563 quod

56 2569 172 2609 sciam,
202 2575 274 2602 tum
296 2572 377 2602 meis
403 2571 566 2602 exhibent
595 2581 647 2602 eo:
669 2572 759 2602 unde

57 2618 273 2653 Hotomanno
290 2622 389 2652 valde
413 2622 568 2663 placeret
585 2622 708 2653 eodem:
732 2623 759 2653 si

59 2669 133 2710 quis
147 2670 214 2702 Ms.
230 2671 421 2712 adjuvaret.
453 2672 531 2704 Hoc
550 2672 668 2703 testari
684 2682 759 2712 pos-

57 2727 128 2748 sum
145 2728 339 2762 comparere
355 2722 388 2752 in
413 2722 618 2754 membranis
642 2723 759 2763 primis

57 2768 290 2812 Leidensibus,
310 2773 576 2813 oxoniensibus,
593 2778 629 2806 et
651 2772 758 2804 Andi-

1400 206 1417 244 1
1428 205 1511 246 2-17

809 309 877 339 nis:
901 310 972 340 dein
989 310 1185 350 absorptum
1202 318 1220 339 a
1236 311 1309 339 iem.
1334 308 1509 349 Rescripsi

808 358 923 398 itaque
949 360 1051 389 codem
1077 368 1152 389 cum
1185 358 1370 396 Gronovio,
1400 357 1510 389 donec

808 413 923 447 pateat
946 419 1004 438 uno
1022 419 1094 439 esse
1119 411 1152 439 in
1174 410 1255 439 Mss.
1279 408 1371 439 Alibi
1395 409 1511 440 Caesar

805 467 940 498 quoquc
958 469 1018 488 uno
1034 463 1063 489 et
1080 460 1183 488 eodem
1201 459 1316 489 utitur.

847 511 867 538 2
904 508 1048 548 Necesse]
1080 509 1135 538 Sic
1164 519 1279 539 omues
1309 509 1439 547 nostri;
1474 514 1510 540 at

805 558 923 589 Codex
948 558 1073 588 Audin.
1098 559 1247 589 ultimam
1274 568 1389 589 vocem
1413 559 1511 590 omit·

809 608 862 647 tit,
879 618 967 649 quae,
982 608 1072 638 salva
1095 609 1294 647 Latinitate,
1311 609 1428 640 abesse
1454 620 1513 650 po-

807 665 886 691 test.
924 661 979 692 Sic
996 660 1125 691 Seneca
1144 661 1224 691 Nat.
1244 663 1374 694 Qnaest.
1394 671 1442 693 vi.
1458 665 1511 693 30.

807 712 816 728 ‘
834 711 964 744 Quibus
993 711 1034 741 ad
1061 711 1251 741 cadendum
1282 713 1368 742 male
1392 713 1512 742 stanti-

807 761 879 799 bils,
910 771 977 792 non
1006 766 1080 792 erat
1106 761 1248 802 impelli,
1280 761 1338 792 sed
1367 762 1513 801 agitari?

808 811 968 842 Pluribus
992 811 1114 851 optimi
1139 811 1278 851 hujusce
1303 812 1369 842 Ms.
1395 811 1511 842 lectio-

805 870 881 891 nem
897 865 1012 891 tuetur
1035 862 1069 893 J.
1094 860 1335 892 F.Gronovius
1360 861 1509 892 Observ.

806 920 854 942 xv.
872 914 903 942 8.
929 912 1040 942 Daris.
1085 910 1222 942 Andino
1246 911 1365 942 Codici
1394 911 1515 942 suffra-

805 966 908 1002 gatur
925 961 1128 992 Oxoniensis
1145 961 1246 992 solito
1263 970 1355 992 more
1371 971 1378 991 :
1406 970 1511 1002 quare

806 1010 1009 1041 delevissem
1037 1020 1125 1050 pene
1150 1019 1266 1040 vocem
1284 1020 1422 1041 necesse.-
1445 1011 1510 1041 nisi

804 1061 968 1100 viderem,
984 1061 1168 1092 Cellarium
1194 1070 1408 1100 repugnare:
1434 1061 1513 1101 quia

805 1116 839 1141 et
871 1110 1014 1141 Graecus
1045 1110 1214 1148 ἀναγκαῖον
1242 1110 1348 1141 addit.
1408 1110 1456 1142 At
1487 1110 1515 1142 is

804 1160 976 1201 corruptis
986 1160 1055 1201 jam
1077 1159 1262 1192 Codieibus
1286 1169 1365 1190 usus
1384 1164 1450 1199 est,
1475 1167 1514 1191 ut

804 1211 996 1242 sexcenties
1033 1211 1122 1243 alibi.
1183 1211 1288 1242 Plura
1324 1211 1422 1252 hujus
1459 1221 1514 1252 ge-

803 1263 894 1293 neris
921 1262 999 1294 vide
1027 1262 1116 1302 apud
1142 1262 1270 1301 doctos,
1285 1271 1370 1302 quos
1394 1261 1513 1293 laudat

806 1321 903 1344 socer
919 1313 962 1343 ad
987 1313 1101 1343 Valer.
1128 1313 1222 1343 Max.
1240 1321 1264 1343 1.
1279 1315 1309 1342 7.
1326 1312 1341 1352 §
1357 1315 1387 1343 2.
1407 1313 1415 1329 ‘
1435 1313 1514 1344 Non

806 1366 857 1392 est
871 1361 958 1392 inter
975 1368 1106 1401 patrem
1121 1366 1156 1392 et
1169 1361 1275 1391 filium
1290 1362 1515 1401 comparatio-

805 1419 882 1440 nem
913 1409 1023 1441 fieri:’
1060 1414 1096 1441 et
1124 1411 1176 1442 Cl.
1199 1409 1443 1451 Drakenburg.
1471 1410 1514 1441 ad

806 1461 924 1491 Silium
942 1469 991 1492 lx.
1014 1463 1089 1492 451.
1116 1464 1124 1476 ‘
1143 1460 1387 1501 Quantumque
1416 1461 1515 1492 vicis-

809 1512 870 1542 sim
896 1511 1032 1543 Audere
1051 1510 1125 1542 est.'
1163 1509 1264 1541 Adde
1291 1514 1325 1541 et
1347 1520 1514 1541 summum

806 1562 959 1593 Gronov.
980 1561 1127 1592 Observ.
1145 1569 1203 1591 ιιι.
1220 1563 1252 1591 3.
1270 1565 1305 1591 et
1320 1561 1414 1601 Lips.
1429 1560 1513 1592 Ant.

807 1612 904 1642 Lect.
936 1620 960 1642 1.
990 1615 1019 1642 5.
1058 1611 1150 1642 Hinc
1177 1610 1288 1642 forsan
1316 1611 1406 1652 apud
1434 1612 1511 1643 Val.

806 1661 900 1692 Max.
918 1670 958 1692 11.
975 1664 1004 1692 l.
1023 1661 1104 1692 luit.
1122 1663 1131 1677 ‘
1146 1660 1244 1702 Opus
1261 1667 1313 1692 est
1329 1662 1418 1693 enim
1435 1672 1513 1703 cog-

806 1711 922 1749 nosci‚’
950 1711 1060 1752 prima
1085 1721 1170 1749 vox3
1194 1721 1256 1751 pro
1285 1721 1349 1753 qua
1372 1723 1470 1753 operae
1494 1723 1513 1744 e

807 1761 877 1792 ΜΞ.
894 1761 992 1792 dedit
1010 1762 1161 1802 Pighius,
1179 1762 1347 1802 ejicienda
1364 1764 1441 1795 erit.

850 1815 870 1843 8
893 1814 959 1843 Aut
971 1813 1147 1852 admodum]
1170 1813 1358 1854 Perperam
1374 1816 1515 1848 Vascos.

805 1862 940 1900 strada,
956 1862 1077 1902 Steph.
1095 1863 1230 1893 Manut.
1254 1863 1388 1904 Gryph.
1412 1865 1515 1896 Plan-

806 1913 867 1944 tin.
894 1923 970 1944 cum
996 1913 1212 1944 Hotomanno
1234 1914 1318 1944 haud
1339 1915 1514 1947 exhibent.

806 1965 871 1995 Vel
887 1969 977 1996 totos
1001 1970 1140 1996 truncos
1159 1966 1335 2006 quaerebat
1351 1968 1405 1998 vel
1423 1977 1514 1999 cras·
1545 1986 1553 1996 κ

806 2025 859 2046 sos
876 2025 995 2047 ramos.
1042 2016 1083 2046 In
1106 2017 1198 2046 nullo
1221 2017 1349 2048 Codice
1366 2028 1442 2050 meo
1459 2029 1516 2050 ex·

806 2069 876 2096 stat
906 2065 999 2096 haud.
1046 2066 1299 2107 Metaphrastes
1326 2072 1439 2099 tamen
1467 2069 1518 2099 in-

806 2116 936 2146 venisse
963 2116 1069 2147 debet
1096 2117 1129 2146 in
1157 2126 1230 2155 suo,
1254 2117 1433 2157 στελέχεων
1458 2119 1516 2150 τὰς

807 2165 1028 2206 ἀσθενεστέρας
1051 2166 1182 2198 κλάδους
1208 2167 1390 2206 &novendia
1415 2173 1450 2200 et
1467 2169 1515 2200 sic

808 2215 881 2248 fere
897 2218 906 2234 ‘
927 2217 1004 2248 Non
1028 2217 1124 2248 nimis
1151 2217 1283 2248 firmum
1305 2219 1513 2258 praesidium'

807 2276 920 2307 supra.
966 2268 1031 2298 Vel
1058 2268 1106 2299 sic
1133 2273 1246 2299 tamen
1270 2268 1419 2308 praefero
1437 2279 1514 2300 cum

808 2317 978 2358 plerisque
994 2318 1075 2350 viris
1092 2318 1204 2349 doctis
1220 2322 1285 2350 aut.
1332 2320 1421 2350 Vide
1436 2320 1516 2360 Lip-

808 2366 892 2398 sium
909 2368 982 2399 loco
999 2368 1057 2399 cit.

850 2417 1001 2458 Aba-isis]
1038 2419 1108 2450 Alii
1145 2419 1308 2456 abscissis;
1341 2420 1401 2451 sed
1430 2420 1516 2452 anti-

810 2469 958 2508 quissimi
989 2471 1074 2501 Mss.
1113 2475 1183 2501 tam
1225 2471 1380 2510 Caesaris,
1412 2481 1512 2512 quain

808 2519 950 2551 aliorum
977 2526 1166 2561 auctorum,
1200 2521 1350 2552 litteram
1379 2521 1516 2551 sibilan-

809 2574 878 2600 tem
894 2579 960 2601 non
978 2571 1162 2610 geminant.
1207 2571 1265 2602 Sic
1283 2571 1397 2602 Livius
1413 2579 1515 2601 xuv.

809 2623 840 2650 5.
855 2621 864 2636 ‘
879 2621 955 2653 Qua
971 2631 1071 2662 rupes
1088 2622 1214 2652 abscisae
1230 2621 1350 2651 erant.’
1373 2620 1462 2650 Vide
1477 2625 1514 2651 et

810 2670 892 2702 Ger.
922 2671 1024 2704 Joan.
1055 2673 1212 2704 Vossium
1244 2671 1344 2703 Anal.
1376 2680 1431 2701 ιιι.
1461 2673 1514 2702 26.

810 2731 843 2760 p.
857 2723 910 2752 97.
935 2723 1046 2754 Dacis.
1084 2723 1155 2754 Mei
1175 2731 1307 2763 qnoque
1338 2721 1421 2752 Mss.
1448 2731 1517 2752 om-

810 2780 868 2802 nes
894 2772 1006 2804 «basis
1034 2774 1089 2804 vel
1115 2773 1242 2804 abscisas
1276 2777 1405 2813 praeter
1434 2771 1520 2804 Got-
