<?xml version="1.0" encoding="UTF-8"?>
<!DOCTYPE html PUBLIC "-//W3C//DTD XHTML 1.0 Transitional//EN"
    "http://www.w3.org/TR/xhtml1/DTD/xhtml1-transitional.dtd">
<html xmlns="http://www.w3.org/1999/xhtml" xml:lang="en" lang="en">
 <head>
  <title>
</title>
<meta http-equiv="Content-Type" content="text/html;charset=utf-8" />
  <meta name='ocr-system' content='tesseract 3.04.00' />
  <meta name='ocr-capabilities' content='ocr_page ocr_carea ocr_par ocr_line ocrx_word'/>
</head>
<body>
  <div class='ocr_page' id='page_1' title='image "./operaomniaexedit03caesuoft/operaomniaexedit03caesuoft_0229.png"; bbox 0 0 1818 3131; ppageno 0'>
   <div class='ocr_carea' id='block_1_1' title="bbox 320 210 510 240">
    <p class='ocr_par' dir='ltr' id='par_1_1' title="bbox 320 210 510 240">
     <span class='ocr_line' id='line_1_1' title="bbox 320 210 510 240; baseline -0.011 -1"><span class='ocrx_word' id='word_1_1' title='bbox 320 211 411 240; x_wconf 73' lang='lat' dir='ltr'>Lm.</span> <span class='ocrx_word' id='word_1_2' title='bbox 450 210 510 238; x_wconf 70' lang='lat' dir='ltr'>Vl.</span> 
     </span>
    </p>
   </div>
   <div class='ocr_carea' id='block_1_2' title="bbox 74 299 796 2798">
    <p class='ocr_par' dir='ltr' id='par_1_2' title="bbox 88 299 782 442">
     <span class='ocr_line' id='line_1_2' title="bbox 89 299 782 343; baseline -0.007 -9"><span class='ocrx_word' id='word_1_3' title='bbox 89 302 281 342; x_wconf 58' lang='lat' dir='ltr'>runldaenp.</span> <span class='ocrx_word' id='word_1_4' title='bbox 297 312 367 343; x_wconf 85' lang='lat' dir='ltr'>seq.</span> <span class='ocrx_word' id='word_1_5' title='bbox 392 305 400 319; x_wconf 85' lang='lat'>‘</span> <span class='ocrx_word' id='word_1_6' title='bbox 418 302 456 333; x_wconf 91' lang='lat' dir='ltr'>In</span> <span class='ocrx_word' id='word_1_7' title='bbox 484 299 682 331; x_wconf 83' lang='lat' dir='ltr'>servitutem</span> <span class='ocrx_word' id='word_1_8' title='bbox 707 310 782 330; x_wconf 78' lang='lat' dir='ltr'>sese</span> 
     </span>
     <span class='ocr_line' id='line_1_3' title="bbox 88 350 782 385; baseline -0.006 -1"><span class='ocrx_word' id='word_1_9' title='bbox 88 355 201 384; x_wconf 76' lang='lat' dir='ltr'>‹lii-aut</span> <span class='ocrx_word' id='word_1_10' title='bbox 228 352 423 385; x_wconf 77' lang='lat' dir='ltr'>nobilibus:¹</span> <span class='ocrx_word' id='word_1_11' title='bbox 440 352 496 382; x_wconf 87' lang='lat' dir='ltr'>ubi</span> <span class='ocrx_word' id='word_1_12' title='bbox 524 350 698 382; x_wconf 79' lang='lat' dir='ltr'>Aimoiuns</span> <span class='ocrx_word' id='word_1_13' title='bbox 725 351 782 381; x_wconf 89' lang='lat' dir='ltr'>ha-</span> 
     </span>
     <span class='ocr_line' id='line_1_4' title="bbox 89 399 666 442; baseline -0.002 -9"><span class='ocrx_word' id='word_1_14' title='bbox 89 403 146 435; x_wconf 80' lang='lat' dir='ltr'>bet</span> <span class='ocrx_word' id='word_1_15' title='bbox 169 405 316 435; x_wconf 76' lang='lat' dir='ltr'>addicunt</span> <span class='ocrx_word' id='word_1_16' title='bbox 332 413 350 434; x_wconf 89' lang='lat' dir='ltr'>e</span> <span class='ocrx_word' id='word_1_17' title='bbox 367 402 495 442; x_wconf 75' lang='lat' dir='ltr'>vulgari</span> <span class='ocrx_word' id='word_1_18' title='bbox 512 399 666 432; x_wconf 82' lang='lat' dir='ltr'>formula.</span> 
     </span>
    </p>

    <p class='ocr_par' dir='ltr' id='par_1_3' title="bbox 74 453 789 1650">
     <span class='ocr_line' id='line_1_5' title="bbox 133 453 782 494; baseline -0.005 -8"><span class='ocrx_word' id='word_1_19' title='bbox 133 464 212 486; x_wconf 81' lang='lat' dir='ltr'>xm.</span> <span class='ocrx_word' id='word_1_20' title='bbox 238 459 251 485; x_wconf 95' lang='lat' dir='ltr'>l</span> <span class='ocrx_word' id='word_1_21' title='bbox 277 455 386 494; x_wconf 77' lang='lat' dir='ltr'>Aliquo</span> <span class='ocrx_word' id='word_1_22' title='bbox 398 457 468 484; x_wconf 66' lang='lat' dir='ltr'>suxit</span> <span class='ocrx_word' id='word_1_23' title='bbox 480 463 602 483; x_wconf 80' lang='lat' dir='ltr'>numero</span> <span class='ocrx_word' id='word_1_24' title='bbox 613 457 642 484; x_wconf 73' lang='lat' dir='ltr'>et</span> <span class='ocrx_word' id='word_1_25' title='bbox 657 453 782 493; x_wconf 79' lang='lat' dir='ltr'>honore]</span> 
     </span>
     <span class='ocr_line' id='line_1_6' title="bbox 86 505 783 544; baseline -0.004 -7"><span class='ocrx_word' id='word_1_26' title='bbox 86 506 216 537; x_wconf 86' lang='lat' dir='ltr'>Ultima</span> <span class='ocrx_word' id='word_1_27' title='bbox 245 515 325 536; x_wconf 85' lang='lat' dir='ltr'>voce</span> <span class='ocrx_word' id='word_1_28' title='bbox 354 514 414 544; x_wconf 81' lang='lat' dir='ltr'>pro</span> <span class='ocrx_word' id='word_1_29' title='bbox 449 514 540 534; x_wconf 83' lang='lat' dir='ltr'>more</span> <span class='ocrx_word' id='word_1_30' title='bbox 570 514 629 535; x_wconf 89' lang='lat' dir='ltr'>suo</span> <span class='ocrx_word' id='word_1_31' title='bbox 669 505 783 534; x_wconf 63' lang='lat' dir='ltr'>emar</span> 
     </span>
     <span class='ocr_line' id='line_1_7' title="bbox 87 554 781 596; baseline -0.004 -9"><span class='ocrx_word' id='word_1_32' title='bbox 87 557 232 596; x_wconf 78' lang='lat' dir='ltr'>priorem</span> <span class='ocrx_word' id='word_1_33' title='bbox 256 565 366 585; x_wconf 78' lang='lat' dir='ltr'>rursus</span> <span class='ocrx_word' id='word_1_34' title='bbox 389 554 562 595; x_wconf 84' lang='lat' dir='ltr'>explicat:</span> <span class='ocrx_word' id='word_1_35' title='bbox 589 564 698 596; x_wconf 88' lang='lat' dir='ltr'>neque</span> <span class='ocrx_word' id='word_1_36' title='bbox 726 564 781 584; x_wconf 80' lang='lat' dir='ltr'>ne-</span> 
     </span>
     <span class='ocr_line' id='line_1_8' title="bbox 86 605 781 645; baseline -0.001 -9"><span class='ocrx_word' id='word_1_37' title='bbox 86 616 179 636; x_wconf 85' lang='lat' dir='ltr'>ccsse</span> <span class='ocrx_word' id='word_1_38' title='bbox 196 609 258 643; x_wconf 85' lang='lat' dir='ltr'>est,</span> <span class='ocrx_word' id='word_1_39' title='bbox 274 614 347 635; x_wconf 88' lang='lat' dir='ltr'>cum</span> <span class='ocrx_word' id='word_1_40' title='bbox 365 605 444 635; x_wconf 79' lang='lat' dir='ltr'>Viro</span> <span class='ocrx_word' id='word_1_41' title='bbox 461 605 573 643; x_wconf 85' lang='lat' dir='ltr'>docto,</span> <span class='ocrx_word' id='word_1_42' title='bbox 596 605 652 645; x_wconf 86' lang='lat' dir='ltr'>qui</span> <span class='ocrx_word' id='word_1_43' title='bbox 670 605 781 644; x_wconf 84' lang='lat' dir='ltr'>legen-</span> 
     </span>
     <span class='ocr_line' id='line_1_9' title="bbox 85 654 783 695; baseline 0 -11"><span class='ocrx_word' id='word_1_44' title='bbox 85 654 162 685; x_wconf 84' lang='lat' dir='ltr'>dum</span> <span class='ocrx_word' id='word_1_45' title='bbox 176 654 295 685; x_wconf 74' lang='lat' dir='ltr'>nomine</span> <span class='ocrx_word' id='word_1_46' title='bbox 308 654 349 684; x_wconf 86' lang='lat' dir='ltr'>ad</span> <span class='ocrx_word' id='word_1_47' title='bbox 365 654 440 685; x_wconf 80' lang='lat' dir='ltr'>libri</span> <span class='ocrx_word' id='word_1_48' title='bbox 457 655 508 684; x_wconf 78' lang='lat' dir='ltr'>sui</span> <span class='ocrx_word' id='word_1_49' title='bbox 526 655 708 695; x_wconf 82' lang='lat' dir='ltr'>marginem</span> <span class='ocrx_word' id='word_1_50' title='bbox 727 654 783 684; x_wconf 84' lang='lat' dir='ltr'>ad-</span> 
     </span>
     <span class='ocr_line' id='line_1_10' title="bbox 85 704 783 745; baseline -0.001 -10"><span class='ocrx_word' id='word_1_51' title='bbox 85 705 225 743; x_wconf 78' lang='lat' dir='ltr'>leverat,</span> <span class='ocrx_word' id='word_1_52' title='bbox 239 705 420 745; x_wconf 82' lang='lat' dir='ltr'>quidquam</span> <span class='ocrx_word' id='word_1_53' title='bbox 439 710 582 735; x_wconf 81' lang='lat' dir='ltr'>mutare.</span> <span class='ocrx_word' id='word_1_54' title='bbox 628 705 734 735; x_wconf 87' lang='lat' dir='ltr'>Porro</span> <span class='ocrx_word' id='word_1_55' title='bbox 751 704 783 734; x_wconf 84' lang='lat' dir='ltr'>in</span> 
     </span>
     <span class='ocr_line' id='line_1_11' title="bbox 74 747 783 795; baseline 0.001 -11"><span class='ocrx_word' id='word_1_56' title='bbox 74 747 197 794; x_wconf 52' lang='grc' dir='ltr'>’σιὶἱψυῃ</span> <span class='ocrx_word' id='word_1_57' title='bbox 221 756 460 795; x_wconf 67' lang='lat' dir='ltr'>prirpositionc</span> <span class='ocrx_word' id='word_1_58' title='bbox 491 755 618 793; x_wconf 77' lang='lat' dir='ltr'>addita,</span> <span class='ocrx_word' id='word_1_59' title='bbox 655 755 783 785; x_wconf 84' lang='lat' dir='ltr'>babent</span> 
     </span>
     <span class='ocr_line' id='line_1_12' title="bbox 87 805 782 846; baseline 0.003 -13"><span class='ocrx_word' id='word_1_60' title='bbox 87 805 201 837; x_wconf 75' lang='lat' dir='ltr'>(lxon.</span> <span class='ocrx_word' id='word_1_61' title='bbox 231 815 269 836; x_wconf 76' lang='lat' dir='ltr'>ac</span> <span class='ocrx_word' id='word_1_62' title='bbox 301 806 395 836; x_wconf 73' lang='lat' dir='ltr'>Leitl.</span> <span class='ocrx_word' id='word_1_63' title='bbox 426 806 522 846; x_wconf 86' lang='lat' dir='ltr'>prim.</span> <span class='ocrx_word' id='word_1_64' title='bbox 550 811 584 836; x_wconf 80' lang='lat' dir='ltr'>et</span> <span class='ocrx_word' id='word_1_65' title='bbox 612 815 678 836; x_wconf 82' lang='lat' dir='ltr'>sec.</span> <span class='ocrx_word' id='word_1_66' title='bbox 707 815 782 836; x_wconf 89' lang='lat' dir='ltr'>cum</span> 
     </span>
     <span class='ocr_line' id='line_1_13' title="bbox 86 854 783 896; baseline 0.003 -12"><span class='ocrx_word' id='word_1_67' title='bbox 86 854 173 884; x_wconf 56' lang='lat' dir='ltr'>lidii.</span> <span class='ocrx_word' id='word_1_68' title='bbox 206 855 299 895; x_wconf 75' lang='lat' dir='ltr'>Auli,</span> <span class='ocrx_word' id='word_1_69' title='bbox 330 857 416 886; x_wconf 71' lang='lat' dir='ltr'>Ven.</span> <span class='ocrx_word' id='word_1_70' title='bbox 446 856 608 896; x_wconf 74' lang='lat' dir='ltr'>Grypnii,</span> <span class='ocrx_word' id='word_1_71' title='bbox 633 856 783 896; x_wconf 77' lang='lat' dir='ltr'>aliisque,</span> 
     </span>
     <span class='ocr_line' id='line_1_14' title="bbox 86 902 783 946; baseline 0.004 -14"><span class='ocrx_word' id='word_1_72' title='bbox 86 904 176 944; x_wconf 75' lang='lat' dir='ltr'>quod</span> <span class='ocrx_word' id='word_1_73' title='bbox 210 905 443 936; x_wconf 82' lang='lat' dir='ltr'>Hotomnunus</span> <span class='ocrx_word' id='word_1_74' title='bbox 474 907 521 936; x_wconf 83' lang='lat' dir='ltr'>ait</span> <span class='ocrx_word' id='word_1_75' title='bbox 548 902 783 946; x_wconf 73' lang='lat' dir='ltr'>cbrrigendum</span> 
     </span>
     <span class='ocr_line' id='line_1_15' title="bbox 86 954 786 996; baseline 0.004 -14"><span class='ocrx_word' id='word_1_76' title='bbox 86 961 159 983; x_wconf 61' lang='lat' dir='ltr'>esse</span> <span class='ocrx_word' id='word_1_77' title='bbox 178 954 237 990; x_wconf 83' lang='lat' dir='ltr'>ita,</span> <span class='ocrx_word' id='word_1_78' title='bbox 253 960 287 984; x_wconf 90' lang='lat' dir='ltr'>ut</span> <span class='ocrx_word' id='word_1_79' title='bbox 300 955 386 985; x_wconf 73' lang='lat' dir='ltr'>absit</span> <span class='ocrx_word' id='word_1_80' title='bbox 401 955 607 996; x_wconf 65' lang='lat' dir='ltr'>praepositio.</span> <span class='ocrx_word' id='word_1_81' title='bbox 652 955 786 986; x_wconf 82' lang='lat' dir='ltr'>Utrum-</span> 
     </span>
     <span class='ocr_line' id='line_1_16' title="bbox 82 1003 783 1045; baseline 0.004 -13"><span class='ocrx_word' id='word_1_82' title='bbox 82 1012 152 1043; x_wconf 77' lang='lat' dir='ltr'>que</span> <span class='ocrx_word' id='word_1_83' title='bbox 177 1003 208 1033; x_wconf 91' lang='lat' dir='ltr'>in</span> <span class='ocrx_word' id='word_1_84' title='bbox 226 1013 284 1034; x_wconf 57' lang='lat' dir='ltr'>uzu</span> <span class='ocrx_word' id='word_1_85' title='bbox 311 1009 383 1035; x_wconf 82' lang='lat' dir='ltr'>est:</span> <span class='ocrx_word' id='word_1_86' title='bbox 412 1015 482 1045; x_wconf 78' lang='lat' dir='ltr'>pro,</span> <span class='ocrx_word' id='word_1_87' title='bbox 506 1006 537 1036; x_wconf 91' lang='lat' dir='ltr'>in</span> <span class='ocrx_word' id='word_1_88' title='bbox 559 1007 685 1036; x_wconf 78' lang='lat' dir='ltr'>honore</span> <span class='ocrx_word' id='word_1_89' title='bbox 710 1016 783 1036; x_wconf 62' lang='lat' dir='ltr'>esse</span> 
     </span>
     <span class='ocr_line' id='line_1_17' title="bbox 87 1053 784 1093; baseline 0.006 -11"><span class='ocrx_word' id='word_1_90' title='bbox 87 1053 208 1092; x_wconf 87' lang='lat' dir='ltr'>aliquo.</span> <span class='ocrx_word' id='word_1_91' title='bbox 264 1053 422 1093; x_wconf 86' lang='lat' dir='ltr'>Propert.</span> <span class='ocrx_word' id='word_1_92' title='bbox 447 1055 498 1085; x_wconf 80' lang='lat' dir='ltr'>El.</span> <span class='ocrx_word' id='word_1_93' title='bbox 518 1064 555 1085; x_wconf 92' lang='grc' dir='ltr'>ιι.</span> <span class='ocrx_word' id='word_1_94' title='bbox 574 1058 624 1085; x_wconf 77' lang='lat'>21.</span> <span class='ocrx_word' id='word_1_95' title='bbox 639 1059 690 1085; x_wconf 81' lang='lat'>55.</span> <span class='ocrx_word' id='word_1_96' title='bbox 715 1057 723 1071; x_wconf 93' lang='lat'>‘</span> <span class='ocrx_word' id='word_1_97' title='bbox 739 1056 784 1086; x_wconf 81' lang='lat' dir='ltr'>Et</span> 
     </span>
     <span class='ocr_line' id='line_1_18' title="bbox 86 1103 785 1144; baseline 0.003 -12"><span class='ocrx_word' id='word_1_98' title='bbox 86 1112 306 1144; x_wconf 67' lang='lat' dir='ltr'>quaecumque</span> <span class='ocrx_word' id='word_1_99' title='bbox 326 1108 399 1134; x_wconf 81' lang='lat' dir='ltr'>erat</span> <span class='ocrx_word' id='word_1_100' title='bbox 423 1103 453 1133; x_wconf 90' lang='lat' dir='ltr'>iu</span> <span class='ocrx_word' id='word_1_101' title='bbox 473 1114 610 1135; x_wconf 87' lang='lat' dir='ltr'>munero</span> <span class='ocrx_word' id='word_1_102' title='bbox 635 1105 785 1135; x_wconf 86' lang='lat' dir='ltr'>Romana</span> 
     </span>
     <span class='ocr_line' id='line_1_19' title="bbox 88 1153 782 1192; baseline 0.004 -11"><span class='ocrx_word' id='word_1_103' title='bbox 88 1153 226 1192; x_wconf 75' lang='lat' dir='ltr'>puella.’</span> <span class='ocrx_word' id='word_1_104' title='bbox 269 1154 406 1185; x_wconf 90' lang='lat' dir='ltr'>Lucret.</span> <span class='ocrx_word' id='word_1_105' title='bbox 422 1164 454 1184; x_wconf 90' lang='lat' dir='ltr'>v.</span> <span class='ocrx_word' id='word_1_106' title='bbox 473 1158 526 1185; x_wconf 78' lang='lat'>83.</span> <span class='ocrx_word' id='word_1_107' title='bbox 543 1155 550 1170; x_wconf 88' lang='lat'><em>‘</em></span> <span class='ocrx_word' id='word_1_108' title='bbox 567 1155 640 1186; x_wconf 77' lang='lat' dir='ltr'>Nec</span> <span class='ocrx_word' id='word_1_109' title='bbox 659 1154 722 1185; x_wconf 83' lang='lat' dir='ltr'>fuit</span> <span class='ocrx_word' id='word_1_110' title='bbox 750 1155 782 1184; x_wconf 91' lang='lat' dir='ltr'>iu</span> 
     </span>
     <span class='ocr_line' id='line_1_20' title="bbox 88 1202 784 1243; baseline 0.003 -11"><span class='ocrx_word' id='word_1_111' title='bbox 88 1202 248 1234; x_wconf 63' lang='lat' dir='ltr'>numero!</span> <span class='ocrx_word' id='word_1_112' title='bbox 277 1203 399 1235; x_wconf 85' lang='lat' dir='ltr'>Cicero</span> <span class='ocrx_word' id='word_1_113' title='bbox 415 1204 512 1235; x_wconf 84' lang='lat' dir='ltr'>Orat.</span> <span class='ocrx_word' id='word_1_114' title='bbox 526 1214 556 1234; x_wconf 87' lang='lat' dir='ltr'>e.</span> <span class='ocrx_word' id='word_1_115' title='bbox 572 1208 624 1235; x_wconf 74' lang='lat'>61.</span> <span class='ocrx_word' id='word_1_116' title='bbox 638 1204 646 1219; x_wconf 94' lang='lat'>‘</span> <span class='ocrx_word' id='word_1_117' title='bbox 662 1205 784 1243; x_wconf 78' lang='lat' dir='ltr'>Nemo,</span> 
     </span>
     <span class='ocr_line' id='line_1_21' title="bbox 88 1253 784 1294; baseline 0.007 -13"><span class='ocrx_word' id='word_1_118' title='bbox 88 1253 144 1292; x_wconf 91' lang='lat' dir='ltr'>qui</span> <span class='ocrx_word' id='word_1_119' title='bbox 161 1253 273 1294; x_wconf 80' lang='lat' dir='ltr'>aliquo</span> <span class='ocrx_word' id='word_1_120' title='bbox 289 1259 378 1285; x_wconf 84' lang='lat' dir='ltr'>esset</span> <span class='ocrx_word' id='word_1_121' title='bbox 395 1255 427 1285; x_wconf 91' lang='lat' dir='ltr'>in</span> <span class='ocrx_word' id='word_1_122' title='bbox 442 1255 604 1286; x_wconf 59' lang='lat' dir='ltr'>numero?</span> <span class='ocrx_word' id='word_1_123' title='bbox 650 1255 697 1287; x_wconf 76' lang='lat' dir='ltr'>At</span> <span class='ocrx_word' id='word_1_124' title='bbox 714 1256 784 1286; x_wconf 87' lang='lat' dir='ltr'>sine</span> 
     </span>
     <span class='ocr_line' id='line_1_22' title="bbox 89 1304 785 1345; baseline 0.004 -13"><span class='ocrx_word' id='word_1_125' title='bbox 89 1312 231 1344; x_wconf 55' lang='grc' dir='ltr'>μνᾶ-ρος.</span> <span class='ocrx_word' id='word_1_126' title='bbox 246 1304 334 1335; x_wconf 85' lang='lat' dir='ltr'>idem</span> <span class='ocrx_word' id='word_1_127' title='bbox 348 1305 389 1335; x_wconf 89' lang='lat' dir='ltr'>ad</span> <span class='ocrx_word' id='word_1_128' title='bbox 406 1306 497 1336; x_wconf 86' lang='lat' dir='ltr'><strong>Fam.</strong></span> <span class='ocrx_word' id='word_1_129' title='bbox 514 1307 578 1345; x_wconf 83' lang='lat' dir='ltr'>Ep.</span> <span class='ocrx_word' id='word_1_130' title='bbox 594 1315 618 1336; x_wconf 89' lang='lat'>1.</span> <span class='ocrx_word' id='word_1_131' title='bbox 634 1309 684 1337; x_wconf 85' lang='lat'>10.</span> <span class='ocrx_word' id='word_1_132' title='bbox 695 1307 704 1322; x_wconf 89' lang='lat'>‘</span> <span class='ocrx_word' id='word_1_133' title='bbox 718 1306 785 1337; x_wconf 87' lang='lat' dir='ltr'>Ubi</span> 
     </span>
     <span class='ocr_line' id='line_1_23' title="bbox 90 1354 784 1398; baseline 0.003 -14"><span class='ocrx_word' id='word_1_134' title='bbox 90 1354 201 1395; x_wconf 87' lang='lat' dir='ltr'>aliquo</span> <span class='ocrx_word' id='word_1_135' title='bbox 231 1365 369 1387; x_wconf 89' lang='lat' dir='ltr'>numero</span> <span class='ocrx_word' id='word_1_136' title='bbox 398 1357 440 1387; x_wconf 86' lang='lat' dir='ltr'>sis</span> <span class='ocrx_word' id='word_1_137' title='bbox 453 1357 472 1388; x_wconf 85' lang='lat'>:&#39;</span> <span class='ocrx_word' id='word_1_138' title='bbox 507 1362 542 1388; x_wconf 87' lang='lat' dir='ltr'>et</span> <span class='ocrx_word' id='word_1_139' title='bbox 573 1358 687 1388; x_wconf 87' lang='lat' dir='ltr'>statim</span> <span class='ocrx_word' id='word_1_140' title='bbox 711 1359 727 1398; x_wconf 60' lang='grc' dir='ltr'>ξ</span> <span class='ocrx_word' id='word_1_141' title='bbox 753 1360 784 1387; x_wconf 78' lang='grc'>4.</span> 
     </span>
     <span class='ocr_line' id='line_1_24' title="bbox 88 1406 786 1446; baseline 0.001 -11"><span class='ocrx_word' id='word_1_142' title='bbox 88 1406 96 1420; x_wconf 88' lang='lat'>‘</span> <span class='ocrx_word' id='word_1_143' title='bbox 110 1406 237 1445; x_wconf 82' lang='lat' dir='ltr'>Magno</span> <span class='ocrx_word' id='word_1_144' title='bbox 247 1412 323 1437; x_wconf 82' lang='lat' dir='ltr'>sunt</span> <span class='ocrx_word' id='word_1_145' title='bbox 338 1407 426 1446; x_wconf 84' lang='lat' dir='ltr'>apud</span> <span class='ocrx_word' id='word_1_146' title='bbox 440 1417 495 1437; x_wconf 82' lang='lat' dir='ltr'>cos</span> <span class='ocrx_word' id='word_1_147' title='bbox 509 1407 658 1438; x_wconf 56' lang='lat' dir='ltr'>honore?</span> <span class='ocrx_word' id='word_1_148' title='bbox 687 1408 786 1438; x_wconf 80' lang='lat' dir='ltr'>Utro-</span> 
     </span>
     <span class='ocr_line' id='line_1_25' title="bbox 91 1457 786 1496; baseline 0.003 -10"><span class='ocrx_word' id='word_1_149' title='bbox 91 1465 156 1496; x_wconf 77' lang='lat' dir='ltr'>que</span> <span class='ocrx_word' id='word_1_150' title='bbox 187 1457 286 1487; x_wconf 85' lang='lat' dir='ltr'>modo</span> <span class='ocrx_word' id='word_1_151' title='bbox 331 1457 434 1487; x_wconf 86' lang='lat' dir='ltr'>etiam</span> <span class='ocrx_word' id='word_1_152' title='bbox 465 1457 591 1496; x_wconf 66' lang='lat' dir='ltr'>Livium,</span> <span class='ocrx_word' id='word_1_153' title='bbox 637 1458 713 1488; x_wconf 89' lang='lat' dir='ltr'>vide</span> <span class='ocrx_word' id='word_1_154' title='bbox 745 1457 786 1487; x_wconf 81' lang='lat' dir='ltr'>ad</span> 
     </span>
     <span class='ocr_line' id='line_1_26' title="bbox 91 1506 787 1547; baseline 0.006 -11"><span class='ocrx_word' id='word_1_155' title='bbox 91 1514 131 1536; x_wconf 83' lang='lat' dir='ltr'>u.</span> <span class='ocrx_word' id='word_1_156' title='bbox 149 1509 201 1536; x_wconf 79' lang='lat'>22.</span> <span class='ocrx_word' id='word_1_157' title='bbox 215 1509 223 1522; x_wconf 91' lang='lat'>‘</span> <span class='ocrx_word' id='word_1_158' title='bbox 238 1506 279 1537; x_wconf 92' lang='lat' dir='ltr'>Iu</span> <span class='ocrx_word' id='word_1_159' title='bbox 296 1507 424 1547; x_wconf 77' lang='lat' dir='ltr'>ingenti</span> <span class='ocrx_word' id='word_1_160' title='bbox 441 1508 545 1547; x_wconf 70' lang='lat' dir='ltr'>gloria</span> <span class='ocrx_word' id='word_1_161' title='bbox 558 1508 653 1547; x_wconf 78' lang='lat' dir='ltr'>esse‚’</span> <span class='ocrx_word' id='word_1_162' title='bbox 671 1514 706 1540; x_wconf 85' lang='lat' dir='ltr'>et</span> <span class='ocrx_word' id='word_1_163' title='bbox 722 1509 787 1540; x_wconf 91' lang='lat' dir='ltr'>alii.</span> 
     </span>
     <span class='ocr_line' id='line_1_27' title="bbox 91 1557 789 1597; baseline 0.004 -11"><span class='ocrx_word' id='word_1_164' title='bbox 91 1557 146 1587; x_wconf 68' lang='lat' dir='ltr'>bic</span> <span class='ocrx_word' id='word_1_165' title='bbox 164 1566 264 1597; x_wconf 83' lang='lat' dir='ltr'>supra</span> <span class='ocrx_word' id='word_1_166' title='bbox 282 1557 423 1588; x_wconf 80' lang='lat' dir='ltr'>vidimus</span> <span class='ocrx_word' id='word_1_167' title='bbox 441 1558 550 1588; x_wconf 78' lang='lat' dir='ltr'>habere</span> <span class='ocrx_word' id='word_1_168' title='bbox 566 1568 692 1589; x_wconf 80' lang='lat' dir='ltr'>numero</span> <span class='ocrx_word' id='word_1_169' title='bbox 707 1563 741 1589; x_wconf 90' lang='lat' dir='ltr'>et</span> <span class='ocrx_word' id='word_1_170' title='bbox 757 1559 789 1589; x_wconf 88' lang='lat' dir='ltr'>in</span> 
     </span>
     <span class='ocr_line' id='line_1_28' title="bbox 92 1608 549 1650; baseline 0.007 -14"><span class='ocrx_word' id='word_1_171' title='bbox 92 1617 215 1638; x_wconf 58' lang='lat' dir='ltr'>numero</span> <span class='ocrx_word' id='word_1_172' title='bbox 231 1608 273 1638; x_wconf 88' lang='lat' dir='ltr'>ad</span> <span class='ocrx_word' id='word_1_173' title='bbox 291 1609 345 1639; x_wconf 91' lang='lat' dir='ltr'>lib.</span> <span class='ocrx_word' id='word_1_174' title='bbox 363 1609 460 1650; x_wconf 81' lang='lat' dir='ltr'>hujus</span> <span class='ocrx_word' id='word_1_175' title='bbox 476 1619 505 1639; x_wconf 92' lang='lat' dir='ltr'>c.</span> <span class='ocrx_word' id='word_1_176' title='bbox 519 1612 549 1639; x_wconf 87' lang='grc'>6.</span> 
     </span>
    </p>

    <p class='ocr_par' dir='ltr' id='par_1_4' title="bbox 90 1658 792 2300">
     <span class='ocr_line' id='line_1_29' title="bbox 135 1658 789 1699; baseline 0.002 -11"><span class='ocrx_word' id='word_1_177' title='bbox 135 1660 155 1688; x_wconf 87' lang='grc'>2</span> <span class='ocrx_word' id='word_1_178' title='bbox 170 1658 250 1689; x_wconf 77' lang='lat' dir='ltr'>Nam</span> <span class='ocrx_word' id='word_1_179' title='bbox 262 1658 362 1698; x_wconf 82' lang='lat' dir='ltr'><strong><em>plebs]</em></strong></span> <span class='ocrx_word' id='word_1_180' title='bbox 378 1660 540 1698; x_wconf 69' lang='lat' dir='ltr'>Bongars.</span> <span class='ocrx_word' id='word_1_181' title='bbox 555 1659 651 1699; x_wconf 85' lang='lat' dir='ltr'>prim.</span> <span class='ocrx_word' id='word_1_182' title='bbox 665 1658 789 1690; x_wconf 86' lang='lat' dir='ltr'>Audin.</span> 
     </span>
     <span class='ocr_line' id='line_1_30' title="bbox 94 1707 789 1748; baseline 0.003 -11"><span class='ocrx_word' id='word_1_183' title='bbox 94 1707 191 1738; x_wconf 79' lang='lat' dir='ltr'>Leid.</span> <span class='ocrx_word' id='word_1_184' title='bbox 221 1717 272 1747; x_wconf 85' lang='lat' dir='ltr'>pr.</span> <span class='ocrx_word' id='word_1_185' title='bbox 301 1708 413 1739; x_wconf 81' lang='lat' dir='ltr'>Oxon.</span> <span class='ocrx_word' id='word_1_186' title='bbox 446 1709 542 1738; x_wconf 62' lang='lat' dir='ltr'>voss.</span> <span class='ocrx_word' id='word_1_187' title='bbox 575 1718 626 1748; x_wconf 89' lang='lat' dir='ltr'>pr.</span> <span class='ocrx_word' id='word_1_188' title='bbox 662 1709 789 1739; x_wconf 80' lang='lat' dir='ltr'>Lovau.</span> 
     </span>
     <span class='ocr_line' id='line_1_31' title="bbox 94 1757 788 1797; baseline 0.004 -11"><span class='ocrx_word' id='word_1_189' title='bbox 94 1757 189 1797; x_wconf 81' lang='lat' dir='ltr'>Egm.</span> <span class='ocrx_word' id='word_1_190' title='bbox 214 1757 338 1797; x_wconf 77' lang='lat' dir='ltr'>Scalig.</span> <span class='ocrx_word' id='word_1_191' title='bbox 363 1758 458 1789; x_wconf 90' lang='lat' dir='ltr'>Carr.</span> <span class='ocrx_word' id='word_1_192' title='bbox 478 1758 610 1788; x_wconf 81' lang='lat' dir='ltr'>Duker.</span> <span class='ocrx_word' id='word_1_193' title='bbox 636 1764 670 1789; x_wconf 87' lang='lat' dir='ltr'>et</span> <span class='ocrx_word' id='word_1_194' title='bbox 693 1759 788 1789; x_wconf 59' lang='lat' dir='ltr'>Voss</span> 
     </span>
     <span class='ocr_line' id='line_1_32' title="bbox 93 1808 789 1844; baseline 0 -6"><span class='ocrx_word' id='word_1_195' title='bbox 93 1816 159 1838; x_wconf 80' lang='lat' dir='ltr'>sec.</span> <span class='ocrx_word' id='word_1_196' title='bbox 175 1817 249 1838; x_wconf 89' lang='lat' dir='ltr'>cum</span> <span class='ocrx_word' id='word_1_197' title='bbox 274 1808 381 1838; x_wconf 89' lang='lat' dir='ltr'>Pulm.</span> <span class='ocrx_word' id='word_1_198' title='bbox 397 1808 546 1844; x_wconf 47' lang='lat' dir='ltr'>§chetim</span> <span class='ocrx_word' id='word_1_199' title='bbox 564 1814 597 1838; x_wconf 85' lang='lat' dir='ltr'>et</span> <span class='ocrx_word' id='word_1_200' title='bbox 612 1808 676 1839; x_wconf 85' lang='lat' dir='ltr'>Ed.</span> <span class='ocrx_word' id='word_1_201' title='bbox 699 1809 789 1838; x_wconf 89' lang='lat' dir='ltr'>Flor.</span> 
     </span>
     <span class='ocr_line' id='line_1_33' title="bbox 90 1857 790 1897; baseline 0.006 -12"><span class='ocrx_word' id='word_1_202' title='bbox 90 1857 202 1897; x_wconf 77' lang='lat' dir='ltr'>plebes.</span> <span class='ocrx_word' id='word_1_203' title='bbox 248 1857 347 1890; x_wconf 84' lang='lat' dir='ltr'>Quod</span> <span class='ocrx_word' id='word_1_204' title='bbox 381 1859 451 1888; x_wconf 82' lang='lat' dir='ltr'>sine</span> <span class='ocrx_word' id='word_1_205' title='bbox 481 1859 581 1889; x_wconf 86' lang='lat' dir='ltr'>dubio</span> <span class='ocrx_word' id='word_1_206' title='bbox 613 1868 631 1889; x_wconf 89' lang='lat' dir='ltr'>a</span> <span class='ocrx_word' id='word_1_207' title='bbox 656 1859 790 1890; x_wconf 71' lang='lat' dir='ltr'>Caesare</span> 
     </span>
     <span class='ocr_line' id='line_1_34' title="bbox 92 1906 791 1949; baseline 0.006 -14"><span class='ocrx_word' id='word_1_208' title='bbox 92 1906 282 1947; x_wconf 84' lang='lat' dir='ltr'>profectum</span> <span class='ocrx_word' id='word_1_209' title='bbox 299 1913 360 1944; x_wconf 69' lang='lat' dir='ltr'>est,</span> <span class='ocrx_word' id='word_1_210' title='bbox 385 1913 421 1939; x_wconf 88' lang='lat' dir='ltr'>et</span> <span class='ocrx_word' id='word_1_211' title='bbox 437 1908 620 1949; x_wconf 73' lang='lat' dir='ltr'>saepissime</span> <span class='ocrx_word' id='word_1_212' title='bbox 646 1909 791 1940; x_wconf 82' lang='lat' dir='ltr'>auctori-</span> 
     </span>
     <span class='ocr_line' id='line_1_35' title="bbox 94 1958 790 1990; baseline 0.003 -2"><span class='ocrx_word' id='word_1_213' title='bbox 94 1958 153 1989; x_wconf 87' lang='lat' dir='ltr'>bus</span> <span class='ocrx_word' id='word_1_214' title='bbox 188 1959 411 1990; x_wconf 74' lang='lat' dir='ltr'>restituerunt</span> <span class='ocrx_word' id='word_1_215' title='bbox 441 1960 515 1990; x_wconf 69' lang='lat' dir='ltr'>&#39;Viri</span> <span class='ocrx_word' id='word_1_216' title='bbox 542 1959 647 1990; x_wconf 89' lang='lat' dir='ltr'>docti.</span> <span class='ocrx_word' id='word_1_217' title='bbox 702 1959 790 1990; x_wconf 88' lang='lat' dir='ltr'>Vide</span> 
     </span>
     <span class='ocr_line' id='line_1_36' title="bbox 94 2009 789 2049; baseline 0.001 -11"><span class='ocrx_word' id='word_1_218' title='bbox 94 2018 178 2049; x_wconf 85' lang='lat' dir='ltr'>quos</span> <span class='ocrx_word' id='word_1_219' title='bbox 209 2009 325 2040; x_wconf 83' lang='lat' dir='ltr'>laudat</span> <span class='ocrx_word' id='word_1_220' title='bbox 365 2010 459 2041; x_wconf 86' lang='lat' dir='ltr'>Cort.</span> <span class='ocrx_word' id='word_1_221' title='bbox 490 2009 532 2040; x_wconf 89' lang='lat' dir='ltr'>ad</span> <span class='ocrx_word' id='word_1_222' title='bbox 565 2010 702 2040; x_wconf 75' lang='lat' dir='ltr'><strong>Sallust.</strong></span> <span class='ocrx_word' id='word_1_223' title='bbox 748 2010 789 2039; x_wconf 87' lang='lat' dir='ltr'>B.</span> 
     </span>
     <span class='ocr_line' id='line_1_37' title="bbox 95 2059 791 2100; baseline -0.001 -10"><span class='ocrx_word' id='word_1_224' title='bbox 95 2059 195 2090; x_wconf 88' lang='lat' dir='ltr'>Catil.</span> <span class='ocrx_word' id='word_1_225' title='bbox 220 2069 249 2091; x_wconf 91' lang='lat' dir='ltr'>c.</span> <span class='ocrx_word' id='word_1_226' title='bbox 267 2063 319 2091; x_wconf 76' lang='lat'>37.</span> <span class='ocrx_word' id='word_1_227' title='bbox 344 2061 353 2076; x_wconf 87' lang='lat'>‘</span> <span class='ocrx_word' id='word_1_228' title='bbox 371 2062 502 2092; x_wconf 82' lang='lat' dir='ltr'>Cuncta</span> <span class='ocrx_word' id='word_1_229' title='bbox 528 2059 668 2100; x_wconf 85' lang='lat' dir='ltr'>plebes‚&#39;</span> <span class='ocrx_word' id='word_1_230' title='bbox 696 2059 791 2090; x_wconf 89' lang='lat' dir='ltr'>alios-</span> 
     </span>
     <span class='ocr_line' id='line_1_38' title="bbox 95 2110 790 2151; baseline 0 -12"><span class='ocrx_word' id='word_1_231' title='bbox 95 2119 160 2149; x_wconf 87' lang='lat' dir='ltr'>que</span> <span class='ocrx_word' id='word_1_232' title='bbox 177 2110 312 2149; x_wconf 78' lang='lat' dir='ltr'>passim.</span> <span class='ocrx_word' id='word_1_233' title='bbox 337 2111 445 2141; x_wconf 80' lang='lat' dir='ltr'>Recte</span> <span class='ocrx_word' id='word_1_234' title='bbox 464 2111 535 2151; x_wconf 80' lang='lat' dir='ltr'>jam</span> <span class='ocrx_word' id='word_1_235' title='bbox 551 2110 734 2140; x_wconf 87' lang='lat' dir='ltr'>ediderunt</span> <span class='ocrx_word' id='word_1_236' title='bbox 758 2110 790 2139; x_wconf 91' lang='lat' dir='ltr'>in</span> 
     </span>
     <span class='ocr_line' id='line_1_39' title="bbox 95 2158 792 2200; baseline 0.001 -12"><span class='ocrx_word' id='word_1_237' title='bbox 95 2158 187 2189; x_wconf 81' lang='lat' dir='ltr'>Hirt.</span> <span class='ocrx_word' id='word_1_238' title='bbox 205 2159 246 2189; x_wconf 92' lang='lat' dir='ltr'>B.</span> <span class='ocrx_word' id='word_1_239' title='bbox 265 2159 361 2190; x_wconf 78' lang='lat' dir='ltr'>Alex.</span> <span class='ocrx_word' id='word_1_240' title='bbox 378 2170 408 2190; x_wconf 87' lang='lat' dir='ltr'>c..</span> <span class='ocrx_word' id='word_1_241' title='bbox 428 2164 458 2191; x_wconf 83' lang='lat'>5.</span> <span class='ocrx_word' id='word_1_242' title='bbox 483 2162 491 2176; x_wconf 93' lang='lat'>‘</span> <span class='ocrx_word' id='word_1_243' title='bbox 506 2160 622 2200; x_wconf 81' lang='lat' dir='ltr'>plebes</span> <span class='ocrx_word' id='word_1_244' title='bbox 647 2170 685 2191; x_wconf 90' lang='lat' dir='ltr'>ac</span> <span class='ocrx_word' id='word_1_245' title='bbox 710 2160 792 2190; x_wconf 92' lang='lat' dir='ltr'>mul-</span> 
     </span>
     <span class='ocr_line' id='line_1_40' title="bbox 97 2207 791 2250; baseline 0.003 -12"><span class='ocrx_word' id='word_1_246' title='bbox 97 2207 228 2248; x_wconf 87' lang='lat' dir='ltr'>titudo‚’</span> <span class='ocrx_word' id='word_1_247' title='bbox 262 2209 351 2250; x_wconf 90' lang='lat' dir='ltr'>quod</span> <span class='ocrx_word' id='word_1_248' title='bbox 389 2209 591 2241; x_wconf 78' lang='lat' dir='ltr'>confirmant</span> <span class='ocrx_word' id='word_1_249' title='bbox 630 2210 675 2241; x_wconf 89' lang='lat' dir='ltr'>ibi</span> <span class='ocrx_word' id='word_1_250' title='bbox 712 2210 791 2240; x_wconf 82' lang='lat' dir='ltr'>Pet.</span> 
     </span>
     <span class='ocr_line' id='line_1_41' title="bbox 96 2257 578 2300; baseline 0.006 -13"><span class='ocrx_word' id='word_1_251' title='bbox 96 2257 192 2288; x_wconf 86' lang='lat' dir='ltr'>Leid.</span> <span class='ocrx_word' id='word_1_252' title='bbox 218 2267 269 2297; x_wconf 86' lang='lat' dir='ltr'>pr.</span> <span class='ocrx_word' id='word_1_253' title='bbox 286 2263 320 2289; x_wconf 90' lang='lat' dir='ltr'>et</span> <span class='ocrx_word' id='word_1_254' title='bbox 336 2259 425 2289; x_wconf 82' lang='lat' dir='ltr'>Scal.</span> <span class='ocrx_word' id='word_1_255' title='bbox 443 2259 578 2300; x_wconf 81' lang='lat' dir='ltr'>aliique.</span> 
     </span>
    </p>

    <p class='ocr_par' dir='ltr' id='par_1_5' title="bbox 95 2307 796 2798">
     <span class='ocr_line' id='line_1_42' title="bbox 140 2307 793 2350; baseline 0.005 -13"><span class='ocrx_word' id='word_1_256' title='bbox 140 2310 158 2337; x_wconf 83' lang='lat'>3</span> <span class='ocrx_word' id='word_1_257' title='bbox 185 2307 290 2347; x_wconf 58' lang='lat' dir='ltr'>Nulli]</span> <span class='ocrx_word' id='word_1_258' title='bbox 316 2308 423 2349; x_wconf 79' lang='lat' dir='ltr'>Bong.</span> <span class='ocrx_word' id='word_1_259' title='bbox 441 2310 715 2350; x_wconf 71' lang='lat' dir='ltr'>prim.Vossiani‚</span> <span class='ocrx_word' id='word_1_260' title='bbox 731 2311 793 2350; x_wconf 84' lang='lat' dir='ltr'>Eg-</span> 
     </span>
     <span class='ocr_line' id='line_1_43' title="bbox 95 2357 791 2397; baseline 0.004 -10"><span class='ocrx_word' id='word_1_261' title='bbox 95 2357 210 2388; x_wconf 87' lang='lat' dir='ltr'>muud.</span> <span class='ocrx_word' id='word_1_262' title='bbox 233 2357 342 2388; x_wconf 89' lang='lat' dir='ltr'>Pulm.</span> <span class='ocrx_word' id='word_1_263' title='bbox 366 2357 522 2397; x_wconf 63' lang='lat' dir='ltr'>Scheibe,</span> <span class='ocrx_word' id='word_1_264' title='bbox 554 2360 688 2390; x_wconf 75' lang='lat' dir='ltr'>Cari-ar.</span> <span class='ocrx_word' id='word_1_265' title='bbox 717 2364 752 2390; x_wconf 85' lang='lat' dir='ltr'>et</span> <span class='ocrx_word' id='word_1_266' title='bbox 773 2363 791 2390; x_wconf 84' lang='lat'>5</span> 
     </span>
     <span class='ocr_line' id='line_1_44' title="bbox 98 2407 792 2440; baseline 0.001 -2"><span class='ocrx_word' id='word_1_267' title='bbox 98 2407 153 2438; x_wconf 90' lang='lat' dir='ltr'>alii</span> <span class='ocrx_word' id='word_1_268' title='bbox 180 2417 256 2438; x_wconf 90' lang='lat' dir='ltr'>cum</span> <span class='ocrx_word' id='word_1_269' title='bbox 287 2407 375 2438; x_wconf 85' lang='lat' dir='ltr'>Edd.</span> <span class='ocrx_word' id='word_1_270' title='bbox 406 2409 502 2438; x_wconf 87' lang='lat' dir='ltr'>Rom.</span> <span class='ocrx_word' id='word_1_271' title='bbox 536 2409 674 2439; x_wconf 84' lang='lat' dir='ltr'>Mediol.</span> <span class='ocrx_word' id='word_1_272' title='bbox 706 2410 792 2440; x_wconf 65' lang='lat' dir='ltr'>Ven.</span> 
     </span>
     <span class='ocr_line' id='line_1_45' title="bbox 98 2457 796 2498; baseline 0.001 -10"><span class='ocrx_word' id='word_1_273' title='bbox 98 2457 245 2495; x_wconf 84' lang='lat' dir='ltr'>Incerta,</span> <span class='ocrx_word' id='word_1_274' title='bbox 263 2457 402 2498; x_wconf 84' lang='lat' dir='ltr'>aliisque</span> <span class='ocrx_word' id='word_1_275' title='bbox 420 2459 514 2488; x_wconf 79' lang='lat' dir='ltr'>mallo.</span> <span class='ocrx_word' id='word_1_276' title='bbox 541 2458 662 2489; x_wconf 78' lang='lat' dir='ltr'>Recte.</span> <span class='ocrx_word' id='word_1_277' title='bbox 705 2459 796 2489; x_wconf 68' lang='lat' dir='ltr'>Ullus</span> 
     </span>
     <span class='ocr_line' id='line_1_46' title="bbox 97 2506 794 2538; baseline 0.001 -1"><span class='ocrx_word' id='word_1_278' title='bbox 97 2506 187 2537; x_wconf 79' lang='lat' dir='ltr'>enirn</span> <span class='ocrx_word' id='word_1_279' title='bbox 203 2511 237 2537; x_wconf 86' lang='lat' dir='ltr'>et</span> <span class='ocrx_word' id='word_1_280' title='bbox 252 2507 352 2537; x_wconf 81' lang='lat' dir='ltr'>nullus</span> <span class='ocrx_word' id='word_1_281' title='bbox 367 2517 443 2538; x_wconf 87' lang='lat' dir='ltr'>cum</span> <span class='ocrx_word' id='word_1_282' title='bbox 465 2507 539 2537; x_wconf 73' lang='lat' dir='ltr'>aliis</span> <span class='ocrx_word' id='word_1_283' title='bbox 556 2507 720 2538; x_wconf 81' lang='lat' dir='ltr'>similibus</span> <span class='ocrx_word' id='word_1_284' title='bbox 738 2508 794 2538; x_wconf 89' lang='lat' dir='ltr'>de-</span> 
     </span>
     <span class='ocr_line' id='line_1_47' title="bbox 98 2557 795 2599; baseline 0.001 -11"><span class='ocrx_word' id='word_1_285' title='bbox 98 2557 268 2589; x_wconf 88' lang='lat' dir='ltr'>clinantur</span> <span class='ocrx_word' id='word_1_286' title='bbox 284 2558 432 2598; x_wconf 82' lang='lat' dir='ltr'>antique,</span> <span class='ocrx_word' id='word_1_287' title='bbox 449 2565 485 2589; x_wconf 90' lang='lat' dir='ltr'>ut</span> <span class='ocrx_word' id='word_1_288' title='bbox 510 2559 660 2599; x_wconf 76' lang='lat' dir='ltr'>vulgaria</span> <span class='ocrx_word' id='word_1_289' title='bbox 683 2559 795 2599; x_wconf 86' lang='lat' dir='ltr'>adjec-</span> 
     </span>
     <span class='ocr_line' id='line_1_48' title="bbox 98 2607 796 2649; baseline 0 -11"><span class='ocrx_word' id='word_1_290' title='bbox 98 2607 188 2639; x_wconf 84' lang='lat' dir='ltr'>tiva:</span> <span class='ocrx_word' id='word_1_291' title='bbox 212 2609 300 2649; x_wconf 86' lang='lat' dir='ltr'>quod</span> <span class='ocrx_word' id='word_1_292' title='bbox 314 2614 425 2639; x_wconf 85' lang='lat' dir='ltr'>tamen</span> <span class='ocrx_word' id='word_1_293' title='bbox 439 2613 567 2639; x_wconf 82' lang='lat' dir='ltr'>temere</span> <span class='ocrx_word' id='word_1_294' title='bbox 582 2618 673 2648; x_wconf 67' lang='lat' dir='ltr'>saepe</span> <span class='ocrx_word' id='word_1_295' title='bbox 690 2608 796 2638; x_wconf 85' lang='lat' dir='ltr'>intru-</span> 
     </span>
     <span class='ocr_line' id='line_1_49' title="bbox 99 2658 795 2701; baseline 0 -12"><span class='ocrx_word' id='word_1_296' title='bbox 99 2658 180 2690; x_wconf 82' lang='lat' dir='ltr'>dere</span> <span class='ocrx_word' id='word_1_297' title='bbox 189 2660 324 2701; x_wconf 87' lang='lat' dir='ltr'>ubique,</span> <span class='ocrx_word' id='word_1_298' title='bbox 335 2666 373 2691; x_wconf 85' lang='lat' dir='ltr'>ut</span> <span class='ocrx_word' id='word_1_299' title='bbox 389 2667 423 2691; x_wconf 88' lang='lat' dir='ltr'>et</span> <span class='ocrx_word' id='word_1_300' title='bbox 439 2661 473 2691; x_wconf 92' lang='lat' dir='ltr'>in</span> <span class='ocrx_word' id='word_1_301' title='bbox 487 2661 622 2691; x_wconf 84' lang='lat' dir='ltr'>Lucano</span> <span class='ocrx_word' id='word_1_302' title='bbox 642 2660 708 2701; x_wconf 78' lang='lat' dir='ltr'>(iv.</span> <span class='ocrx_word' id='word_1_303' title='bbox 721 2661 795 2689; x_wconf 73' lang='lat'>441.</span> 
     </span>
     <span class='ocr_line' id='line_1_50' title="bbox 102 2709 796 2749; baseline 0.001 -11"><span class='ocrx_word' id='word_1_304' title='bbox 102 2717 181 2741; x_wconf 82' lang='lat' dir='ltr'>vni.</span> <span class='ocrx_word' id='word_1_305' title='bbox 207 2712 237 2741; x_wconf 86' lang='lat'>8.</span> <span class='ocrx_word' id='word_1_306' title='bbox 256 2713 288 2741; x_wconf 84' lang='grc'>9.</span> <span class='ocrx_word' id='word_1_307' title='bbox 312 2713 385 2741; x_wconf 83' lang='grc'>157.</span> <span class='ocrx_word' id='word_1_308' title='bbox 415 2709 507 2749; x_wconf 77' lang='grc' dir='ltr'>3ΐο.)</span> <span class='ocrx_word' id='word_1_309' title='bbox 535 2715 704 2741; x_wconf 83' lang='lat' dir='ltr'>conantur</span> <span class='ocrx_word' id='word_1_310' title='bbox 723 2709 796 2739; x_wconf 77' lang='lat' dir='ltr'>Viri</span> 
     </span>
     <span class='ocr_line' id='line_1_51' title="bbox 105 2758 796 2798; baseline 0.001 -9"><span class='ocrx_word' id='word_1_311' title='bbox 105 2758 240 2798; x_wconf 80' lang='lat' dir='ltr'>quidam</span> <span class='ocrx_word' id='word_1_312' title='bbox 255 2759 360 2791; x_wconf 87' lang='lat' dir='ltr'>docti.</span> <span class='ocrx_word' id='word_1_313' title='bbox 405 2761 530 2792; x_wconf 79' lang='lat' dir='ltr'>Exstat</span> <span class='ocrx_word' id='word_1_314' title='bbox 545 2760 647 2792; x_wconf 83' lang='lat' dir='ltr'>etiam</span> <span class='ocrx_word' id='word_1_315' title='bbox 664 2760 698 2791; x_wconf 87' lang='lat' dir='ltr'>iu</span> <span class='ocrx_word' id='word_1_316' title='bbox 715 2759 796 2791; x_wconf 88' lang='lat' dir='ltr'>auti-</span> 
     </span>
    </p>
   </div>
   <div class='ocr_carea' id='block_1_3' title="bbox 546 197 1307 239">
    <p class='ocr_par' dir='ltr' id='par_1_6' title="bbox 546 197 1307 239">
     <span class='ocr_line' id='line_1_52' title="bbox 546 197 1307 239; baseline 0.004 -3"><span class='ocrx_word' id='word_1_317' title='bbox 546 197 1045 238; x_wconf 50' lang='lat' dir='ltr'>cxr.13.1n3uuLL0</span> <span class='ocrx_word' id='word_1_318' title='bbox 1079 210 1307 239; x_wconf 49' lang='lat' dir='ltr'>GALLuffn</span> 
     </span>
    </p>
   </div>
   <div class='ocr_carea' id='block_1_4' title="bbox 1423 200 1534 242">
    <p class='ocr_par' dir='ltr' id='par_1_7' title="bbox 1423 200 1534 242">
     <span class='ocr_line' id='line_1_53' title="bbox 1423 200 1534 242; baseline 0 -2"><span class='ocrx_word' id='word_1_319' title='bbox 1423 200 1534 242; x_wconf 72' lang='lat'>1149</span> 
     </span>
    </p>
   </div>
   <div class='ocr_carea' id='block_1_5' title="bbox 834 303 1546 2800">
    <p class='ocr_par' dir='ltr' id='par_1_8' title="bbox 834 303 1540 1085">
     <span class='ocr_line' id='line_1_54' title="bbox 836 303 1533 342; baseline 0.003 -11"><span class='ocrx_word' id='word_1_320' title='bbox 836 312 900 342; x_wconf 84' lang='lat' dir='ltr'>quo</span> <span class='ocrx_word' id='word_1_321' title='bbox 928 303 1020 335; x_wconf 62' lang='lat' dir='ltr'>Msto</span> <span class='ocrx_word' id='word_1_322' title='bbox 1046 308 1191 335; x_wconf 61' lang='lat' dir='ltr'>vnn-55.</span> <span class='ocrx_word' id='word_1_323' title='bbox 1217 305 1225 321; x_wconf 89' lang='lat'>‘</span> <span class='ocrx_word' id='word_1_324' title='bbox 1246 303 1346 335; x_wconf 84' lang='lat' dir='ltr'>Nullo</span> <span class='ocrx_word' id='word_1_325' title='bbox 1367 308 1444 333; x_wconf 83' lang='lat' dir='ltr'>erat</span> <span class='ocrx_word' id='word_1_326' title='bbox 1472 304 1533 334; x_wconf 80' lang='lat' dir='ltr'>‹ln-</span> 
     </span>
     <span class='ocr_line' id='line_1_55' title="bbox 837 351 1534 395; baseline 0.003 -15"><span class='ocrx_word' id='word_1_327' title='bbox 837 351 950 382; x_wconf 87' lang='lat' dir='ltr'>bium.&#39;</span> <span class='ocrx_word' id='word_1_328' title='bbox 996 355 1038 384; x_wconf 67' lang='lat'>131</span> <span class='ocrx_word' id='word_1_329' title='bbox 1058 355 1089 384; x_wconf 90' lang='lat' dir='ltr'>in</span> <span class='ocrx_word' id='word_1_330' title='bbox 1109 355 1293 395; x_wconf 77' lang='lat' dir='ltr'>plerisque,</span> <span class='ocrx_word' id='word_1_331' title='bbox 1321 354 1421 384; x_wconf 88' lang='lat' dir='ltr'>immo</span> <span class='ocrx_word' id='word_1_332' title='bbox 1445 354 1534 383; x_wconf 81' lang='lat' dir='ltr'>Edd.</span> 
     </span>
     <span class='ocr_line' id='line_1_56' title="bbox 835 404 1536 441; baseline 0.001 -8"><span class='ocrx_word' id='word_1_333' title='bbox 835 404 980 441; x_wconf 68' lang='lat' dir='ltr'>vulgatis</span> <span class='ocrx_word' id='word_1_334' title='bbox 1012 405 1052 435; x_wconf 85' lang='lat' dir='ltr'>B.</span> <span class='ocrx_word' id='word_1_335' title='bbox 1084 405 1154 435; x_wconf 73' lang='lat' dir='ltr'>(iv.</span> <span class='ocrx_word' id='word_1_336' title='bbox 1183 414 1225 435; x_wconf 91' lang='grc' dir='ltr'>ιι.</span> <span class='ocrx_word' id='word_1_337' title='bbox 1252 407 1307 435; x_wconf 68' lang='grc'>7.6</span> <span class='ocrx_word' id='word_1_338' title='bbox 1328 404 1430 435; x_wconf 81' lang='lat' dir='ltr'>Nullo</span> <span class='ocrx_word' id='word_1_339' title='bbox 1462 404 1536 434; x_wconf 80' lang='lat' dir='ltr'>usui</span> 
     </span>
     <span class='ocr_line' id='line_1_57' title="bbox 834 450 1535 495; baseline 0.006 -14"><span class='ocrx_word' id='word_1_340' title='bbox 834 450 952 483; x_wconf 72' lang='lat' dir='ltr'>fut-re.⁸</span> <span class='ocrx_word' id='word_1_341' title='bbox 1012 454 1099 484; x_wconf 62' lang='lat' dir='ltr'>Vide</span> <span class='ocrx_word' id='word_1_342' title='bbox 1131 465 1265 495; x_wconf 74' lang='lat' dir='ltr'>quoquc</span> <span class='ocrx_word' id='word_1_343' title='bbox 1297 455 1338 485; x_wconf 88' lang='lat' dir='ltr'>ad</span> <span class='ocrx_word' id='word_1_344' title='bbox 1367 455 1406 486; x_wconf 83' lang='lat' dir='ltr'>B.</span> <span class='ocrx_word' id='word_1_345' title='bbox 1435 454 1535 485; x_wconf 80' lang='lat' dir='ltr'>Alex.</span> 
     </span>
     <span class='ocr_line' id='line_1_58' title="bbox 835 502 1534 535; baseline 0.006 -4"><span class='ocrx_word' id='word_1_346' title='bbox 835 511 864 532; x_wconf 89' lang='lat' dir='ltr'>c.</span> <span class='ocrx_word' id='word_1_347' title='bbox 884 504 932 532; x_wconf 88' lang='lat'>15.</span> <span class='ocrx_word' id='word_1_348' title='bbox 965 502 1030 532; x_wconf 81' lang='lat' dir='ltr'>Adi</span> <span class='ocrx_word' id='word_1_349' title='bbox 1050 503 1192 533; x_wconf 70' lang='lat' dir='ltr'>Pan-enm</span> <span class='ocrx_word' id='word_1_350' title='bbox 1218 505 1258 534; x_wconf 75' lang='lat' dir='ltr'>ad</span> <span class='ocrx_word' id='word_1_351' title='bbox 1279 505 1353 535; x_wconf 76' lang='lat' dir='ltr'>Ter.</span> <span class='ocrx_word' id='word_1_352' title='bbox 1372 504 1460 535; x_wconf 80' lang='lat' dir='ltr'>And.</span> <span class='ocrx_word' id='word_1_353' title='bbox 1477 513 1534 535; x_wconf 78' lang='lat'>11¹.</span> 
     </span>
     <span class='ocr_line' id='line_1_59' title="bbox 834 553 1535 592; baseline 0.006 -11"><span class='ocrx_word' id='word_1_354' title='bbox 834 555 865 581; x_wconf 87' lang='lat'>5.</span> <span class='ocrx_word' id='word_1_355' title='bbox 883 555 915 582; x_wconf 85' lang='lat'>2.</span> <span class='ocrx_word' id='word_1_356' title='bbox 939 558 973 581; x_wconf 85' lang='lat' dir='ltr'>et</span> <span class='ocrx_word' id='word_1_357' title='bbox 999 562 1080 592; x_wconf 79' lang='lat' dir='ltr'>quos</span> <span class='ocrx_word' id='word_1_358' title='bbox 1108 553 1192 583; x_wconf 77' lang='lat' dir='ltr'>citat</span> <span class='ocrx_word' id='word_1_359' title='bbox 1221 555 1272 584; x_wconf 67' lang='grc' dir='ltr'>(ΣΙ.</span> <span class='ocrx_word' id='word_1_360' title='bbox 1302 555 1460 585; x_wconf 81' lang='lat' dir='ltr'>Muuker.</span> <span class='ocrx_word' id='word_1_361' title='bbox 1493 555 1535 585; x_wconf 86' lang='lat' dir='ltr'>ad</span> 
     </span>
     <span class='ocr_line' id='line_1_60' title="bbox 835 602 1536 646; baseline 0.006 -14"><span class='ocrx_word' id='word_1_362' title='bbox 835 602 991 641; x_wconf 78' lang='lat' dir='ltr'>Fulgent.</span> <span class='ocrx_word' id='word_1_363' title='bbox 1015 603 1148 633; x_wconf 88' lang='lat' dir='ltr'>Contin.</span> <span class='ocrx_word' id='word_1_364' title='bbox 1165 614 1197 643; x_wconf 80' lang='lat' dir='ltr'>p.</span> <span class='ocrx_word' id='word_1_365' title='bbox 1222 607 1291 634; x_wconf 78' lang='lat'>139.</span> <span class='ocrx_word' id='word_1_366' title='bbox 1311 606 1398 644; x_wconf 79' lang='lat' dir='ltr'>Lips.</span> <span class='ocrx_word' id='word_1_367' title='bbox 1419 605 1536 646; x_wconf 77' lang='lat' dir='ltr'>Antiq.</span> 
     </span>
     <span class='ocr_line' id='line_1_61' title="bbox 836 654 1536 694; baseline 0.006 -10"><span class='ocrx_word' id='word_1_368' title='bbox 836 654 931 685; x_wconf 86' lang='lat' dir='ltr'>Lect.</span> <span class='ocrx_word' id='word_1_369' title='bbox 964 663 988 684; x_wconf 85' lang='lat'>1.</span> <span class='ocrx_word' id='word_1_370' title='bbox 1019 658 1050 684; x_wconf 83' lang='lat'>5.</span> <span class='ocrx_word' id='word_1_371' title='bbox 1081 654 1203 694; x_wconf 76' lang='lat' dir='ltr'>Scalig.</span> <span class='ocrx_word' id='word_1_372' title='bbox 1235 660 1270 686; x_wconf 89' lang='lat' dir='ltr'>et</span> <span class='ocrx_word' id='word_1_373' title='bbox 1309 657 1456 687; x_wconf 79' lang='lat' dir='ltr'>Broukh.</span> <span class='ocrx_word' id='word_1_374' title='bbox 1494 657 1536 688; x_wconf 85' lang='lat' dir='ltr'>ad</span> 
     </span>
     <span class='ocr_line' id='line_1_62' title="bbox 837 705 1539 747; baseline 0.006 -13"><span class='ocrx_word' id='word_1_375' title='bbox 837 705 939 744; x_wconf 86' lang='lat' dir='ltr'>Prop.</span> <span class='ocrx_word' id='word_1_376' title='bbox 969 707 1128 736; x_wconf 80' lang='lat'>1.20.35.</span> <span class='ocrx_word' id='word_1_377' title='bbox 1168 706 1256 736; x_wconf 86' lang='lat' dir='ltr'>Dein</span> <span class='ocrx_word' id='word_1_378' title='bbox 1294 707 1421 737; x_wconf 78' lang='lat' dir='ltr'>concilio</span> <span class='ocrx_word' id='word_1_379' title='bbox 1452 717 1539 747; x_wconf 72' lang='lat' dir='ltr'>pr‘ae-</span> 
     </span>
     <span class='ocr_line' id='line_1_63' title="bbox 835 754 1537 797; baseline 0.003 -12"><span class='ocrx_word' id='word_1_380' title='bbox 835 754 903 787; x_wconf 84' lang='lat' dir='ltr'>fert</span> <span class='ocrx_word' id='word_1_381' title='bbox 936 755 1090 786; x_wconf 74' lang='lat' dir='ltr'>Leidens.</span> <span class='ocrx_word' id='word_1_382' title='bbox 1124 755 1275 795; x_wconf 84' lang='lat' dir='ltr'>primus;</span> <span class='ocrx_word' id='word_1_383' title='bbox 1301 756 1388 796; x_wconf 82' lang='lat' dir='ltr'>quod</span> <span class='ocrx_word' id='word_1_384' title='bbox 1429 757 1537 797; x_wconf 81' lang='lat' dir='ltr'>recipi</span> 
     </span>
     <span class='ocr_line' id='line_1_64' title="bbox 836 804 1537 845; baseline 0.003 -11"><span class='ocrx_word' id='word_1_385' title='bbox 836 809 962 844; x_wconf 81' lang='lat' dir='ltr'>posset,</span> <span class='ocrx_word' id='word_1_386' title='bbox 980 809 1015 834; x_wconf 90' lang='lat' dir='ltr'>ut</span> <span class='ocrx_word' id='word_1_387' title='bbox 1039 804 1081 835; x_wconf 85' lang='lat' dir='ltr'>dc</span> <span class='ocrx_word' id='word_1_388' title='bbox 1110 804 1182 844; x_wconf 75' lang='lat' dir='ltr'>ipso</span> <span class='ocrx_word' id='word_1_389' title='bbox 1207 809 1376 835; x_wconf 79' lang='lat' dir='ltr'>conventu</span> <span class='ocrx_word' id='word_1_390' title='bbox 1406 807 1537 845; x_wconf 83' lang='lat' dir='ltr'>populi,</span> 
     </span>
     <span class='ocr_line' id='line_1_65' title="bbox 836 854 1537 895; baseline 0.001 -11"><span class='ocrx_word' id='word_1_391' title='bbox 836 864 901 885; x_wconf 89' lang='lat' dir='ltr'>non</span> <span class='ocrx_word' id='word_1_392' title='bbox 949 854 990 884; x_wconf 83' lang='lat' dir='ltr'>de</span> <span class='ocrx_word' id='word_1_393' title='bbox 1040 854 1288 885; x_wconf 76' lang='lat' dir='ltr'>consultatione</span> <span class='ocrx_word' id='word_1_394' title='bbox 1335 855 1537 895; x_wconf 80' lang='lat' dir='ltr'>accipiatur.</span> 
     </span>
     <span class='ocr_line' id='line_1_66' title="bbox 837 903 1538 944; baseline 0 -9"><span class='ocrx_word' id='word_1_395' title='bbox 837 905 998 936; x_wconf 78' lang='lat' dir='ltr'>Quamvis</span> <span class='ocrx_word' id='word_1_396' title='bbox 1015 903 1227 944; x_wconf 73' lang='lat' dir='ltr'>frequentem</span> <span class='ocrx_word' id='word_1_397' title='bbox 1241 904 1446 935; x_wconf 86' lang='lat' dir='ltr'>locutionem</span> <span class='ocrx_word' id='word_1_398' title='bbox 1464 913 1538 936; x_wconf 85' lang='lat' dir='ltr'>esse</span> 
     </span>
     <span class='ocr_line' id='line_1_67' title="bbox 837 953 1538 993; baseline 0.001 -10"><span class='ocrx_word' id='word_1_399' title='bbox 837 955 845 970; x_wconf 89' lang='lat'>‘</span> <span class='ocrx_word' id='word_1_400' title='bbox 864 953 1024 983; x_wconf 79' lang='lat' dir='ltr'>adhibere</span> <span class='ocrx_word' id='word_1_401' title='bbox 1038 953 1183 993; x_wconf 80' lang='lat' dir='ltr'>aliquem</span> <span class='ocrx_word' id='word_1_402' title='bbox 1200 953 1363 993; x_wconf 83' lang='lat' dir='ltr'>consilio‚&#39;</span> <span class='ocrx_word' id='word_1_403' title='bbox 1377 962 1441 984; x_wconf 90' lang='lat' dir='ltr'>nou</span> <span class='ocrx_word' id='word_1_404' title='bbox 1465 963 1538 985; x_wconf 89' lang='lat' dir='ltr'>sum</span> 
     </span>
     <span class='ocr_line' id='line_1_68' title="bbox 838 1003 1540 1045; baseline 0 -11"><span class='ocrx_word' id='word_1_405' title='bbox 838 1004 969 1034; x_wconf 72' lang='lat' dir='ltr'>nescius</span> <span class='ocrx_word' id='word_1_406' title='bbox 984 1015 991 1034; x_wconf 92' lang='lat'><strong>:</strong></span> <span class='ocrx_word' id='word_1_407' title='bbox 1016 1004 1048 1033; x_wconf 82' lang='grc' dir='ltr'>ἐν</span> <span class='ocrx_word' id='word_1_408' title='bbox 1063 1003 1185 1044; x_wconf 74' lang='grc' dir='ltr'>οὐδεμίᾳ</span> <span class='ocrx_word' id='word_1_409' title='bbox 1200 1005 1423 1043; x_wconf 82' lang='grc' dir='ltr'>παρακαλεῖται</span> <span class='ocrx_word' id='word_1_410' title='bbox 1440 1006 1540 1045; x_wconf 83' lang='grc' dir='ltr'>βουλῇ</span> 
     </span>
     <span class='ocr_line' id='line_1_69' title="bbox 838 1055 950 1085; baseline 0.009 -1"><span class='ocrx_word' id='word_1_411' title='bbox 838 1055 950 1085; x_wconf 67' lang='grc' dir='ltr'>(ἶνῑνυ.</span> 
     </span>
    </p>

    <p class='ocr_par' dir='ltr' id='par_1_9' title="bbox 837 1103 1546 2800">
     <span class='ocr_line' id='line_1_70' title="bbox 879 1103 1539 1143; baseline 0 -9"><span class='ocrx_word' id='word_1_412' title='bbox 879 1107 898 1134; x_wconf 84' lang='grc'>8</span> <span class='ocrx_word' id='word_1_413' title='bbox 924 1105 1063 1135; x_wconf 73' lang='lat' dir='ltr'>Alterum</span> <span class='ocrx_word' id='word_1_414' title='bbox 1086 1107 1130 1134; x_wconf 71' lang='lat' dir='ltr'>est</span> <span class='ocrx_word' id='word_1_415' title='bbox 1157 1103 1331 1143; x_wconf 81' lang='lat' dir='ltr'>Druidum]</span> <span class='ocrx_word' id='word_1_416' title='bbox 1344 1104 1434 1134; x_wconf 40' lang='lat' dir='ltr'>*Non</span> <span class='ocrx_word' id='word_1_417' title='bbox 1453 1103 1539 1134; x_wconf 87' lang='lat' dir='ltr'>arbi-</span> 
     </span>
     <span class='ocr_line' id='line_1_71' title="bbox 837 1153 1539 1191; baseline 0.001 -7"><span class='ocrx_word' id='word_1_418' title='bbox 837 1160 909 1185; x_wconf 88' lang='lat' dir='ltr'>tror</span> <span class='ocrx_word' id='word_1_419' title='bbox 946 1155 1123 1185; x_wconf 65' lang='lat' dir='ltr'>absurdius</span> <span class='ocrx_word' id='word_1_420' title='bbox 1171 1153 1258 1191; x_wconf 85' lang='lat' dir='ltr'>fore,</span> <span class='ocrx_word' id='word_1_421' title='bbox 1292 1155 1318 1184; x_wconf 89' lang='lat' dir='ltr'>si</span> <span class='ocrx_word' id='word_1_422' title='bbox 1369 1154 1539 1185; x_wconf 87' lang='lat' dir='ltr'>Druidum</span> 
     </span>
     <span class='ocr_line' id='line_1_72' title="bbox 837 1203 1540 1245; baseline 0.001 -11"><span class='ocrx_word' id='word_1_423' title='bbox 837 1213 958 1234; x_wconf 88' lang='lat' dir='ltr'>nomen</span> <span class='ocrx_word' id='word_1_424' title='bbox 984 1204 1150 1235; x_wconf 90' lang='lat' dir='ltr'>deducam</span> <span class='ocrx_word' id='word_1_425' title='bbox 1175 1203 1217 1234; x_wconf 92' lang='lat' dir='ltr'>ab</span> <span class='ocrx_word' id='word_1_426' title='bbox 1243 1203 1412 1243; x_wconf 77' lang='lat' dir='ltr'>Hebraeis,</span> <span class='ocrx_word' id='word_1_427' title='bbox 1438 1214 1540 1245; x_wconf 87' lang='lat' dir='ltr'>quam</span> 
     </span>
     <span class='ocr_line' id='line_1_73' title="bbox 837 1254 1540 1295; baseline 0.003 -10"><span class='ocrx_word' id='word_1_428' title='bbox 837 1264 913 1285; x_wconf 89' lang='lat' dir='ltr'>cum</span> <span class='ocrx_word' id='word_1_429' title='bbox 932 1255 1093 1286; x_wconf 84' lang='lat' dir='ltr'>Romanis</span> <span class='ocrx_word' id='word_1_430' title='bbox 1104 1264 1123 1285; x_wconf 94' lang='lat' dir='ltr'>a</span> <span class='ocrx_word' id='word_1_431' title='bbox 1136 1255 1260 1286; x_wconf 84' lang='lat' dir='ltr'>Graeco</span> <span class='ocrx_word' id='word_1_432' title='bbox 1274 1255 1342 1295; x_wconf 82' lang='grc' dir='ltr'><strong>δρῦς</strong></span> <span class='ocrx_word' id='word_1_433' title='bbox 1358 1254 1540 1287; x_wconf 87' lang='lat' dir='ltr'>deducere.</span> 
     </span>
     <span class='ocr_line' id='line_1_74' title="bbox 839 1304 1540 1345; baseline 0.001 -10"><span class='ocrx_word' id='word_1_434' title='bbox 839 1305 926 1335; x_wconf 85' lang='lat' dir='ltr'>Nam</span> <span class='ocrx_word' id='word_1_435' title='bbox 945 1305 1056 1345; x_wconf 87' lang='lat' dir='ltr'>potuit</span> <span class='ocrx_word' id='word_1_436' title='bbox 1073 1305 1104 1336; x_wconf 93' lang='lat' dir='ltr'>id</span> <span class='ocrx_word' id='word_1_437' title='bbox 1123 1314 1242 1335; x_wconf 88' lang='lat' dir='ltr'>nomeu</span> <span class='ocrx_word' id='word_1_438' title='bbox 1260 1304 1466 1335; x_wconf 84' lang='lat' dir='ltr'>mansisseex</span> <span class='ocrx_word' id='word_1_439' title='bbox 1486 1315 1540 1336; x_wconf 85' lang='lat' dir='ltr'>ve-</span> 
     </span>
     <span class='ocr_line' id='line_1_75' title="bbox 838 1354 1539 1395; baseline 0.003 -11"><span class='ocrx_word' id='word_1_440' title='bbox 838 1354 969 1384; x_wconf 86' lang='lat' dir='ltr'>teribus</span> <span class='ocrx_word' id='word_1_441' title='bbox 984 1355 1134 1395; x_wconf 90' lang='lat' dir='ltr'>reliquiis</span> <span class='ocrx_word' id='word_1_442' title='bbox 1150 1355 1267 1394; x_wconf 63' lang='lat' dir='ltr'>primae</span> <span class='ocrx_word' id='word_1_443' title='bbox 1282 1355 1416 1395; x_wconf 78' lang='lat' dir='ltr'>linguae.</span> <span class='ocrx_word' id='word_1_444' title='bbox 1451 1355 1539 1386; x_wconf 89' lang='lat' dir='ltr'>Sane</span> 
     </span>
     <span class='ocr_line' id='line_1_76' title="bbox 840 1405 1540 1446; baseline 0.003 -12"><span class='ocrx_word' id='word_1_445' title='bbox 840 1405 989 1435; x_wconf 86' lang='lat' dir='ltr'>Druidas</span> <span class='ocrx_word' id='word_1_446' title='bbox 1006 1405 1256 1446; x_wconf 75' lang='lat' dir='ltr'>antiquissimos</span> <span class='ocrx_word' id='word_1_447' title='bbox 1278 1414 1352 1436; x_wconf 86' lang='lat' dir='ltr'>esse</span> <span class='ocrx_word' id='word_1_448' title='bbox 1376 1406 1429 1436; x_wconf 83' lang='lat' dir='ltr'>vel</span> <span class='ocrx_word' id='word_1_449' title='bbox 1457 1406 1540 1436; x_wconf 87' lang='lat' dir='ltr'>illud</span> 
     </span>
     <span class='ocr_line' id='line_1_77' title="bbox 838 1454 1540 1495; baseline 0.001 -10"><span class='ocrx_word' id='word_1_450' title='bbox 838 1455 921 1486; x_wconf 83' lang='lat' dir='ltr'>satis</span> <span class='ocrx_word' id='word_1_451' title='bbox 940 1454 1112 1492; x_wconf 79' lang='lat' dir='ltr'>ostendat,</span> <span class='ocrx_word' id='word_1_452' title='bbox 1129 1454 1217 1495; x_wconf 87' lang='lat' dir='ltr'>quod</span> <span class='ocrx_word' id='word_1_453' title='bbox 1235 1455 1345 1485; x_wconf 85' lang='lat' dir='ltr'>nullus</span> <span class='ocrx_word' id='word_1_454' title='bbox 1362 1460 1540 1486; x_wconf 88' lang='lat' dir='ltr'>auctorum</span> 
     </span>
     <span class='ocr_line' id='line_1_78' title="bbox 839 1504 1540 1545; baseline 0.003 -11"><span class='ocrx_word' id='word_1_455' title='bbox 839 1504 964 1544; x_wconf 85' lang='lat' dir='ltr'>prodit,</span> <span class='ocrx_word' id='word_1_456' title='bbox 981 1505 1115 1545; x_wconf 77' lang='lat' dir='ltr'>quaudo</span> <span class='ocrx_word' id='word_1_457' title='bbox 1132 1505 1308 1545; x_wconf 86' lang='lat' dir='ltr'>coeperint.</span> <span class='ocrx_word' id='word_1_458' title='bbox 1353 1504 1465 1545; x_wconf 81' lang='lat' dir='ltr'>Igitur</span> <span class='ocrx_word' id='word_1_459' title='bbox 1481 1505 1540 1537; x_wconf 88' lang='lat' dir='ltr'>de-</span> 
     </span>
     <span class='ocr_line' id='line_1_79' title="bbox 839 1554 1539 1595; baseline 0.001 -11"><span class='ocrx_word' id='word_1_460' title='bbox 839 1554 984 1585; x_wconf 80' lang='lat' dir='ltr'>rivarem</span> <span class='ocrx_word' id='word_1_461' title='bbox 1019 1555 1100 1584; x_wconf 90' lang='lat' dir='ltr'>illud</span> <span class='ocrx_word' id='word_1_462' title='bbox 1146 1554 1346 1585; x_wconf 83' lang='lat' dir='ltr'>vocabulum</span> <span class='ocrx_word' id='word_1_463' title='bbox 1386 1564 1405 1584; x_wconf 91' lang='lat' dir='ltr'>a</span> <span class='ocrx_word' id='word_1_464' title='bbox 1442 1559 1539 1595; x_wconf 63' lang='grc' dir='ltr'>ΨἾἾ</span> 
     </span>
     <span class='ocr_line' id='line_1_80' title="bbox 839 1605 1542 1646; baseline -0.001 -10"><span class='ocrx_word' id='word_1_465' title='bbox 839 1606 931 1636; x_wconf 80' lang='lat' dir='ltr'>daras</span> <span class='ocrx_word' id='word_1_466' title='bbox 962 1605 1051 1646; x_wconf 82' lang='lat' dir='ltr'>quod</span> <span class='ocrx_word' id='word_1_467' title='bbox 1082 1610 1134 1636; x_wconf 89' lang='lat' dir='ltr'>est</span> <span class='ocrx_word' id='word_1_468' title='bbox 1165 1606 1339 1645; x_wconf 69' lang='lat' dir='ltr'>exquirere,</span> <span class='ocrx_word' id='word_1_469' title='bbox 1376 1606 1542 1645; x_wconf 76' lang='lat' dir='ltr'>sciscitari,</span> 
     </span>
     <span class='ocr_line' id='line_1_81' title="bbox 840 1655 1542 1696; baseline 0 -10"><span class='ocrx_word' id='word_1_470' title='bbox 840 1656 1003 1686; x_wconf 82' lang='lat' dir='ltr'>consulere.</span> <span class='ocrx_word' id='word_1_471' title='bbox 1059 1655 1158 1686; x_wconf 84' lang='lat' dir='ltr'>Unde</span> <span class='ocrx_word' id='word_1_472' title='bbox 1193 1659 1305 1696; x_wconf 64' lang='grc' dir='ltr'>ΨἹἾἾ</span> <span class='ocrx_word' id='word_1_473' title='bbox 1339 1657 1451 1686; x_wconf 76' lang='lat' dir='ltr'>damus</span> <span class='ocrx_word' id='word_1_474' title='bbox 1488 1661 1542 1686; x_wconf 82' lang='lat' dir='ltr'>est</span> 
     </span>
     <span class='ocr_line' id='line_1_82' title="bbox 840 1706 1543 1746; baseline 0.001 -11"><span class='ocrx_word' id='word_1_475' title='bbox 840 1706 909 1744; x_wconf 69' lang='lat' dir='ltr'>ille,</span> <span class='ocrx_word' id='word_1_476' title='bbox 947 1706 1004 1746; x_wconf 86' lang='lat' dir='ltr'>qui</span> <span class='ocrx_word' id='word_1_477' title='bbox 1040 1707 1226 1736; x_wconf 68' lang='lat' dir='ltr'>consulitur.-</span> <span class='ocrx_word' id='word_1_478' title='bbox 1272 1714 1352 1736; x_wconf 85' lang='lat' dir='ltr'>sane</span> <span class='ocrx_word' id='word_1_479' title='bbox 1385 1706 1543 1746; x_wconf 76' lang='lat' dir='ltr'>congruit</span> 
     </span>
     <span class='ocr_line' id='line_1_83' title="bbox 840 1756 1542 1796; baseline 0 -10"><span class='ocrx_word' id='word_1_480' title='bbox 840 1756 912 1786; x_wconf 77' lang='lat' dir='ltr'>haec</span> <span class='ocrx_word' id='word_1_481' title='bbox 929 1766 993 1786; x_wconf 80' lang='lat' dir='ltr'>vox</span> <span class='ocrx_word' id='word_1_482' title='bbox 1010 1756 1133 1786; x_wconf 90' lang='lat' dir='ltr'>nomini</span> <span class='ocrx_word' id='word_1_483' title='bbox 1151 1757 1260 1786; x_wconf 75' lang='lat' dir='ltr'>Druis.</span> <span class='ocrx_word' id='word_1_484' title='bbox 1307 1757 1351 1787; x_wconf 86' lang='lat' dir='ltr'>Et</span> <span class='ocrx_word' id='word_1_485' title='bbox 1377 1757 1424 1788; x_wconf 85' lang='lat' dir='ltr'>sic</span> <span class='ocrx_word' id='word_1_486' title='bbox 1450 1756 1542 1796; x_wconf 87' lang='lat' dir='ltr'>apel-</span> 
     </span>
     <span class='ocr_line' id='line_1_84' title="bbox 841 1805 1543 1846; baseline 0.001 -11"><span class='ocrx_word' id='word_1_487' title='bbox 841 1806 901 1835; x_wconf 89' lang='lat' dir='ltr'>lati</span> <span class='ocrx_word' id='word_1_488' title='bbox 938 1805 1077 1844; x_wconf 82' lang='lat' dir='ltr'>fuerint,</span> <span class='ocrx_word' id='word_1_489' title='bbox 1116 1811 1274 1845; x_wconf 87' lang='lat' dir='ltr'>tanquam</span> <span class='ocrx_word' id='word_1_490' title='bbox 1313 1806 1368 1846; x_wconf 90' lang='lat' dir='ltr'>qui</span> <span class='ocrx_word' id='word_1_491' title='bbox 1406 1806 1543 1836; x_wconf 81' lang='lat' dir='ltr'>oracula</span> 
     </span>
     <span class='ocr_line' id='line_1_85' title="bbox 842 1855 1542 1898; baseline 0.003 -13"><span class='ocrx_word' id='word_1_492' title='bbox 842 1855 1052 1887; x_wconf 86' lang='lat' dir='ltr'>reddebant:</span> <span class='ocrx_word' id='word_1_493' title='bbox 1082 1856 1157 1886; x_wconf 86' lang='lat' dir='ltr'>hinc</span> <span class='ocrx_word' id='word_1_494' title='bbox 1186 1865 1264 1886; x_wconf 89' lang='lat' dir='ltr'>saue</span> <span class='ocrx_word' id='word_1_495' title='bbox 1289 1861 1436 1898; x_wconf 56' lang='lat' dir='ltr'>&amp;ty-1³17</span> <span class='ocrx_word' id='word_1_496' title='bbox 1469 1859 1542 1888; x_wconf 82' lang='lat' dir='ltr'>dou-</span> 
     </span>
     <span class='ocr_line' id='line_1_86' title="bbox 840 1906 1540 1946; baseline 0.003 -11"><span class='ocrx_word' id='word_1_497' title='bbox 840 1913 912 1936; x_wconf 78' lang='lat' dir='ltr'>rasa</span> <span class='ocrx_word' id='word_1_498' title='bbox 935 1906 1103 1937; x_wconf 70' lang='lat' dir='ltr'>Chaldaeis</span> <span class='ocrx_word' id='word_1_499' title='bbox 1120 1916 1254 1946; x_wconf 87' lang='lat' dir='ltr'>quoque</span> <span class='ocrx_word' id='word_1_500' title='bbox 1271 1913 1323 1937; x_wconf 85' lang='lat' dir='ltr'>est</span> <span class='ocrx_word' id='word_1_501' title='bbox 1337 1907 1540 1945; x_wconf 72' lang='lat' dir='ltr'>concionator,</span> 
     </span>
     <span class='ocr_line' id='line_1_87' title="bbox 838 1957 1544 1997; baseline 0.004 -11"><span class='ocrx_word' id='word_1_502' title='bbox 838 1957 1034 1997; x_wconf 78' lang='lat' dir='ltr'>praedicator.</span> <span class='ocrx_word' id='word_1_503' title='bbox 1078 1957 1145 1988; x_wconf 90' lang='lat' dir='ltr'>Sed</span> <span class='ocrx_word' id='word_1_504' title='bbox 1161 1957 1234 1987; x_wconf 80' lang='lat' dir='ltr'>haec</span> <span class='ocrx_word' id='word_1_505' title='bbox 1251 1962 1288 1987; x_wconf 93' lang='lat' dir='ltr'>ut</span> <span class='ocrx_word' id='word_1_506' title='bbox 1312 1958 1443 1988; x_wconf 85' lang='lat' dir='ltr'>incerta</span> <span class='ocrx_word' id='word_1_507' title='bbox 1467 1958 1544 1989; x_wconf 90' lang='lat' dir='ltr'>mit-</span> 
     </span>
     <span class='ocr_line' id='line_1_88' title="bbox 842 2007 1544 2038; baseline 0.003 -2"><span class='ocrx_word' id='word_1_508' title='bbox 842 2011 887 2037; x_wconf 84' lang='lat' dir='ltr'>to.</span> <span class='ocrx_word' id='word_1_509' title='bbox 927 2007 1057 2037; x_wconf 68' lang='lat' dir='ltr'>Vossius.</span> <span class='ocrx_word' id='word_1_510' title='bbox 1103 2007 1194 2037; x_wconf 82' lang='lat' dir='ltr'>Elias</span> <span class='ocrx_word' id='word_1_511' title='bbox 1221 2007 1384 2037; x_wconf 84' lang='lat' dir='ltr'>Schedius</span> <span class='ocrx_word' id='word_1_512' title='bbox 1409 2007 1451 2038; x_wconf 89' lang='lat' dir='ltr'>de</span> <span class='ocrx_word' id='word_1_513' title='bbox 1468 2008 1544 2038; x_wconf 85' lang='lat' dir='ltr'>Diis</span> 
     </span>
     <span class='ocr_line' id='line_1_89' title="bbox 841 2056 1546 2098; baseline 0.001 -11"><span class='ocrx_word' id='word_1_514' title='bbox 841 2056 959 2087; x_wconf 87' lang='lat' dir='ltr'>Germ.</span> <span class='ocrx_word' id='word_1_515' title='bbox 977 2058 1097 2097; x_wconf 77' lang='lat' dir='ltr'>Syngr.</span> <span class='ocrx_word' id='word_1_516' title='bbox 1126 2066 1166 2087; x_wconf 85' lang='lat'>11.</span> <span class='ocrx_word' id='word_1_517' title='bbox 1192 2059 1223 2087; x_wconf 77' lang='lat'>3.</span> <span class='ocrx_word' id='word_1_518' title='bbox 1249 2062 1284 2087; x_wconf 88' lang='lat' dir='ltr'>et</span> <span class='ocrx_word' id='word_1_519' title='bbox 1308 2057 1445 2088; x_wconf 80' lang='lat' dir='ltr'>Vossius</span> <span class='ocrx_word' id='word_1_520' title='bbox 1462 2058 1546 2098; x_wconf 74' lang='lat' dir='ltr'>Ety-</span> 
     </span>
     <span class='ocr_line' id='line_1_90' title="bbox 841 2106 1544 2144; baseline 0.003 -8"><span class='ocrx_word' id='word_1_521' title='bbox 841 2107 1020 2144; x_wconf 66' lang='lat' dir='ltr'>mologiam</span> <span class='ocrx_word' id='word_1_522' title='bbox 1035 2106 1203 2137; x_wconf 81' lang='lat' dir='ltr'>Druidum</span> <span class='ocrx_word' id='word_1_523' title='bbox 1214 2117 1233 2137; x_wconf 83' lang='lat' dir='ltr'>a</span> <span class='ocrx_word' id='word_1_524' title='bbox 1247 2107 1352 2138; x_wconf 86' lang='lat' dir='ltr'>verbo</span> <span class='ocrx_word' id='word_1_525' title='bbox 1370 2107 1544 2139; x_wconf 81' lang='lat' dir='ltr'>Hebraico</span> 
     </span>
     <span class='ocr_line' id='line_1_91' title="bbox 841 2157 1544 2198; baseline 0 -10"><span class='ocrx_word' id='word_1_526' title='bbox 841 2161 938 2198; x_wconf 65' lang='grc' dir='ltr'>ΨἾἾ</span> <span class='ocrx_word' id='word_1_527' title='bbox 962 2157 1144 2197; x_wconf 84' lang='lat' dir='ltr'>petendam</span> <span class='ocrx_word' id='word_1_528' title='bbox 1179 2157 1430 2188; x_wconf 75' lang='lat' dir='ltr'>existimarunt.</span> <span class='ocrx_word' id='word_1_529' title='bbox 1476 2158 1544 2188; x_wconf 87' lang='lat' dir='ltr'>Sed</span> 
     </span>
     <span class='ocr_line' id='line_1_92' title="bbox 842 2207 1545 2247; baseline -0.001 -8"><span class='ocrx_word' id='word_1_530' title='bbox 842 2208 1021 2239; x_wconf 85' lang='lat' dir='ltr'>admodum</span> <span class='ocrx_word' id='word_1_531' title='bbox 1059 2207 1097 2238; x_wconf 84' lang='lat' dir='ltr'>fit</span> <span class='ocrx_word' id='word_1_532' title='bbox 1135 2207 1330 2247; x_wconf 73' lang='lat' dir='ltr'>verisimile,</span> <span class='ocrx_word' id='word_1_533' title='bbox 1365 2218 1487 2239; x_wconf 81' lang='lat' dir='ltr'>nomen</span> <span class='ocrx_word' id='word_1_534' title='bbox 1526 2218 1545 2238; x_wconf 91' lang='lat' dir='ltr'>a</span> 
     </span>
     <span class='ocr_line' id='line_1_93' title="bbox 842 2257 1542 2289; baseline -0.001 0"><span class='ocrx_word' id='word_1_535' title='bbox 842 2268 925 2289; x_wconf 82' lang='lat' dir='ltr'>voce</span> <span class='ocrx_word' id='word_1_536' title='bbox 944 2258 1076 2289; x_wconf 77' lang='lat' dir='ltr'>Celtica</span> <span class='ocrx_word' id='word_1_537' title='bbox 1092 2258 1180 2289; x_wconf 72' lang='lat' dir='ltr'>Deru</span> <span class='ocrx_word' id='word_1_538' title='bbox 1199 2266 1273 2288; x_wconf 71' lang='lat' dir='ltr'>esse</span> <span class='ocrx_word' id='word_1_539' title='bbox 1285 2257 1542 2289; x_wconf 73' lang='lat' dir='ltr'>deducendum:</span> 
     </span>
     <span class='ocr_line' id='line_1_94' title="bbox 843 2307 1545 2348; baseline 0.001 -11"><span class='ocrx_word' id='word_1_540' title='bbox 843 2308 914 2339; x_wconf 76' lang='lat' dir='ltr'>liaec</span> <span class='ocrx_word' id='word_1_541' title='bbox 931 2309 1018 2338; x_wconf 88' lang='lat' dir='ltr'>euim</span> <span class='ocrx_word' id='word_1_542' title='bbox 1034 2318 1176 2348; x_wconf 67' lang='lat' dir='ltr'>quercum</span> <span class='ocrx_word' id='word_1_543' title='bbox 1193 2307 1373 2347; x_wconf 82' lang='lat' dir='ltr'>significat,</span> <span class='ocrx_word' id='word_1_544' title='bbox 1402 2309 1457 2339; x_wconf 91' lang='lat' dir='ltr'>cui</span> <span class='ocrx_word' id='word_1_545' title='bbox 1474 2307 1545 2338; x_wconf 88' lang='lat' dir='ltr'>affi-</span> 
     </span>
     <span class='ocr_line' id='line_1_95' title="bbox 843 2357 1544 2397; baseline 0 -9"><span class='ocrx_word' id='word_1_546' title='bbox 843 2359 893 2389; x_wconf 89' lang='lat' dir='ltr'>nis</span> <span class='ocrx_word' id='word_1_547' title='bbox 925 2364 976 2389; x_wconf 76' lang='lat' dir='ltr'>est</span> <span class='ocrx_word' id='word_1_548' title='bbox 1006 2359 1130 2390; x_wconf 76' lang='lat' dir='ltr'>Graeca</span> <span class='ocrx_word' id='word_1_549' title='bbox 1155 2357 1235 2397; x_wconf 76' lang='grc' dir='ltr'><em>δρῦς,</em></span> <span class='ocrx_word' id='word_1_550' title='bbox 1262 2367 1281 2387; x_wconf 88' lang='lat' dir='ltr'>a</span> <span class='ocrx_word' id='word_1_551' title='bbox 1307 2358 1475 2388; x_wconf 83' lang='lat' dir='ltr'>nonnullis</span> <span class='ocrx_word' id='word_1_552' title='bbox 1501 2358 1544 2388; x_wconf 90' lang='lat' dir='ltr'>ob</span> 
     </span>
     <span class='ocr_line' id='line_1_96' title="bbox 843 2408 1545 2448; baseline 0 -10"><span class='ocrx_word' id='word_1_553' title='bbox 843 2410 913 2439; x_wconf 84' lang='lat' dir='ltr'>soni</span> <span class='ocrx_word' id='word_1_554' title='bbox 940 2408 1193 2439; x_wconf 82' lang='lat' dir='ltr'>similitudinem</span> <span class='ocrx_word' id='word_1_555' title='bbox 1223 2417 1285 2448; x_wconf 87' lang='lat' dir='ltr'>pro</span> <span class='ocrx_word' id='word_1_556' title='bbox 1310 2409 1468 2439; x_wconf 78' lang='lat' dir='ltr'>Druidum</span> <span class='ocrx_word' id='word_1_557' title='bbox 1493 2418 1545 2438; x_wconf 85' lang='lat' dir='ltr'>ra-</span> 
     </span>
     <span class='ocr_line' id='line_1_97' title="bbox 844 2457 1543 2490; baseline -0.001 -2"><span class='ocrx_word' id='word_1_558' title='bbox 844 2458 919 2490; x_wconf 87' lang='lat' dir='ltr'>dice</span> <span class='ocrx_word' id='word_1_559' title='bbox 948 2458 1074 2490; x_wconf 76' lang='lat' dir='ltr'>habita.</span> <span class='ocrx_word' id='word_1_560' title='bbox 1133 2458 1210 2488; x_wconf 88' lang='lat' dir='ltr'>Hoc</span> <span class='ocrx_word' id='word_1_561' title='bbox 1248 2457 1475 2488; x_wconf 77' lang='lat' dir='ltr'>veriverbium</span> <span class='ocrx_word' id='word_1_562' title='bbox 1501 2467 1543 2487; x_wconf 77' lang='lat' dir='ltr'>cx</span> 
     </span>
     <span class='ocr_line' id='line_1_98' title="bbox 844 2506 1544 2548; baseline -0.003 -10"><span class='ocrx_word' id='word_1_563' title='bbox 844 2517 883 2538; x_wconf 88' lang='lat' dir='ltr'>eo</span> <span class='ocrx_word' id='word_1_564' title='bbox 911 2507 1075 2544; x_wconf 83' lang='lat' dir='ltr'>firmatur,</span> <span class='ocrx_word' id='word_1_565' title='bbox 1105 2507 1195 2548; x_wconf 85' lang='lat' dir='ltr'>quod</span> <span class='ocrx_word' id='word_1_566' title='bbox 1231 2506 1352 2537; x_wconf 89' lang='lat' dir='ltr'>robora</span> <span class='ocrx_word' id='word_1_567' title='bbox 1382 2506 1544 2547; x_wconf 81' lang='lat' dir='ltr'>singulari</span> 
     </span>
     <span class='ocr_line' id='line_1_99' title="bbox 844 2557 1544 2597; baseline -0.003 -10"><span class='ocrx_word' id='word_1_568' title='bbox 844 2558 1061 2588; x_wconf 77' lang='lat' dir='ltr'>veneratione</span> <span class='ocrx_word' id='word_1_569' title='bbox 1085 2558 1153 2588; x_wconf 82' lang='lat' dir='ltr'>siut</span> <span class='ocrx_word' id='word_1_570' title='bbox 1183 2557 1367 2597; x_wconf 82' lang='lat' dir='ltr'>prosecuti.</span> <span class='ocrx_word' id='word_1_571' title='bbox 1414 2557 1544 2586; x_wconf 83' lang='lat' dir='ltr'>Plinius</span> 
     </span>
     <span class='ocr_line' id='line_1_100' title="bbox 847 2606 1544 2639; baseline -0.004 -1"><span class='ocrx_word' id='word_1_572' title='bbox 847 2607 891 2638; x_wconf 88' lang='lat' dir='ltr'>H.</span> <span class='ocrx_word' id='word_1_573' title='bbox 910 2609 954 2639; x_wconf 85' lang='lat' dir='ltr'>N.</span> <span class='ocrx_word' id='word_1_574' title='bbox 972 2617 1046 2639; x_wconf 76' lang='lat' dir='ltr'>xvx.</span> <span class='ocrx_word' id='word_1_575' title='bbox 1063 2611 1116 2639; x_wconf 72' lang='lat'>41.</span> <span class='ocrx_word' id='word_1_576' title='bbox 1140 2610 1149 2625; x_wconf 88' lang='lat'>‘</span> <span class='ocrx_word' id='word_1_577' title='bbox 1168 2608 1263 2639; x_wconf 66' lang='lat' dir='ltr'>Nihil</span> <span class='ocrx_word' id='word_1_578' title='bbox 1290 2607 1415 2638; x_wconf 84' lang='lat' dir='ltr'>habent</span> <span class='ocrx_word' id='word_1_579' title='bbox 1441 2606 1544 2637; x_wconf 90' lang='lat' dir='ltr'>Drui-</span> 
     </span>
     <span class='ocr_line' id='line_1_101' title="bbox 845 2656 1545 2697; baseline -0.004 -9"><span class='ocrx_word' id='word_1_580' title='bbox 845 2657 1032 2690; x_wconf 68' lang='lat' dir='ltr'>dae—visco</span> <span class='ocrx_word' id='word_1_581' title='bbox 1055 2664 1092 2690; x_wconf 90' lang='lat' dir='ltr'>et</span> <span class='ocrx_word' id='word_1_582' title='bbox 1113 2659 1244 2697; x_wconf 77' lang='lat' dir='ltr'>arbore,</span> <span class='ocrx_word' id='word_1_583' title='bbox 1277 2658 1309 2687; x_wconf 91' lang='lat' dir='ltr'>in</span> <span class='ocrx_word' id='word_1_584' title='bbox 1338 2666 1404 2697; x_wconf 90' lang='lat' dir='ltr'>qua</span> <span class='ocrx_word' id='word_1_585' title='bbox 1431 2656 1545 2696; x_wconf 83' lang='lat' dir='ltr'>gigna-</span> 
     </span>
     <span class='ocr_line' id='line_1_102' title="bbox 846 2706 1542 2748; baseline -0.006 -8"><span class='ocrx_word' id='word_1_586' title='bbox 846 2713 913 2748; x_wconf 84' lang='lat' dir='ltr'>tur,</span> <span class='ocrx_word' id='word_1_587' title='bbox 943 2709 971 2740; x_wconf 89' lang='lat' dir='ltr'>si</span> <span class='ocrx_word' id='word_1_588' title='bbox 998 2709 1097 2740; x_wconf 91' lang='lat' dir='ltr'>modo</span> <span class='ocrx_word' id='word_1_589' title='bbox 1135 2709 1178 2739; x_wconf 88' lang='lat' dir='ltr'>sit</span> <span class='ocrx_word' id='word_1_590' title='bbox 1214 2707 1327 2745; x_wconf 84' lang='lat' dir='ltr'>robur,</span> <span class='ocrx_word' id='word_1_591' title='bbox 1363 2706 1542 2737; x_wconf 83' lang='lat' dir='ltr'>sacratius.</span> 
     </span>
     <span class='ocr_line' id='line_1_103' title="bbox 845 2756 1543 2800; baseline -0.009 -9"><span class='ocrx_word' id='word_1_592' title='bbox 845 2759 921 2792; x_wconf 85' lang='lat' dir='ltr'>Jam</span> <span class='ocrx_word' id='word_1_593' title='bbox 947 2769 1008 2800; x_wconf 79' lang='lat' dir='ltr'>per</span> <span class='ocrx_word' id='word_1_594' title='bbox 1033 2769 1070 2790; x_wconf 80' lang='lat' dir='ltr'>se</span> <span class='ocrx_word' id='word_1_595' title='bbox 1095 2758 1252 2789; x_wconf 88' lang='lat' dir='ltr'>roborum</span> <span class='ocrx_word' id='word_1_596' title='bbox 1278 2756 1409 2796; x_wconf 82' lang='lat' dir='ltr'>eligunt</span> <span class='ocrx_word' id='word_1_597' title='bbox 1436 2756 1543 2795; x_wconf 76' lang='lat' dir='ltr'>lucos,</span> 
     </span>
    </p>
   </div>
  </div>
 </body>
</html>
