1818 3131
246 187 360 228 1031

245 291 384 324 aciem?
416 296 451 323 et
476 292 573 323 Leid.
589 302 655 323 sec.
672 293 713 324 R.
739 293 813 324 Civ.
835 303 876 324 ιι.
894 297 946 326 2ὃ.

241 342 251 358 ‘
262 341 382 372 Aeiein
397 341 556 373 instituit’
575 351 636 382 pro
651 342 660 359 ‘
672 343 830 376 instruit!
848 345 943 377 Leid.

244 382 296 432 pr.
330 401 383 422 ιιι.
414 394 466 423 41.
491 394 499 408 ‘
516 392 589 423 acie
612 393 792 425 instituta?
837 395 944 426 Inuno

246 441 330 472 Mss.
358 450 475 472 omnes
492 442 533 473 B.
559 441 661 474 Alex.
689 453 718 475 c.
747 446 801 476 37.
824 446 943 486 ‘parte

245 491 419 530 copiarum
438 500 498 531 pro
524 493 612 524 vallo
636 493 813 534 instituta‚'
842 496 943 536 vulgo

243 542 252 558 ‘
269 542 460 575 instructa!
505 544 561 576 Sic
587 546 596 563 ‘
612 545 788 578 instituere
807 548 943 587 vineas}

241 592 251 608 ‘
264 591 412 624 arbores'
432 604 492 635 pro
509 600 605 627 certo
622 596 739 627 ordine
763 598 942 628 collocare.

243 639 332 674 Vide
349 645 453 676 Erud.
472 645 634 678 Arntzen.
652 647 693 678 ad
718 647 836 680 Aurei.
865 649 944 679 Vic-

243 696 306 730 tor.
323 692 416 734 Epit.
444 705 474 726 c.
491 700 544 728 40.
569 698 577 714 ‘
593 699 810 729 Constituere
827 699 943 729 aciem'

241 750 283 774 n.
302 745 350 774 19.
369 744 422 775 ubi
436 748 790 778 nonnullimaluerunt
805 752 942 779 constru-

241 803 303 825 ere.
348 795 416 826 Sed
432 797 509 826 vide
529 798 597 828 iilic
623 799 789 829 conlecta.

286 847 305 874 2
322 845 464 876 Aua-iliis
482 848 514 877 in
531 849 661 878 mediam
676 849 771 879 aciem
786 848 944 889 conjectis]

241 893 290 924 Ut
316 903 354 925 ea
371 896 404 925 in
421 894 487 927 fide
505 899 717 930 contineret:
743 899 866 940 alioqui
885 900 943 930 So-

241 943 336 974 cialis
364 946 536 977 exercitus
562 948 594 978 in
619 949 686 979 alas
715 953 787 979 erat
802 949 943 981 divisus.

241 993 329 1024 vide
357 994 393 1027 J.
433 996 583 1036 Lipsium
614 999 690 1029 Mil.
721 1000 817 1030 Rom.
849 1000 943 1030 Dial.

241 1051 265 1074 1.
288 1047 317 1075 7.
364 1045 478 1076 Dat-is.

287 1094 453 1137 Conjectts]
475 1096 532 1128 Sic
557 1098 682 1138 primus
705 1109 722 1129 e
748 1109 807 1130 suo
824 1100 942 1131 codice

241 1143 378 1176 videtur
415 1146 562 1178 edidisse
605 1148 769 1189 Scaliger.
829 1149 943 1180 Antea

240 1195 405 1227 edebatur
431 1199 532 1239 vulgo
557 1200 732 1237 c01l0c11tt5‚-
755 1201 845 1242 quod
876 1211 942 1232 non

240 1251 292 1277 est
305 1246 337 1277 in
356 1247 439 1278 Mss.
458 1249 521 1279 nisi
536 1250 789 1281 recentissimis.
826 1251 941 1291 Longe

241 1298 374 1338 plurimi
389 1300 451 1329 mei
469 1301 680 1342 aliorumque
698 1312 773 1332 cuin
792 1302 854 1333 Ed.
869 1303 941 1333 Ine.

239 1349 382 1380 collectis.
427 1350 493 1380 Sed
522 1356 633 1382 tamen
662 1352 693 1381 in
722 1352 840 1392 Cujac.
872 1352 942 1383 An-

239 1396 310 1429 din.
349 1399 537 1431 Oxoniensi
565 1406 599 1431 et
635 1402 758 1441 Scalig.
787 1407 943 1433 servatur

238 1447 400 1486 conjectis:
425 1450 473 1479 uti
488 1450 549 1480 viri
567 1450 660 1481 docti
677 1452 794 1491 legunt
809 1461 942 1492 quoque

239 1506 279 1529 ιι.
295 1501 348 1529 28.
372 1499 476 1540 ‘quos
492 1509 558 1530 una
584 1510 659 1531 curn
690 1501 803 1542 pueris
825 1501 942 1533 mulie-

239 1547 398 1588 ribusque
417 1549 450 1579 in
467 1550 625 1581 aestuaria
641 1560 680 1581 ac
700 1550 839 1592 paludes
865 1561 942 1582 con-

233 1589 347 1636 jectos
361 1598 552 1630 dixeramus
569 1600 590 1630 :’
618 1600 675 1631 ubi
703 1601 793 1631 vide.
841 1601 941 1632 Adde

240 1655 286 1689 γι.
310 1650 363 1677 40.
403 1649 519 1679 ‘Hinc
547 1650 675 1690 dejecti
715 1660 750 1681 se
787 1651 819 1681 in
852 1652 942 1689 ligna

237 1698 494 1741 manipulosque
521 1701 732 1741 conjiciunt.'
760 1703 798 1733 B.
829 1702 939 1735 Afric.

237 1757 268 1778 c.
287 1749 470 1781 15.‘1utra
486 1752 656 1783 cancellos
672 1752 844 1792 conjecti.‘
870 1753 942 1785 Liv.

236 1806 291 1828 ιιι.
325 1802 377 1830 28.
414 1801 594 1831 ‘Sarcinas
624 1801 658 1832 in
688 1811 790 1832 unuin
817 1803 941 1843 conjici

230 1848 401 1888 Jubeant!

280 1902 299 1930 8
324 1900 485 1940 Inpeditos
509 1902 648 1944 agmine]
672 1904 754 1935 Mes.
783 1904 847 1935 inei
872 1914 939 1935 om-

237 1960 310 1991 nes,
327 1951 407 1982 item
426 1953 565 1992 Ciarkii,
589 1964 665 1985 eum
693 1955 780 1986 Edd.
810 1957 939 1996 primis,

235 2010 298 2031 nec
314 2011 380 2032 non
405 2002 504 2034 Vasc.
529 2003 647 2044 Steph.
676 2005 808 2045 Gryph.
838 2007 940 2045 pluri-

237 2049 364 2091 busque
381 2051 512 2083 addunt
530 2054 802 2093 praepositionem
832 2056 863 2085 in
886 2066 941 2095 ag-

236 2100 327 2131 mine.
385 2103 514 2141 Recte;
558 2109 593 2134 ut
626 2114 717 2144 saepe
747 2105 780 2135 in
810 2106 941 2137 itinere:

235 2149 324 2181 unde
341 2152 470 2184 excidit
487 2163 617 2194 qnoque
641 2155 674 2184 in
702 2155 785 2186 Mss.
810 2165 941 2196 praepo-

234 2200 311 2231 sitio
327 2211 390 2231 νη.
408 2205 461 2233 -12,
478 2203 520 2234 V.
537 2207 572 2234 et
589 2204 631 2234 ad
659 2205 775 2236 Front.
803 2215 825 2236 1.
850 2208 880 2236 2.
909 2209 940 2237 7.

233 2258 276 2280 11.
295 2254 326 2281 5.
353 2255 404 2282 42.
425 2252 514 2284 Hirt.
535 2254 574 2284 B.
606 2253 706 2285 Alex.
735 2265 765 2286 e.
791 2259 844 2286 43.
874 2256 938 2286 ‘ln

234 2301 367 2341 agmine
385 2302 568 2334 dimicare!
586 2312 667 2334 vui.
684 2308 735 2336 27.
763 2307 771 2322 ‘
787 2306 849 2335 sul)
869 2316 938 2336 sar·

234 2351 316 2381 cinis
331 2352 363 2382 in
378 2352 501 2383 itinere
524 2354 675 2394 adgressi
692 2355 710 2385 :’
737 2365 841 2395 quare
864 2364 937 2387 cain

235 2402 363 2433 Caesari
387 2404 531 2435 restitui.
577 2404 630 2435 Sic
662 2405 761 2445 piune
788 2415 852 2437 vn.
883 2410 937 2438 65.

232 2452 242 2468 ‘
258 2451 298 2482 In
315 2452 447 2491 agmine
468 2453 640 2493 inpeditos
659 2454 878 2486 adoriantur!

274 2504 295 2532 9
332 2502 396 2532 Sub
433 2503 564 2533 sarcinis
613 2504 778 2542 inferiores
819 2506 936 2547 auimo]

233 2551 324 2591 Quia
347 2553 489 2582 sarcinis
516 2554 640 2593 onusti,
667 2565 763 2595 aequa
790 2556 935 2587 conditi-

231 2610 295 2632 one
310 2611 429 2643 pugn-21²
445 2613 509 2633 non
525 2610 714 2643 uterentur,
728 2616 765 2636 ac
780 2606 933 2646 proinde,

232 2653 415 2693 desperata
448 2654 600 2694 victoria,
625 2657 750 2687 animos
777 2658 935 2689 demitte-

232 2708 320 2734 rent.
382 2705 492 2736 Nemo
524 2715 603 2736 sanc
635 2716 698 2737 non
739 2707 831 2738 videt
856 2709 934 2740 Pet.

231 2752 446 2786 Ciacconiuin
474 2755 577 2787 nimia
602 2756 805 2789 emendandi
831 2758 934 2791 licen-

715 198 856 229 NOTAE
890 199 1112 232 VARIORU
1123 202 1155 231 M
1191 202 1241 232 ΙΝ

996 295 1043 326 tia
1081 306 1178 328 usum
1209 306 1296 335 esse,
1324 307 1400 328 cum
1431 302 1577 339 reponat
1611 298 1698 332 ‘sub

994 347 1133 377 sarcinis
1166 348 1198 377 in
1226 347 1346 379 itinere
1371 348 1494 380 adoriri
1507 348 1526 386 ;'
1557 349 1612 380 cui
1633 350 1700 382 lec-

995 397 1078 427 tioni
1106 407 1147 428 ne
1176 408 1260 429 unus
1286 398 1425 439 quidem
1450 398 1542 430 favet
1571 399 1699 431 Codex.

996 447 1107 479 Duris.
1156 448 1322 483 Inferiores
1348 449 1380 478 in
1397 449 1490 479 nullo
1510 449 1616 489 Msto,
1641 454 1700 481 aut

996 498 1056 528 Ed.
1075 503 1153 528 unte
1178 499 1386 539 scaligerum
1414 500 1540 539 inveni,
1569 500 1628 531 sed
1652 501 1699 531 in-

987 546 1109 583 feriore
1133 547 1259 578 habent
1278 548 1363 579 Edd.
1390 548 1545 589 qun-dani
1571 555 1608 580 et
1635 550 1700 582 Ms.

997 595 1143 635 Brantii,
1170 595 1296 627 miens.
1329 598 1453 637 Scalig.
1485 598 1601 638 anac.
1633 598 1701 630 An-

994 645 1064 676 din.
1092 646 1187 676 Leid.
1206 656 1256 686 pr.
1275 653 1309 677 et
1336 647 1519 679 Oxoniens.
1550 654 1586 679 ut
1603 654 1699 689 puto.

995 694 1222 736 lusci-inresque
1238 701 1287 726 est
1315 697 1347 726 in
1367 697 1502 727 Carrar.
1549 697 1593 728 At
1607 698 1695 739 infir-

993 745 1089 776 miore
1107 746 1188 777 Mss.
1207 746 1306 782 longe
1333 747 1480 786 plurimi,
1510 748 1700 778 vetustissi-

993 795 1107 836 mique
1139 801 1173 827 et
1199 797 1351 837 plerique
1384 796 1489 828 Editi.
1547 796 1702 838 Infirmio-

994 855 1086 886 reque
1113 847 1166 877 vel
1194 848 1280 887 rique
1309 847 1401 887 legas
1438 847 1470 877 in
1499 847 1582 878 Mas.
1614 848 1702 888 Reg.

994 895 1089 927 Leid.
1107 906 1173 927 sec.
1193 897 1321 928 Duker.
1335 897 1480 928 Dorvill.
1498 897 1586 929 Edd.
1600 898 1700 930 Rom.

998 947 1081 978 Ven.
1101 949 1238 978 Vascos.
1256 949 1410 990 aliisque.
1457 950 1578 991 Neque
1602 950 1702 982 aliter

994 997 1164 1038 interpres
1197 1000 1338 1030 Graecus
1363 999 1439 1039 ἀμφὶ
1461 1000 1501 1030 τὰ
1530 1000 1702 1041 σκευοφόρα

995 1046 1249 1087 ἀσχολουμένοις,
1269 1049 1470 1087 ἀθυμοτάτοις
1482 1051 1509 1080 τ’
1523 1050 1625 1082 αὐτοῖς
1640 1051 1702 1082 ἐπι-

994 1098 1144 1130 τίθεσθαι.
1190 1100 1353 1131 Ceterum
1384 1111 1449 1131 non
1481 1100 1618 1141 quidem
1644 1111 1702 1141 pe-

993 1149 1086 1180 nitus
1113 1149 1235 1180 damno
1259 1151 1465 1192 infirmiores,-
1488 1151 1567 1182 milti
1586 1157 1700 1183 tamen

994 1200 1110 1240 placet
1127 1200 1234 1241 magis
1261 1200 1441 1240 inferiores,
1466 1206 1535 1232 turn
1563 1201 1644 1244 quia
1667 1202 1701 1233 id

994 1251 1203 1291 integerrimi
1235 1257 1373 1282 servant
1406 1253 1489 1283 Mss.
1522 1257 1594 1283 tuin
1622 1253 1702 1293 quia

994 1304 1104 1334 altera
1133 1304 1289 1335 tideatur
1316 1304 1483 1345 expositio
1507 1306 1568 1334 τῶν
1591 1304 1701 1342 inferi-

993 1363 1082 1382 ores.-
1109 1353 1260 1393 quamvis
1293 1354 1446 1394 infirmior
1472 1354 1628 1384 militaris
1656 1353 1702 1384 sit

994 1413 1070 1434 vox.
1119 1405 1206 1435 Nam
1235 1405 1359 1445 passim
1386 1405 1476 1445 apud
1501 1414 1618 1436 omnes
1642 1414 1700 1436 oc-

994 1459 1135 1484 currunt
1156 1454 1249 1495 firmi
1278 1460 1311 1485 et
1343 1454 1459 1496 infirmi
1489 1455 1624 1491 milites;
1663 1460 1701 1486 ut

993 1503 1074 1534 alibi
1092 1504 1215 1544 saepius
1241 1505 1436 1541 monitum„
1463 1505 1550 1535 Fere
1583 1509 1620 1536 ut
1644 1505 1699 1536 hie

994 1554 1035 1584 B.
1069 1554 1139 1584 Civ.
1169 1563 1192 1586 1.
1221 1557 1274 1585 64.
1299 1556 1307 1571 ‘
1331 1554 1539 1585 Infirmiores
1563 1555 1700 1595 milites,

994 1612 1135 1643 qnorum
1161 1610 1219 1635 aut
1248 1604 1378 1636 animus
1410 1610 1467 1636 aut
1495 1605 1585 1636 vires
1609 1605 1701 1636 vide-

994 1652 1118 1683 bantur
1151 1654 1318 1687 sustinere
1346 1665 1412 1686 non
1440 1655 1558 1696 posse.'
1586 1657 1627 1687 B.
1658 1657 1698 1688 C.

993 1711 1017 1733 1.
1051 1706 1081 1733 3.
1124 1703 1323 1736 ‘terrentur
1361 1705 1579 1746 infirmiores,
1606 1705 1698 1737 dubii

993 1753 1264 1785 confirmantur!
1330 1756 1397 1786 Sed
1435 1756 1599 1794 inferiores
1635 1756 1699 1788 hoc

993 1812 1092 1833 sensu
1112 1813 1190 1834 usus
1209 1810 1261 1835 est
1279 1805 1414 1836 Hirtius
1428 1815 1510 1837 uu.
1528 1809 1579 1838 14.
1602 1807 1697 1838 ‘Aut

993 1856 1095 1882 aetate
1123 1859 1180 1885 aut
1204 1854 1330 1885 viribus
1359 1854 1536 1887 inferiores
1562 1861 1621 1887 aut
1650 1858 1698 1887 in-

993 1903 1134 1932 ernies?
1163 1908 1199 1934 ut
1237 1909 1288 1935 est
1328 1904 1360 1934 in
1402 1906 1487 1937 Mss.
1529 1907 1696 1938 omnibus.

991 1951 1078 1982 Vide
1095 1952 1140 1982 ibi
1157 1954 1275 1985 Davis.
1295 1954 1484 1995 infirmiores
1499 1956 1570 1988 illic
1596 1958 1698 1989 male—

992 2000 1052 2032 bat
1068 2012 1201 2043 quoque
1226 2004 1436 2036 Ciacconius.

1036 2054 1075 2082 12
1101 2052 1202 2087 Quum
1217 2063 1271 2083 sua
1287 2055 1495 2093 cunctatione,
1524 2059 1617 2096 atque
1632 2057 1696 2096 opi-

991 2100 1091 2140 nione,
1114 2102 1289 2134 timidiorcs
1313 2104 1424 2143 lto-sees,
1447 2108 1566 2137 nostros
1582 2106 1696 2137 milites

990 2154 1031 2182 ad
1043 2155 1243 2192 pugnandum
1253 2155 1418 2186 alacriores
1431 2156 1598 2197 effecisset]
1625 2157 1654 2188 N
1662 2167 1698 2187 u-

991 2209 1089 2243 gatur
1107 2205 1230 2235 iterum
1251 2205 1504 2246 Hotomannus‚
1531 2216 1608 2238 cum
1631 2208 1695 2248 opi-

990 2255 1110 2284 wionem
1126 2255 1179 2285 hic
1208 2265 1269 2295 pro
1295 2257 1500 2289 auctoritate
1525 2262 1561 2289 et
1587 2258 1695 2298 opini-

989 2314 1053 2335 one
1086 2305 1219 2336 virtutis
1249 2306 1395 2346 positam
1425 2307 1485 2339 ait.
1545 2308 1691 2340 Prorsus

989 2354 1042 2386 hic
1059 2355 1149 2386 idem
1164 2356 1278 2387 Caesar
1312 2357 1395 2398 vult,
1422 2357 1510 2399 quod
1535 2359 1691 2399 superius

989 2405 1031 2436 de
1073 2406 1199 2437 Sabino
1231 2406 1340 2438 dixit:
1377 2408 1462 2439 ‘hac
1494 2407 1694 2440 confirmata

987 2456 1147 2496 opinione
1165 2457 1317 2489 timoris!
1362 2459 1504 2490 Ursinus
1531 2459 1565 2489 iu
1592 2469 1624 2489 v.
1657 2469 1690 2490 c.

988 2507 1129 2546 reperit,
1153 2508 1161 2523 ‘
1178 2516 1279 2547 quum
1301 2517 1362 2538 sna
1387 2508 1561 2538 cunctatio
1590 2513 1691 2549 atque

987 2555 1124 2596 opinio)
1170 2557 1322 2587 Emendo
1339 2557 1494 2588 omnino:
1521 2558 1530 2574 ‘
1547 2558 1623 2589 Hae
1651 2568 1688 2589 re

988 2610 1169 2646 perspecta
1186 2606 1334 2646 Crassus,
1352 2617 1453 2647 quum
1469 2617 1528 2638 sua
1550 2612 1690 2639 cuncta-

987 2659 1077 2689 tione
1107 2663 1210 2699 atque
1235 2659 1393 2699 opinione
1419 2660 1548 2691 timoris
1573 2661 1688 2692 hostes

985 2714 1118 2740 nostros
1135 2708 1261 2739 milites
1279 2709 1321 2740 ad
1339 2711 1555 2751 pugnandum
1572 2711 1690 2748 alacri—

985 2769 1060 2791 ores
1076 2757 1297 2791 effecissent.'
1342 2760 1450 2800 Juvat
1462 2770 1516 2793 me
1531 2762 1688 2801 Graecus,
