1883 3121
212 195 324 236 1400

255 304 274 334 3
298 299 360 332 Sed
371 301 505 341 primam
519 302 613 331 actem
629 303 785 341 quatemoe
807 301 911 334 cohor-

213 355 260 382 tes
275 360 314 382 ex
329 352 446 390 legione
466 349 625 391 tenebant]
664 352 729 383 Res
757 353 829 394 ipsa
846 353 913 384 cla-

214 407 284 433 mat
316 401 470 431 n-cndtnn
503 401 621 432 latere.
681 402 771 435 Quid
805 403 913 434 enim!

215 455 358 491 quatuor
374 451 530 481 cohortes
546 452 652 483 solum
669 452 701 483 in
719 454 825 494 prima
839 455 914 485 acie

216 500 330 532 sucre?
357 506 452 531 certe
469 502 609 541 exiguus
626 503 652 533 is
668 513 836 543 numerus,
851 513 914 535 nec

217 549 402 582 Afrani-ano
420 561 481 592 par
497 551 640 584 futurus.
666 554 757 595 Lego
770 564 813 586 ex
824 554 916 586 codi-

219 610 257 631 ce
274 598 352 632 Pet.
375 603 445 634 l'ul.
461 603 567 644 Bong.
581 608 917 645 etnostro‚quaternae

218 651 357 682 cohortes
381 662 420 683 ezr
444 654 574 694 quinque
601 655 782 694 legionibus.
830 656 918 686 Nam

219 702 367 743 quinque
386 709 464 735 tunc
482 704 609 736 Caesari
635 705 784 746 legiones
810 704 919 736 fuere.

218 751 342 793 ltaque
360 763 401 784 ex
412 754 558 795 quinque
574 754 758 794 legionibus
775 760 921 795 quatuor

220 802 373 834 cohortes
391 805 423 834 in
441 806 547 845 prima
565 807 636 836 acie
653 811 762 843 erant,
778 804 841 836 hoc
856 810 921 844 est,

219 852 252 881 in
270 853 461 884 universum
479 855 638 885 cohortes
655 863 727 885 xx:
752 855 811 885 has
834 864 921 895 pone

218 902 449 942 sequebantur
471 904 626 935 cohortes
645 910 764 944 ternae,
788 909 823 936 et
848 906 922 936 illas

220 952 343 982 iterum
359 958 476 993 terum,
501 964 542 984 ex
562 965 622 986 sua
647 963 791 997 quaeqne
818 957 923 997 legio-

220 1012 285 1040 ne;
310 1002 425 1044 itaque
450 1002 559 1036 forma
574 1007 715 1047 agminis
740 1007 924 1038 Caesariani

222 1054 298 1085 talis
325 1059 411 1094 erat,
435 1056 483 1086 uti
509 1066 642 1098 quoque
660 1057 794 1097 Lipsius
815 1059 925 1089 obser-

222 1105 325 1143 vavit,
342 1105 363 1135 1.
381 1114 430 1137 1v.
449 1106 522 1138 Mil.
551 1108 645 1138 Rom.
659 1107 751 1138 Dial.
768 1111 799 1139 8.

233 1161 324 1189 0000
377 1163 472 1189 0000
533 1162 628 1188 0000
684 1162 782 1188 0000
835 1159 919 1186 0000

251 1243 307 1265 000
401 1244 455 1264 000
551 1244 605 1264 000
705 1241 756 1262 u·
857 1240 906 1261 000

252 1318 301 1339 §00
407 1316 454 1339 uo
552 1316 600 1338 000
701 1313 748 1336 διο
852 1313 903 1334 000

224 1356 291 1387 Ubi
309 1357 470 1398 quinque,
496 1365 577 1397 quas
594 1354 703 1394 vides,
729 1353 929 1384 altitudines

227 1407 368 1437 totidem
386 1411 464 1438 sunt
480 1407 629 1445 legiones
644 1416 651 1443 ;
670 1405 778 1446 primo
794 1409 929 1445 quater-

224 1467 276 1489 na*
293 1457 462 1496 cohortes,
481 1457 604 1488 deinde
621 1461 740 1496 ternae,
755 1459 791 1486 et
808 1457 930 1486 iterum

226 1513 348 1539 tei-nie.
396 1509 495 1540 Clara
513 1517 566 1538 res
589 1512 652 1538 est.
700 1507 840 1538 Interea
862 1516 931 1537 non

226 1557 386 1598 displicet
399 1558 592 1590 emendatio
607 1557 736 1590 Nicasii
750 1556 932 1595 Ellebodii,

229 1610 286 1651 qui
304 1610 452 1650 legebat,
469 1613 626 1650 quaternoe
642 1609 781 1639 cohortes
804 1617 845 1638 ex
859 1617 933 1648 quw

229 1672 287 1703 que
315 1663 447 1702 legione.
491 1663 616 1694 Sensus
633 1662 723 1692 idem
740 1660 816 1693 erit.
860 1660 933 1691 Vos-

228 1714 303 1745 sius.
359 1714 413 1745 Ex
459 1723 482 1745 v
521 1713 703 1753 legionibus
757 1711 814 1742 lta
847 1710 934 1751 opti-

229 1773 284 1795 me
315 1764 468 1796 restituit
498 1763 638 1794 Vossius
668 1772 709 1792 ex
737 1761 822 1793 Mss.
853 1761 931 1791 suis.

231 1815 439 1848 Quibuscum
457 1814 587 1846 faciunt
602 1814 686 1845 Mss.
703 1813 788 1852 Reg.
807 1811 933 1843 Eliens.

231 1870 266 1897 et
285 1866 330 1898 Is.
347 1865 471 1897 Vossii.
495 1865 652 1905 Scaliger
664 1863 831 1902 ediderat,
846 1872 885 1893 ex
899 1871 934 1894 v.

229 1917 360 1956 legione
373 1928 383 1948 ι
422 1916 511 1957 quod
545 1914 727 1946 manifesto
766 1913 934 1944 vitiosum.

232 1966 311 1999 Nic.
348 1964 547 1997 Ellebodius
586 1962 829 1999 emendaverat
844 1974 852 2000 ;
898 1973 938 1992 ea:

232 2025 365 2057 quaque
383 2016 514 2055 legione.
558 2014 626 2045 Sed
653 2018 797 2054 praestat
822 2013 939 2050 lectio,

234 2076 332 2108 quain
357 2066 466 2097 secuti
490 2075 614 2096 sumus.
641 2064 748 2095 Clark.
793 2063 938 2103 Legioni-

233 2116 288 2147 ltus
319 2116 480 2147 exhibent
508 2116 611 2146 etiam
637 2114 762 2153 Scalig.
791 2114 939 2144 Don-vill.

235 2166 335 2198 Leid.
354 2175 421 2197 sec.
439 2171 543 2207 atque
556 2165 604 2196 ita
622 2164 774 2195 restituit
790 2164 864 2194 loco
879 2164 939 2194 cit.

238 2218 379 2258 Lipsius.
425 2216 494 2247 Adi
521 2216 623 2247 etiam
648 2223 751 2255 super
776 2213 839 2244 hoc
867 2214 941 2245 loco

235 2268 376 2299 Salmas.
395 2266 438 2297 de
456 2266 510 2297 Re
525 2266 628 2298 Milit.
649 2274 679 2296 c.
699 2267 749 2296 13.

279 2321 299 2349 ¹7
326 2317 495 2357 cingebat]
519 2316 674 2349 Leidens.
695 2324 746 2356 pr.
767 2313 941 2354 cingebant.

238 2367 356 2399 Recte.
402 2366 490 2396 Vide
506 2366 624 2397 Davis.
649 2364 690 2395 ad
707 2374 736 2395 c.
755 2367 806 2396 61.
829 2366 838 2381 ‘
852 2373 943 2405 mag-

239 2427 299 2449 nos
316 2415 511 2458 equitatus‚'
530 2421 565 2447 et
586 2425 644 2446 nos
660 2414 703 2446 ad
726 2414 767 2445 B.
782 2415 825 2446 G.
846 2423 894 2445 vi.
911 2417 941 2445 7.

240 2471 249 2486 ‘
266 2468 442 2500 Gallorum
457 2465 692 2508 equitatuum.'
732 2465 854 2496 Paullo
865 2470 943 2495 ante

240 2530 257 2550 c
271 2519 303 2552 J.
316 2519 355 2550 F.
369 2517 534 2550 Gronovii
549 2515 718 2547 sententia
732 2515 945 2546 scribendum

241 2576 333 2603 esset
351 2571 488 2610 Quaeque
514 2579 576 2610 pro
602 2568 771 2607 cujusque;
800 2566 858 2596 sed
891 2566 946 2597 adi

244 2631 320 2654 cum
335 2626 371 2652 et
395 2622 446 2653 Cl.
472 2619 605 2651 Duker.
629 2626 667 2648 ac
688 2616 795 2647 Drak.
813 2616 854 2646 ad
873 2615 946 2647 Liv.

245 2681 301 2705 ιιι.
318 2674 371 2705 22.
388 2673 396 2688 ‘
415 2680 483 2702 suae
503 2669 624 2710 cuique
641 2667 729 2708 parti
743 2665 762 2696 :'
787 2666 888 2697 immo
903 2675 947 2696 ex

245 2723 396 2764 vestigiis
409 2723 492 2754 Mss.
509 2721 566 2763 (V.
581 2718 688 2750 varias
702 2716 817 2758 Lect.)
834 2716 946 2749 forsan

246 2774 345 2805 scribi
365 2778 479 2816 posset
495 2772 558 2803 suis
573 2778 695 2813 qumque
711 2768 888 2809 legionibus.

675 206 817 238 NOTAE
852 207 1113 239 VARIORUM
1150 208 1199 238 {N

1005 305 1025 334 8
1051 303 1155 335 soesur
1167 307 1200 335 ut
1213 304 1273 335 nisi
1284 308 1406 337 coactus
1417 315 1450 345 p.
1467 315 1525 336 uon
1538 306 1664 336 comni!-

963 355 1056 396 teret]
1077 354 1133 385 Sic
1146 356 1247 395 vulgo
1264 355 1367 386 edunt
1383 365 1510 395 omnes,
1527 357 1662 387 nemine

965 405 1188 446 interpretum
1210 406 1253 437 de
1275 407 1441 438 varietate
1464 407 1575 448 aliqua
1598 417 1666 438 mo-

966 460 1081 486 nente.
1128 455 1210 487 Cum
1229 462 1340 488 tamen
1357 457 1392 487 id
1418 457 1451 488 in
1469 458 1560 489 nullo
1576 456 1667 488 codi-

966 515 1005 536 ce
1022 515 1109 544 meo,
1138 506 1164 536 si
1189 507 1284 538 Leid.
1303 518 1372 539 sec.
1389 509 1554 548 excipias,
1577 517 1669 540 com-

968 560 1107 594 pareat:
1124 558 1157 585 ut
1173 556 1281 595 primo
1296 557 1391 588 deest
1409 557 1441 587 in
1458 557 1580 589 Petav.
1595 557 1668 589 Pal.

968 604 1094 634 Lovau.
1138 605 1232 637 Leid.
1260 616 1309 646 pr.
1334 607 1431 638 voss.
1465 609 1573 641 Dorv.
1606 618 1666 638 num

969 654 1067 685 abest
1097 665 1115 685 a
1146 656 1217 685 l’al.
1247 656 1326 687 Lov.
1354 657 1462 698 Bong.
1495 658 1590 690 Leid.
1619 667 1668 698 pr.

970 704 1078 736 Dorv.
1109 705 1352 736 committeretur
1381 707 1492 746 Bong.
1554 707 1670 738 Cetmi

970 755 1168 785 committere.
1223 755 1377 795 Optime.
1417 757 1524 787 Coesar
1550 756 1670 787 tenebat

968 805 1156 845 propositum
1170 815 1225 835 non
1242 806 1431 836 committere
1442 807 1596 846 pra-lium,
1612 806 1674 837 nisi

972 858 1103 891 coactus,
1128 866 1188 896 pro
1211 856 1432 888 committendi.
1479 857 1539 888 Uti
1560 857 1675 898 saepis-

973 906 1054 936 sime
1083 907 1233 947 loquitur
1260 907 1387 940 eaesar.
1442 907 1588 938 Consule
1615 916 1674 937 no-

975 961 1049 987 tata
1075 956 1117 986 ad
1145 965 1225 988 vni.
1252 960 1305 988 44.
1335 957 1482 988 ‘Plures
1510 956 1673 988 rebellare

975 1006 1113 1038 consilia
1137 1007 1299 1038 inissent!
1344 1008 1418 1039 Nec
1437 1008 1564 1046 obstat,
1587 1008 1675 1049 quod

974 1067 1040 1088 non
1056 1063 1218 1099 sequatur
1232 1059 1420 1100 inpedieudi,
1445 1059 1505 1090 sed
1526 1058 1677 1098 inpediret

975 1108 1041 1149 (sic
1070 1109 1159 1139 enim
1190 1109 1271 1140 Mss.
1294 1109 1360 1140 inei
1386 1118 1515 1146 omnes,
1543 1118 1609 1138 non
1643 1109 1677 1139 in

976 1158 1125 1199 plurali).
1172 1159 1259 1190 Nam
1276 1163 1310 1190 et
1328 1161 1389 1190 hoc
1406 1163 1459 1190 est
1475 1169 1516 1189 ex
1532 1158 1678 1192 sultanis

976 1208 1169 1248 elegantiis,
1186 1214 1223 1239 ut
1240 1209 1345 1240 variet
1361 1209 1501 1239 modos:
1527 1209 1568 1240 ‹le
1587 1217 1626 1239 ea
1642 1217 1679 1240 re

977 1258 1048 1288 dixi
1065 1258 1106 1288 ad
1138 1259 1176 1290 Β.
1194 1259 1237 1289 G.
1255 1267 1296 1289 11.
1315 1261 1366 1289 10.
1391 1260 1400 1275 ‘
1419 1258 1679 1290 Constituerunt

978 1307 1117 1347 reverti,
1134 1313 1169 1340 et
1185 1307 1430 1340 convenirent.’

1021 1362 1042 1389 9
1065 1358 1362 1399 Illi—impedirent]
1399 1359 1454 1390 Sic
1482 1359 1566 1391 Mss.
1597 1359 1681 1401 Reg.

982 1409 1026 1440 Ut
1043 1409 1277 1449 intelligantur
1289 1408 1452 1440 Afranius
1466 1414 1501 1441 et
1515 1410 1682 1441 Petreius.

981 1458 1036 1491 Al.
1052 1460 1333 1500 ille—impediret;
1357 1461 1490 1492 scilicet
1509 1459 1682 1492 Afranius.

982 1510 1082 1544 Quod
1099 1510 1241 1551 perinde
1258 1516 1321 1543 est.
1346 1512 1453 1543 Clark.

1024 1569 1174 1592 Lxxxw.
1191 1563 1211 1591 2
1233 1561 1342 1601 Aquoe,
1358 1562 1528 1602 lignorum,
1541 1561 1685 1601 frumen-

982 1610 1024 1651 ti]
1059 1611 1115 1642 Sic
1139 1621 1158 1642 e
1182 1611 1250 1643 Ms.
1281 1611 1397 1643 Ursini
1424 1611 1510 1643 bene
1536 1611 1685 1643 restituit

983 1662 1155 1703 Scaliger:
1181 1672 1256 1694 cnm
1276 1662 1377 1702 vulgo
1401 1663 1572 1703 legeretur
1597 1672 1686 1703 aquae

983 1713 1063 1753 lig-ni
1079 1716 1109 1744 et
1126 1712 1176 1750 fr.
1192 1717 1227 1744 et
1242 1713 1339 1754 pejus
1356 1713 1388 1744 in
1405 1713 1494 1745 Edd.
1522 1722 1579 1753 pp.
1595 1716 1687 1753 utque

983 1764 1062 1803 ligni
1087 1767 1117 1795 et
1137 1763 1186 1801 fr.
1222 1763 1448 1795 Consentiunt
1464 1763 1577 1796 Ursini
1601 1763 1685 1795 eod.

985 1815 1108 1846 Petav.
1137 1814 1213 1854 Cuj.
1245 1814 1365 1855 Scalig.
1394 1814 1490 1846 Leid.
1523 1824 1574 1855 pr.
1602 1823 1689 1854 ‹usuoe

985 1866 1068 1904 ligno
1087 1864 1138 1902 fr.
1174 1864 1287 1895 Palat.
1311 1864 1458 1895 Dorvill.
1485 1867 1576 1904 atque
1600 1873 1688 1904 oquae

985 1914 1081 1945 Leid.
1097 1924 1163 1945 sec.
1180 1917 1270 1954 atque
1287 1914 1477 1953 ligniVoss.
1494 1914 1611 1945 etalii.
1647 1913 1688 1945 In

986 1964 1077 1995 nullo
1095 1969 1148 1994 cst
1164 1969 1205 1994 ct.
1259 1964 1337 1994 Tria
1352 1964 1497 2005 jungere
1512 1966 1600 1997 solet
1618 1966 1691 1996 (Σερ-

989 2024 1042 2045 sar
1059 2014 1130 2045 sine
1147 2013 1277 2055 copula.
1314 2015 1403 2046 Vide
1419 2015 1576 2055 exempla
1592 2015 1692 2055 plena

990 2074 1089 2096 manu
1117 2065 1263 2095 collecta
1287 2064 1328 2095 ad
1353 2074 1403 2096 ιν.
1433 2068 1483 2097 15.
1519 2066 1529 2081 ⁴
1545 2064 1694 2104 Timore,

990 2115 1200 2154 lassitudine,
1237 2115 1269 2145 vi
1317 2113 1462 2146 fluminis
1502 2114 1656 2156 obpressi
1673 2114 1693 2146 ;’

992 2172 1025 2196 et
1050 2166 1171 2205 saepius
1194 2175 1270 2196 cum
1297 2165 1382 2204 aliis,
1410 2174 1448 2196 ae
1464 2165 1581 2196 Valer.
1598 2164 1705 2196 Max..

996 2225 1050 2248 111.
1066 2219 1097 2247 2.
1114 2217 1129 2256 ξ
1147 2218 1178 2248 7.
1217 2217 1297 2247 Ext.
1315 2216 1373 2247 ubi
1392 2215 1481 2247 vide.
1691 2246 1698 2256 ‚

1034 2273 1055 2300 4
1079 2269 1114 2299 Si
1131 2267 1284 2308 conloqui]
1304 2267 1395 2299 Leid.
1413 2277 1463 2309 pr.
1477 2266 1589 2308 siquid
1604 2267 1708 2312 loqui„

994 2319 1178 2358 Eleganter
1194 2328 1286 2350 sane.

1036 2372 1057 2400 6
1081 2368 1222 2407 Detegit]
1247 2368 1302 2399 Sic
1319 2368 1403 2399 Mss.
1420 2368 1505 2409 Reg.
1521 2367 1648 2399 Ellens.
1663 2370 1699 2397 et

994 2418 1117 2450 Vossii.
1169 2419 1323 2458 Rectius,
1342 2428 1442 2459 quam
1460 2417 1548 2459 quod
1572 2417 1700 2448 habent

997 2469 1093 2509 editi,
1109 2469 1233 2509 deligit.
1268 2469 1413 2499 Venitur
1426 2469 1515 2500 enim
1531 2468 1565 2498 in
1579 2467 1701 2505 locum,

997 2529 1062 2551 non
1080 2529 1177 2560 quem
1193 2519 1265 2560 quis
1289 2518 1403 2558 deligit
1429 2522 1499 2549 tum
1522 2526 1597 2547 cum
1614 2515 1703 2546 veni-

998 2575 1067 2610 tur,
1095 2569 1154 2600 sed
1182 2579 1280 2610 quern
1313 2570 1406 2609 prius
1436 2566 1563 2606 delegit.
1593 2567 1702 2597 Clark.

999 2620 1224 2651 Censentiunt
1250 2618 1315 2650 mei
1339 2617 1494 2648 meliores
1520 2622 1650 2657 septem
1668 2621 1705 2647 et

1001 2670 1090 2701 Edu.
1118 2670 1248 2710 primae,
1271 2668 1351 2699 item
1366 2667 1505 2698 Vascos.
1528 2666 1647 2708 Steph.
1669 2670 1706 2697 et

999 2721 1068 2753 alii.
1706 2760 1709 2763 .

1043 2778 1060 2806 7
1097 2773 1168 2805 Non
1193 2781 1256 2803 esse
1286 2775 1338 2802 aut
1369 2770 1430 2812 ipsi
1455 2774 1507 2802 aut
1540 2767 1706 2810 ηιὶΙίιίὺιω]
