1818 3131
324 245 416 274 mn.
449 243 501 272 ιι.
530 240 637 271 cAP.
666 229 736 270 30.
770 239 832 269 nn
866 239 1022 269 nunno
1052 239 1279 269 cAnnico.

86 337 284 380 plerumque
313 346 354 367 ea
386 333 666 371 subintelligatur.
723 332 780 363 Sic

85 398 140 422 ln.
163 392 215 420 22.
237 390 246 406 ‘
261 387 434 418 Viridovix
451 389 568 415 contra
584 393 658 414 eum
674 383 777 414 duum

85 440 224 470 millium
239 437 350 478 spatio
372 434 603 467 consedisset!
641 434 707 464 Sed
730 434 778 464 in-

85 498 222 520 numera
238 488 269 517 in
287 487 432 524 Caesare,
454 484 589 523 Tacito,
604 483 678 514 aliis
702 484 778 515 loca

83 541 264 570 occurrunt
279 547 285 566 :
311 536 423 576 itaque
439 535 546 565 citare
564 534 778 574 supersedeo.

91 587 222 619 Vossius.
268 585 354 616 Vide
370 594 471 625 supra
486 595 518 625 p.
532 587 583 615 28.

124 640 143 668 7
169 637 236 672 Quo
251 635 353 675 tantu]
389 636 445 666 Sic
474 635 563 675 Lips.
590 635 717 675 Scalig.
743 639 779 666 et

83 686 201 718 ceteri.
238 685 306 716 Sed
326 686 406 715 Mss.
424 690 457 714 et
475 684 562 715 Edd.
578 685 672 716 Vett.
689 686 777 725 quod.

82 738 210 769 Forsan
227 737 338 768 fuerat
360 737 428 776 quoi
452 736 504 766 liic
531 741 565 766 et
592 736 692 774 alibi;
718 746 779 776 pro

85 797 151 827 quo
176 787 338 827 deinceps
363 786 502 816 invaluit
523 786 581 816 cui.
625 786 712 817 Vide
737 787 779 817 ad

85 845 152 868 vn.
169 841 221 869 55.
237 837 247 854 ‘
260 837 338 878 quoi
352 841 442 867 esset
458 837 552 867 usui.'
582 838 668 868 Haec
685 843 779 869 certe

84 896 203 918 caussa
230 891 294 925 est,
325 896 384 918 cur
410 892 588 927 corruptus
619 888 661 918 sit
690 889 780 919 locus

86 937 225 975 Lucani,
264 945 297 968 x.
331 940 402 967 166.
443 938 451 954 ‘
471 937 632 969 Infudere
663 948 782 978 comer,

85 986 173 1026 quod
200 986 346 1017 nondum
377 987 512 1017 evanuit
543 997 634 1027 aura,
661 988 782 1019 Cinna-

84 1035 185 1066 mon.’
233 1035 339 1066 Immo
361 1036 435 1075 lege
460 1037 530 1075 quoi
554 1038 623 1068 sive
647 1039 718 1074 cui‚·
743 1042 781 1068 ut

86 1084 278 1116 emendavit
297 1086 368 1126 jam
394 1086 449 1116 Ill.
480 1086 598 1117 Heius.
630 1087 671 1118 ad
701 1088 783 1118 Lac-

27 1150 32 1157 ·
85 1132 172 1166 ta‘nt.
189 1135 231 1166 de
248 1135 367 1167 Phoen.
384 1144 472 1166 νει-5.
489 1139 540 1166 83.
567 1139 575 1153 ‘
593 1136 782 1168 Cinnamon

84 1184 174 1226 hinc,
199 1194 381 1227 auramque
405 1186 524 1226 procul
549 1186 710 1227 spirantis
736 1187 782 1218 A·

86 1235 210 1266 momi.'

129 1285 179 1316 Ab
213 1289 299 1317 tanto
327 1287 427 1327 spatio
463 1287 683 1328 instrueretur]
726 1288 782 1320 Sic

85 1344 201 1368 omnes
220 1336 330 1368 Editt.
355 1342 503 1376 veteres,
526 1347 590 1369 nec
617 1338 650 1367 in
676 1337 785 1368 diver·

89 1395 199 1416 sarum
226 1387 409 1418 lectionum
437 1389 608 1426 σολλογαΐς
635 1388 702 1419 ulla
733 1392 786 1419 est

89 1441 208 1467 notata
224 1436 380 1468 varietas.
426 1437 646 1468 Rccentiores
671 1442 786 1468 tamen

90 1485 228 1525 habent,
257 1486 296 1516 ab
321 1489 408 1517 tanto
433 1487 534 1527 spatio
559 1488 788 1527 institueretur,

90 1544 189 1576 quam
219 1536 398 1567 lectionem
425 1529 563 1568 exulare
583 1538 685 1577 jussi,
712 1547 788 1569 cum

91 1585 198 1616 altera
212 1586 337 1617 locutio
362 1587 406 1617 sit
427 1587 546 1627 proba.
591 1588 722 1618 Seneca
745 1588 787 1620 de

90 1636 161 1667 Vit.
177 1637 275 1668 Beat.
292 1645 320 1668 c.
336 1639 388 1667 26.
405 1638 414 1654 ⁶
428 1637 542 1677 Ignari
556 1637 788 1669 machinarum

90 1696 210 1728 segnes
222 1687 370 1718 laborem
380 1686 607 1718 obsidentium
620 1693 791 1727 spectant,

91 1746 155 1768 nec
170 1746 236 1778 quo
254 1737 312 1767 illa
333 1737 542 1777 pertineant,
568 1746 643 1777 quae
660 1747 702 1767 ex
719 1738 789 1768 lon-

92 1786 216 1827 ginquo
227 1786 450 1825 instruuntur,
463 1786 677 1827 intelligunt!
700 1788 789 1818 Vide

93 1841 129 1868 et
158 1835 307 1866 Hirtium
324 1836 411 1867 Bell.
428 1834 503 1866 Afr.
529 1845 558 1867 c.
582 1838 632 1866 51.
677 1836 789 1867 Daris.

33 1894 36 1896 ·
94 1886 314 1918 Instrueretur.
350 1884 406 1916 Sic
429 1894 472 1915 ex
499 1885 584 1916 Mss.
613 1889 648 1916 et
678 1885 787 1916 Editt.

92 1939 187 1970 Vett.
222 1938 389 1978 omnibus,
426 1937 576 1969 restituit
616 1938 787 1969 Davisius.

92 1988 240 2029 Scaliger
255 1992 292 2019 et
307 1983 550 2027 Recentiores.
561 1988 787 2020 institueretur.

95 2039 200 2070 Clark.
252 2039 345 2070 Male
372 2039 591 2070 institueretur
617 2039 791 2079 Scaligero

91 2089 312 2127 adscribunt3
341 2099 418 2120 nam
445 2089 491 2120 ita
512 2089 585 2129 jam
613 2089 721 2120 edidit
745 2089 790 2120 R.

94 2137 297 2178 Stephanus,
325 2142 361 2169 et
383 2143 560 2179 comparet
581 2139 615 2170 in
642 2139 792 2179 margine

95 2187 227 2228 Gryph.
245 2198 284 2220 ac
303 2189 454 2220 Plautin.
472 2189 562 2220 Edd.
606 2189 713 2220 Immo
736 2200 793 2220 ex-

96 2241 164 2268 stat
186 2237 219 2267 in
235 2238 329 2269 Msto
351 2238 526 2278 Scafigeri,
549 2248 611 2279 per
636 2240 792 2271 Vossium

97 2286 234 2326 collato,
265 2286 462 2327 anaciano,
491 2287 650 2319 Leidensi
683 2289 792 2328 primo

96 2341 131 2367 et
157 2337 271 2368 Oxou.
317 2337 396 2368 Non
423 2337 536 2378 itaque
565 2342 634 2369 tam
665 2344 794 2372 temere

96 2386 168 2418 haec
191 2387 292 2418 lectio
315 2386 427 2418 fuerat
452 2388 707 2429 proscribenda,
734 2390 793 2421 sed

97 2437 286 2470 retinenda.
303 2447 351 2469 iv.
370 2440 420 2469 18.
436 2438 445 2455 ‘
457 2447 540 2478 pons
557 2438 687 2469 institui
703 2449 794 2480 coep-

97 2493 151 2519 tus
166 2488 242 2520 est!
264 2497 299 2519 v.
318 2491 368 2519 ll.
395 2488 403 2503 ‘
417 2497 520 2519 naves
541 2488 719 2519 instituat.’
743 2493 795 2522 40.

95 2539 104 2554 ⁴
120 2547 258 2579 magnus
279 2538 455 2568 muralium
478 2538 620 2577 pilorum
637 2548 795 2570 numerus

97 2587 286 2620 instituitur
302 2599 309 2619 :
327 2587 404 2619 ‘ubi
417 2588 448 2618 iu
463 2587 654 2626 nonnullis‚'
677 2588 798 2620 instru—

99 2636 199 2669 itui-:¹
222 2648 252 2669 c.
271 2642 324 2670 52.
350 2640 359 2655 ‘
375 2638 556 2669 Institutas
582 2643 703 2678 turres,
731 2644 797 2670 tes-

101 2687 246 2728 sudines,
268 2689 539 2730 munitionesque
565 2689 710 2720 hostium
739 2690 796 2720 ad-

101 2736 261 2770 miratur:
298 2740 425 2770 Rursus
441 2740 481 2770 B.
496 2739 570 2770 Civ.
585 2749 609 2770 1.
625 2743 677 2771 54.
693 2740 702 2756 ⁴
715 2749 797 2779 pon-

102 2792 169 2821 tem
198 2788 388 2822 institutum
425 2789 527 2822 biduo
559 2789 727 2831 perficit!
761 2796 796 2822 et

1414 230 1525 271 1001

829 331 920 363 alibi.
947 342 1002 364 ιιι.
1030 336 1080 364 46.
1108 332 1296 364 ‘institutae
1319 330 1440 363 sossaess
1486 333 1526 364 B.

829 382 929 413 Alex.
948 394 976 413 c.
991 387 1042 415 63.
1071 384 1248 414 ‘instituta
1264 382 1379 424 opera’
1408 383 1441 413 in
1457 383 1526 414 Ma.

829 433 951 463 Petav.
998 434 1101 464 Plura
1117 434 1235 464 similia
1257 433 1332 464 vide
1358 432 1447 474 apud
1473 433 1527 464 Cl.

828 484 1009 515 Burmann.
1052 484 1094 514 ad
1132 486 1204 516 Val.
1235 486 1345 515 Flacc.
1374 493 1422 516 lv.
1451 486 1528 515 487.

828 533 837 549 ‘
855 533 1040 564 Instituere
1062 535 1173 564 toros?
1218 536 1345 565 (tn-bro
1363 539 1475 566 autem
1492 539 1527 565 et

828 583 906 613 alibi
918 583 967 614 hae
979 593 1079 614 voces
1089 589 1333 624 permutantur.
1362 585 1402 615 V.
1415 585 1531 616 Graev.

831 635 871 665 ad
881 635 1007 667 Justin.
1020 644 1059 667 11.
1074 639 1122 666 15.
1136 636 1278 666 ‘belluni
1296 635 1475 668 instituitt'
1494 640 1530 667 et

831 690 949 716 notata
965 686 1007 716 ad
1025 686 1176 716 Frontin.
1194 694 1251 716 111.
1266 689 1316 716 15.
1334 690 1366 716 6.
1391 687 1399 703 ‘
1417 686 1531 717 convi-

831 736 891 766 viis
908 735 970 766 sub
986 735 1019 766 id
1041 741 1175 775 tempus
1200 735 1399 766 institutisz’
1430 736 1530 775 vulgo

830 785 1013 815 instructis:
1042 785 1127 815 adeo
1141 789 1179 815 ut
1196 794 1262 816 non
1279 784 1431 815 dubitem
1451 785 1531 825 quin

830 835 1047 866 institueretur
1063 835 1172 866 verior
1187 835 1230 866 sit
1246 835 1361 874 lectio,
1375 838 1409 865 et
1425 834 1533 865 altera

833 887 877 917 sit
894 886 1027 917 Glossa.
1074 886 1130 916 Sic
1146 890 1181 916 et
1205 886 1213 901 ‘
1232 885 1410 915 instituere
1434 883 1533 914 remi·

833 935 901 976 ges'
926 945 980 966 111.
996 939 1027 966 9.
1044 938 1256 966 exstrueretur
1272 934 1442 965 meinoriae
1464 933 1535 964 eui-

834 996 877 1026 pa
893 986 976 1017 citat
993 986 1127 1026 Lipsius
1145 985 1292 1015 Poliorc.
1319 984 1411 1015 Dial.
1438 993 1477 1014 11.
1502 986 1533 1014 4.

832 1035 890 1066 ubi
908 1036 999 1066 iilum
1013 1036 1152 1066 Senecae
1170 1036 1282 1065 locum
1295 1033 1445 1064 adducit.

875 1090 896 1117 9
920 1087 1080 1127 Plerisque
1101 1084 1290 1124 hominibus]
1324 1085 1408 1115 Mss.
1436 1088 1471 1115 et
1493 1084 1536 1115 E-

833 1136 910 1167 ditt.
926 1137 1021 1168 Vett.
1046 1137 1222 1176 plerumque
1237 1133 1386 1165 omnibus.
1429 1134 1535 1164 Clark.

833 1187 993 1218 Beroald.
1016 1187 1128 1218 Ursin.
1153 1186 1284 1227 Gryph.
1309 1186 1432 1226 aliique
1449 1189 1535 1216 vett.

834 1237 918 1268 editi
942 1238 1024 1268 dant
1042 1238 1218 1278 plerumque
1241 1235 1395 1267 omnibus
1422 1234 1537 1266 Gallis.

835 1289 918 1329 Legi
936 1294 1038 1330 queat
1061 1288 1216 1329 plerisque
1240 1286 1395 1319 omnibns
1422 1285 1537 1316 Gallis.

836 1340 983 1379 Elegans
1000 1344 1052 1370 est
1068 1339 1194 1370 locutio
1212 1338 1360 1378 satisque
1378 1340 1458 1367 nota
1481 1335 1537 1366 vel

837 1399 879 1420 ex
901 1390 1053 1421 Terentii
1069 1389 1176 1420 Andr.
1200 1388 1280 1419 Act.
1306 1397 1329 1418 1.
1354 1396 1399 1417 sc.
1429 1389 1459 1416 1.
1484 1387 1537 1416 28.

838 1441 964 1471 Forsan
981 1444 1091 1471 tamen
1108 1440 1223 1470 Caesar
1247 1438 1384 1477 reliquit
1403 1437 1537 1476 plerum-

837 1500 894 1530 que
910 1490 1081 1520 hominibus
1098 1489 1214 1527 Gallis,
1242 1492 1279 1518 ut
1302 1486 1430 1517 habent
1455 1485 1539 1516 Got-

839 1544 926 1579 torp.
958 1537 1121 1579 Egmond.
1149 1537 1271 1567 Petav.
1294 1536 1458 1575 Bongars.
1484 1543 1538 1575 pr.

838 1599 906 1621 sec.
936 1593 1017 1620 tert.
1043 1588 1166 1628 aliique
1190 1586 1288 1617 Msti.
1326 1584 1436 1616 Daris.
1467 1593 1538 1615 cur.

840 1647 907 1670 sec.
939 1639 1118 1679 Deceptus
1133 1642 1184 1668 est
1193 1637 1241 1668 Cl.
1255 1635 1417 1667 Davisius
1427 1644 1539 1666 exem-

840 1688 927 1728 plari
955 1686 1175 1718 Celeberrimi
1204 1685 1360 1724 Fabricii,
1391 1685 1446 1715 cui
1473 1684 1539 1715 illae

839 1737 1012 1767 variantes
1050 1736 1232 1776 adscriptae
1271 1740 1379 1773 erant,
1413 1739 1448 1765 at
1484 1733 1541 1765 de-

840 1790 982 1827 sumptae
999 1796 1041 1817 ex
1066 1787 1129 1817 Ed.
1155 1785 1314 1826 Gryphii,
1341 1785 1374 1815 in
1392 1793 1458 1825 qua
1473 1793 1539 1815 non

840 1837 1021 1877 hominibus,
1051 1836 1110 1867 sed
1140 1835 1280 1867 omnibus
1306 1834 1436 1865 editum
1465 1840 1539 1865 est:

839 1887 992 1928 adeoque
1008 1886 1098 1917 nulla
1114 1886 1278 1917 adnotata
1293 1890 1368 1916 erat
1383 1884 1542 1915 varietas.

841 1937 969 1968 Omnes
991 1936 1080 1967 enim
1104 1936 1151 1967 illi
1176 1935 1320 1967 Codices
1344 1934 1542 1976 (Bongarsi-

840 1996 939 2017 anum
963 1986 1108 2027 primum
1135 1986 1209 2027 ipse
1235 1984 1381 2026 contuli)
1407 1984 1543 2025 reliqui-

842 2046 907 2078 que
924 2046 943 2067 a
957 2046 1011 2067 me
1028 2036 1091 2067 visi
1106 2040 1141 2067 et
1165 2035 1251 2066 Edd.
1276 2039 1443 2077 quotquot
1466 2044 1546 2065 con·

842 2086 941 2126 sumi,
971 2090 1049 2117 ante
1079 2086 1288 2126 Scaliger-um
1319 2084 1446 2115 habent
1477 2085 1543 2124 ple-

841 2145 966 2176 rumque
989 2136 1138 2172 omnibus,
1165 2140 1291 2175 praeter
1312 2135 1380 2165 Ms.
1406 2134 1542 2166 Cari-ar.

843 2191 878 2217 et
904 2186 1139 2217 Dukerianum
1152 2187 1330 2226 plerumque
1353 2183 1547 2215 hominibus:

839 2237 993 2277 plerisque
1016 2237 1157 2267 omnibus
1186 2237 1412 2277 conjecerunt
1441 2235 1546 2266 etiam

844 2296 887 2317 ex
909 2287 1069 2317 Terentio
1093 2286 1279 2325 Manutius,
1301 2285 1484 2316 Hotoman.
1509 2289 1546 2314 et

844 2337 1025 2368 Wasseus:
1055 2346 1094 2368 ac
1110 2337 1143 2367 ni
1162 2340 1326 2376 excerpta
1338 2334 1472 2374 fallunt,
1496 2333 1545 2365 sic

846 2387 987 2418 exhibet
1003 2387 1094 2418 clare
1119 2386 1236 2418 Codex
1251 2385 1429 2425 Scassigeri,
1455 2384 1548 2415 uude

845 2437 902 2468 ille
919 2438 990 2468 sine
1008 2437 1109 2468 dubio
1124 2436 1235 2467 hausit
1247 2436 1410 2476 plerisque.
1443 2433 1545 2465 Adde

846 2487 973 2518 Heaut.
1006 2495 1055 2517 lv.
1082 2489 1113 2516 7.
1143 2489 1174 2517 2.
1212 2485 1351 2516 Pborm.
1381 2494 1404 2515 1.
1436 2487 1466 2515 3.
1493 2486 1546 2514 20.

846 2537 855 2552 ‘
870 2536 1025 2577 plerique
1042 2536 1178 2577 ingenio
1195 2545 1307 2566 sumus
1335 2543 1447 2565 omnes
1462 2533 1482 2563 :'
1511 2538 1547 2563 et

847 2587 938 2618 alios.
996 2586 1125 2618 Confer
1157 2586 1248 2617 Geli.
1279 2594 1359 2615 vm.
1388 2587 1436 2614 12.
1490 2582 1549 2613 Sic

845 2637 983 2667 ‘omnes
1008 2637 1130 2677 reliqui
1147 2636 1212 2666 alii'
1242 2635 1334 2665 Hirt.
1365 2634 1407 2663 Β.
1437 2631 1546 2664 Afric.

847 2695 877 2717 e.
907 2689 961 2717 63.
1005 2687 1072 2717 Sed
1102 2686 1280 2726 plerumque
1310 2683 1379 2712 six-e
1409 2681 1548 2712 omuibus

847 2737 917 2767 sive
933 2736 1105 2766 nominibus
1120 2736 1225 2775 legas,
1245 2742 1309 2763 uon
1327 2732 1454 2763 moveri
1469 2731 1548 2763 hinc

847 2787 960 2820 debet.
1007 2787 1121 2818 Graec.
1163 2782 1316 2815 πολλάκις
1351 2783 1380 2814 οἱ
1420 2781 1546 2815 Γάλλοι.
