1818 3131
210 250 323 293 1366

210 355 254 387 G.
274 365 297 386 1.
317 358 365 386 14.
391 356 399 372 ‘
416 354 550 385 Veteris
562 355 778 387 contumeliae
793 366 916 388 memo-

210 406 292 437 riam
309 404 506 445 deponere!

254 460 293 487 15
320 456 453 486 Classem
466 459 629 496 ponasque
644 456 831 497 reseces-mit]
861 459 916 490 Sic

211 516 230 536 e
243 505 310 536 Ms.
329 506 463 537 Carrar.
481 506 629 546 reposuit
646 507 811 548 Scaliger:
841 519 915 539 cum
929 515 936 522 ‘

209 561 311 588 antea
325 557 452 587 editum
464 561 554 588 esset
569 559 693 589 classem
706 561 733 589 ct
751 563 855 599 portas
872 569 917 590 re-

198 608 364 649 ficiebant.
413 608 527 650 Atque
557 610 607 641 ita
637 611 800 642 exhibent
833 612 916 642 Mss.

210 659 289 698 mei,
305 659 366 690 nisi
383 660 472 700 qnod
499 665 627 701 ponant
643 672 717 692 cum
736 663 831 692 (tarr.
847 673 917 701 por-

209 712 260 740 tas
276 714 354 740 ante
370 711 503 742 classem.
552 711 591 742 In
608 713 732 743 Lovan.
755 716 864 752 portas
886 717 917 743 et

208 761 357 792 clmcsim:
381 760 450 792 fors
479 763 615 799 classim,
645 768 681 793 nt
709 764 788 793 alibi
817 768 851 793 et
876 764 915 794 B.

210 809 319 841 Afric.
349 821 378 842 c.
407 815 436 842 9.
463 812 542 843 hinc
567 814 655 843 classi
684 813 714 842 iu
743 813 916 845 A1›1at.V.

212 860 320 891 Drak.
339 861 379 891 nd
400 861 472 892 Liv.
490 871 537 892 lv.
556 864 607 892 31.
635 861 728 892 Leitl.
749 872 798 902 pr.
812 866 919 902 portas

209 911 354 941 claustris
379 911 438 948 ref.
455 913 554 942 Voss.
586 913 698 949 clause,
723 912 821 943 Leid.
848 923 917 944 sec.

211 970 248 990 αι·
260 964 370 1000 portas
386 960 442 998 rqf.
460 962 530 992 sine
555 964 668 992 classe:
704 963 763 992 sed
789 963 918 1002 optime

211 1010 333 1042 Petav.
350 1016 384 1042 et
400 1012 526 1052 scalig.
539 1022 649 1051 maros,
661 1014 800 1049 classem,
812 1016 920 1052 portas

213 1061 266 1091 vcl
289 1065 372 1100 port.
396 1063 445 1098 cl..
470 1062 660 1103 reficiebant.
709 1062 810 1095 Quod
827 1063 919 1093 cxlii-

214 1109 281 1141 bui.
341 1111 427 1142 Nam
459 1111 622 1143 credibile
654 1116 718 1151 est,
749 1122 807 1143 eos
838 1118 918 1143 tnnc

212 1161 322 1192 adhuc
341 1162 373 1192 in
392 1163 448 1193 illo
465 1173 567 1203 opere
592 1162 694 1194 fuisse
721 1168 917 1203 occupatos.

215 1211 318 1243 Certe
350 1213 444 1244 Carr.
474 1213 559 1244 (lod.
590 1214 675 1244 tanti
702 1223 768 1244 non
795 1219 858 1251 cst,
882 1218 919 1244 ut

213 1265 486 1305 ceterorum‚qui
504 1264 631 1295 liabent
646 1265 835 1305 reficiebant,
854 1265 919 1295 lec-

213 1314 341 1345 tionem
356 1315 432 1345 ideo
451 1325 468 1345 e
486 1320 582 1345 textu
605 1315 793 1354 ejiciamus.
842 1317 921 1346 Pas-

213 1366 276 1396 sim
300 1375 375 1396 cum
399 1366 480 1395 meis
498 1365 742 1396 recentissimis
758 1366 854 1396 libris
871 1375 920 1395 so-

211 1415 259 1445 let
276 1414 483 1454 conspirare.

258 1474 374 1497 xxxv.
406 1469 419 1496 l
449 1467 690 1497 Massiliensium
717 1475 765 1497 xv
790 1466 920 1507 primos]

215 1516 441 1548 Πεντεκαίδεκα
466 1519 674 1557 προεστῶτας.
720 1517 807 1548 Nam
826 1521 863 1547 ut
879 1527 921 1547 ex

214 1568 383 1599 Strabone
416 1568 574 1599 discimus
604 1569 625 1599 l.
658 1578 708 1600 ιν.
742 1569 922 1599 διοικοῦνται

215 1620 472 1660 ἀριστοκρατικῶς
495 1620 523 1650 οἱ
551 1621 776 1650 Μασσαλιῶται
800 1618 923 1651 πάντων

215 1671 420 1709 εὐνομώτατα·
460 1671 574 1712 ἄνδρων
604 1671 636 1711 7(
667 1671 923 1708 καταστήσαντες

215 1722 383 1763 συνέδριον,
415 1723 464 1754 διὰ
489 1723 559 1759 βίον
573 1723 691 1761 ταύτην
714 1723 850 1763 ἐχόντων
865 1723 924 1760 τὴν

214 1775 317 1814 τιμὴν,
334 1774 384 1805 οὓς
399 1774 569 1814 Τιμούχους
591 1776 732 1806 καλοῦσι·
764 1775 922 1806 πεντεκαί-

218 1827 293 1857 δεκα
316 1828 341 1857 δ’
369 1826 427 1857 εἶσὶ
452 1828 508 1857 τοῦ
537 1825 692 1867 συνεδρίου
720 1828 924 1866 προεστῶτες,

216 1875 339 1907 τούτοις
367 1875 399 1907 δὲ
424 1876 465 1907 τὰ
488 1875 637 1916 πρόχειρα
661 1877 783 1906 διοικεῖν
798 1875 924 1906 δίδοται·

216 1925 314 1956 πάλιν
342 1925 375 1956 δὲ
401 1928 463 1956 τῶν
493 1924 522 1955 ιε’
549 1924 755 1966 προκάθηνται
782 1927 864 1965 τρεῖς
894 1925 922 1955 οἱ

217 1977 371 2007 πλεῖστον
387 1975 561 2016 ἰσχύοντες.
623 1976 735 2016 Igitur
771 1975 926 2007 sexcenti

219 2027 401 2058 Senatores
434 2027 714 2066 Massiliensibus,
743 2026 776 2057 in
801 2027 852 2057 his
877 2034 925 2056 xv

218 2078 293 2117 viri,
304 2087 388 2118 quos
402 2076 594 2115 Τιμούσχους
607 2080 742 2114 vocant,
751 2076 927 2117 praecelle-

219 2128 326 2167 bant;
351 2133 386 2159 et
411 2128 501 2159 inter
521 2126 688 2166 τιμούχους
714 2132 785 2158 tres
812 2127 928 2167 praesi-

219 2179 361 2210 debant.
422 2179 533 2210 Etiam
564 2178 716 2209 meminit
744 2177 927 2216 anianus,

220 2230 279 2271 qui
298 2229 463 2260 Massiliae
480 2229 650 2260 rhetorem
665 2228 746 2269 egit,
759 2227 792 2257 in
806 2227 929 2258 'roxari

221 2288 255 2319 p.
288 2282 340 2310 71.
373 2279 428 2310 ubi
459 2279 609 2321 loquitur
643 2278 686 2308 de
724 2277 928 2309 Menecrate

222 2330 442 2370 Massiliensi,
466 2334 501 2361 et
516 2329 668 2370 ejusdem
692 2328 785 2360 urbis
803 2329 929 2369 judici-

223 2382 304 2413 bus:
340 2379 442 2421 χρόνῳ
465 2379 497 2411 δὲ
524 2381 540 2410 ὁ
570 2377 766 2420 Μενεκράτης
793 2377 929 2421 ἀφῃρέθη

223 2431 282 2469 τὴν
310 2430 416 2462 οὐσίαν
443 2431 477 2462 ἐκ
503 2429 681 2470 καταδίκης,
712 2429 765 2461 ὅτε
793 2443 851 2471 περ
878 2430 929 2461 καὶ

224 2482 331 2520 ἄτιμος
356 2481 481 2521 ἐγένετο
507 2481 565 2512 ὑπὸ
597 2483 659 2511 τῶν
688 2480 863 2521 ἑξακοσίων,
890 2482 930 2513 ὡς

223 2532 455 2576 ἆπεφῃνάμενος
475 2533 600 2572 ’γνώμην
621 2531 814 2573 παράνομον;
860 2533 930 2563 Ali-

224 2586 344 2626 quando
359 2594 430 2615 vero
451 2584 515 2615 suis
534 2583 741 2622 facultatibus
756 2586 799 2614 est
818 2584 929 2614 multa-

225 2639 277 2667 tus
303 2636 509 2675 Menecrates,
532 2638 562 2666 et
590 2636 693 2666 eodem
713 2645 827 2676 qaoque
853 2638 929 2666 tem-

222 2696 298 2727 pore
327 2686 456 2725 infamis
477 2686 703 2726 pronunciatus
729 2696 747 2715 a
776 2685 932 2717 sexcentis

225 2738 314 2778 viris,
336 2741 484 2779 tanquam
506 2736 622 2778 iniqua:
645 2736 806 2768 sentcntioe
827 2739 928 2767 autor.

228 2788 343 2819 Etiam
368 2787 526 2819 Valerius
555 2786 697 2818 Maxim.
728 2795 769 2817 11.
797 2790 829 2817 6.
860 2786 927 2817 ait:

227 2839 235 2854 ‘
254 2839 431 2871 Venenum
447 2838 548 2871 datm
569 2838 612 2877 ei,
627 2838 683 2881 qui
696 2847 831 2870 caussas
849 2837 930 2870 Sex-

676 260 818 292 NOTAE
852 262 1076 294 VARIORU
1086 263 1118 293 M
1156 263 1208 292 IN

968 359 1090 396 centis,
1105 358 1155 399 (id
1187 358 1275 389 enim
1303 358 1446 389 Senatus
1461 359 1533 399 ejus
1548 368 1671 392 nomen

968 410 1050 447 est‚)
1068 408 1247 446 exhibuit(
1263 411 1327 439 &cu
1357 409 1487 439 Vossius.

1010 463 1029 491 7
1058 460 1109 490 Es
1122 460 1309 490 anctoritate
1335 459 1399 489 Ιιιιέ
1424 460 1543 489 Coesari
1559 469 1673 491 remm-

967 510 1067 549 ciant]
1089 511 1230 542 Scilicet
1252 511 1382 551 publica.
1425 511 1502 541 Noli
1525 520 1602 542 cum
1619 512 1674 542 Ci-

969 561 1107 592 acconio
1134 561 1246 592 dicere
1271 563 1322 592 liic
1341 562 1460 592 deesse
1478 571 1594 593 vocem
1616 563 1675 593 ali-

970 620 1080 651 quam.
1107 611 1303 649 Elegantius
1317 612 1517 643 subticetur.
1541 613 1675 645 Vossius.

1011 663 1032 690 9
1056 660 1189 691 Sauram
1205 671 1266 692 esse
1289 662 1402 693 viriam
1417 663 1593 704 decernere]
1614 663 1674 695 Ju-

970 710 1098 749 dicare,
1128 711 1179 741 vel
1197 716 1329 741 certum
1353 718 1517 744 statuere.
1564 713 1673 745 Editt.

969 762 1162 797 discernet-m
1187 762 1246 792 sed
1261 772 1320 792 nos
1347 763 1455 793 secuti
1473 773 1584 794 snmus
1602 774 1676 794 cer-

972 813 1132 843 tissimam
1168 813 1439 844 emendationem
1470 813 1588 844 summi
1613 814 1676 845 viri

969 864 1003 895 J.
1023 864 1076 895 Fr.
1096 865 1273 902 Gronovii,
1291 866 1347 906 qui
1361 865 1403 895 de
1420 866 1536 896 barum
1554 874 1675 896 vocum

971 914 1162 944 discrimine
1187 915 1351 946 videndus
1381 920 1433 946 est
1456 915 1601 947 Observ.
1618 924 1676 947 ιιι.

972 967 1023 994 13.
1050 975 1082 1005 p.
1099 968 1172 996 5217.
1197 965 1306 996 Daris.
1333 966 1415 996 Mss.
1433 971 1545 997 tamen
1561 975 1677 997 omnes

970 1015 1138 1047 mordicus
1164 1016 1315 1046 retinent
1343 1016 1523 1047 discernere.
1567 1016 1634 1047 Sed
1659 1026 1678 1046 a

972 1067 1146 1098 Gronovio
1177 1072 1269 1098 stant
1299 1067 1478 1105 Cellarins,
1515 1066 1674 1098 Clarkins

972 1117 1107 1157 aliique.
1132 1117 1221 1148 Vide
1238 1117 1278 1147 ad
1293 1118 1332 1147 B.
1348 1118 1389 1147 G.
1403 1126 1450 1148 vr.
1469 1119 1520 1148 13.
1544 1118 1554 1134 ‘
1569 1116 1677 1148 Iidem

972 1166 1193 1197 decernunt?
1229 1171 1263 1197 et
1289 1168 1383 1197 Cort.
1412 1166 1453 1196 ad
1478 1167 1615 1197 Sallust.
1636 1167 1678 1198 B.

973 1218 1048 1249 Cat.
1075 1228 1105 1248 e.
1130 1220 1181 1248 ⁶25.
1207 1217 1263 1247 nbi
1289 1223 1408 1248 contra
1439 1218 1522 1248 Mss.
1541 1226 1676 1259 quoque

973 1268 1113 1299 exbibet
1145 1269 1153 1284 ‘
1175 1268 1350 1306 Pecuniae,
1379 1277 1418 1297 an
1444 1266 1542 1298 t'aniae
1569 1267 1678 1298 minus

974 1322 1144 1357 parceret,
1161 1317 1249 1347 baud
1267 1317 1366 1348 facile
1383 1316 1612 1347 decerneres)

1020 1370 1056 1397 14
1087 1367 1193 1397 Victus
1209 1367 1346 1407 Gallias]
1370 1368 1449 1398 Non
1465 1372 1681 1398 contemnen-

975 1417 1019 1447 da
1056 1417 1194 1449 videtur
1226 1418 1430 1459 Glandorpii
1468 1419 1680 1459 conjectura,

975 1468 1032 1508 qui
1048 1469 1131 1508 legit
1147 1468 1242 1499 victos
1259 1468 1380 1509 Salyas.
1413 1469 1522 1500 Erant
1534 1468 1622 1500 enim
1636 1468 1682 1509 hi,

976 1521 1121 1560 populus
1139 1520 1409 1551 Massiliensibus
1427 1519 1573 1558 vicinus;
1597 1529 1680 1561 qnos

973 1570 1097 1600 Strabo
1113 1570 1261 1609 (citante
1275 1569 1438 1610 Cellario)
1455 1580 1520 1601 nna
1534 1580 1609 1601 cum
1623 1569 1682 1601 Al-

974 1620 1058 1650 bicis
1074 1625 1239 1651 memorat
1251 1632 1258 1651 z
1277 1621 1365 1651 Μετὰ
1377 1620 1448 1652 τοὺς
1461 1619 1596 1661 Σάλυας,
1609 1621 1683 1652 Ἀλ-

974 1673 1050 1707 βιεῖς
1062 1671 1288 1707 καὶἈλβὶοικοι
1302 1671 1352 1703 καὶ
1366 1671 1554 1703 Οὐοκόντιοι.
1569 1674 1683 1705 Quan-

976 1732 1075 1764 quam
1101 1727 1136 1754 ct
1153 1723 1251 1754 rictas
1269 1724 1392 1755 Gallias
1409 1723 1554 1764 intelligi
1577 1722 1684 1763 possit

972 1776 1095 1814 partem
1133 1774 1248 1812 Galliae
1278 1774 1353 1815 ipsis
1389 1775 1533 1805 vicinam.
1573 1773 1682 1804 Clark.

975 1824 1206 1856 Vehementer
1231 1825 1345 1865 placet
1373 1825 1453 1855 mibi
1486 1825 1683 1865 conjectura

977 1873 1180 1914 Glandorpii
1197 1875 1317 1916 Salyas,
1343 1875 1414 1906 sive
1440 1875 1567 1915 potins,
1583 1879 1622 1907 ut
1642 1884 1683 1906 eo

976 1925 1083 1964 magis
1097 1925 1252 1965 accedat,
1265 1924 1386 1965 Sallyas
1400 1926 1452 1956 vel
1470 1924 1580 1956 Sallics
1590 1935 1601 1955 .·
1617 1934 1683 1966 quo

976 1974 1059 2005 facit
1087 1975 1184 2006 Leia.
1213 1985 1262 2015 pr.
1294 1975 1407 2006 Gallie.
1456 1975 1512 2006 De
1541 1975 1582 2006 iis
1606 1975 1683 2005 vide

978 2026 1169 2057 Comment.
1189 2026 1231 2056 ad
1249 2026 1337 2056 Flor.
1354 2034 1394 2056 ιι.
1408 2029 1437 2056 3.
1457 2035 1512 2058 ιιι.
1529 2028 1559 2057 2.
1600 2025 1684 2056 Hol-

979 2079 1064 2106 stcn.
1077 2076 1119 2107 ad
1133 2076 1252 2116 Steph.
1270 2080 1305 2106 ct
1317 2075 1456 2107 Salmas.
1471 2075 1562 2106 Plin.
1580 2075 1685 2106 Exer-

979 2126 1038 2157 cit.
1063 2136 1097 2166 p.
1115 2128 1167 2157 66.
1186 2135 1224 2156 ac
1242 2135 1301 2156 nos
1319 2125 1464 2166 denique
1487 2124 1530 2156 ad
1554 2124 1683 2166 Obseq.

978 2187 1007 2208 c.
1038 2180 1090 2208 90.
1120 2178 1129 2193 ⁶
1156 2176 1296 2217 Ligures
1330 2177 1458 2218 Sallyes
1497 2175 1684 2207 trucidati!

982 2227 1124 2259 Hotom.
1157 2227 1360 2268 conjiciebat
1390 2228 1473 2259 victa
1502 2227 1622 2267 Gallia,
1647 2229 1686 2257 ut

981 2286 1063 2319 quos
1079 2287 1177 2319 agros
1195 2277 1379 2318 Pompeius
1402 2277 1602 2318 simpliciter
1617 2275 1685 2307 fru-

980 2328 1086 2359 endos
1103 2329 1321 2368 concesserit,
1332 2337 1389 2359 eos
1403 2328 1519 2360 Caesar
1530 2327 1685 2358 absolute

981 2378 1068 2410 dono
1096 2378 1249 2418 dederit3
1273 2379 1326 2410 vel
1345 2379 1518 2418 attriverit,
1542 2377 1626 2409 licet
1648 2376 1683 2407 id

981 2428 1186 2461 beneficium
1204 2434 1276 2461 tnm
1291 2430 1396 2461 nihilo
1413 2429 1518 2471 magis
1535 2427 1576 2459 ad
1593 2427 1685 2458 Mas-

980 2479 1147 2520 silienses,
1162 2489 1262 2521 quam
1277 2479 1320 2511 ad
1345 2479 1533 2510 universam
1550 2477 1686 2518 provin-

981 2531 1068 2562 ciam
1098 2531 1296 2571 pertineret.
1340 2528 1512 2562 Attriverit
1542 2527 1685 2569 margini

982 2581 1108 2614 adlevit
1122 2582 1224 2613 etiam
1239 2581 1383 2622 Lipsius,
1398 2580 1496 2611 immo
1510 2579 1558 2610 ita
1572 2577 1685 2609 inveni

981 2632 1016 2664 in
1043 2632 1140 2665 Leid.
1167 2642 1233 2664 sec.
1274 2631 1322 2662 At
1338 2629 1552 2661 verisimilior
1568 2632 1605 2659 et
1619 2628 1687 2659 ele·

981 2685 1114 2725 gantior
1128 2684 1232 2715 multo
1255 2686 1308 2713 cst
1330 2679 1531 2721 Glandorpii
1552 2677 1685 2720 conjec-

981 2739 1070 2766 tura.

1025 2792 1156 2816 xxxvl.
1172 2786 1193 2815 6
1217 2783 1337 2814 Earum
1351 2781 1456 2821 clavis,
1477 2782 1531 2811 aut
1543 2778 1687 2815 materia,

981 2839 1071 2877 atque
1095 2833 1293 2867 armamentis
1318 2831 1496 2872 insaniens]
1520 2830 1631 2862 Aliter
1646 2833 1684 2860 ut
