1818 3131
308 221 398 251 [AB.
424 219 529 249 Vlll.
551 218 657 247 CAP.
681 207 844 248 1721)ss
880 219 1033 249 ummo
1065 218 1291 248 GALLlCO.

78 324 160 346 moae
180 315 384 355 conjecturae
409 313 509 344 fidem
534 311 605 348 des,
627 319 700 341 eam
725 310 772 339 di-

77 372 168 395 serte
190 365 325 395 firmant
349 364 512 403 Bongars.
541 366 623 399 tres,
650 359 770 390 Petav.

80 415 216 446 Norvic.
237 416 360 446 hovam.
378 414 542 452 Gottorp.
567 411 677 442 Datis.
700 420 771 441 cur.

78 476 146 496 sec.
200 466 324 496 Fateor
359 463 420 494 sub
458 462 560 492 verbo
594 461 774 501 pabulatum

77 515 236 546 facillime
258 523 356 555 posse
371 512 578 553 subintelligi
597 511 774 549 frumentu-

77 566 213 600 tionem,-
239 571 382 604 utraque
405 564 494 594 enim
512 573 566 594 res
590 573 657 594 uuo
680 563 774 604 pabu-

75 614 203 644 lationis
230 613 363 643 nomine
396 613 511 650 venit;
542 614 644 644 immo
676 613 774 644 video

75 664 252 703 pabulatum
283 662 416 700 agnosci
449 672 467 692 a
501 662 619 701 Cujac.
651 663 774 701 scalig.

78 714 171 745 Leid.
197 723 250 753 pr.
273 713 385 744 Oxou.
403 718 439 742 et
457 712 600 743 Andino.
647 712 775 744 Nihilo-

77 764 185 794 minus
210 763 323 794 malim
340 772 415 793 cum
442 762 592 793 Grutero
614 767 649 792 et
671 762 775 793 Davi·

77 815 126 844 sio
147 814 224 844 liinc
248 822 320 844 eam
347 822 463 843 vocem
491 812 677 852 expellere,
698 821 775 843 aut·-

78 865 216 894 toritate
256 868 460 901 ceterorum,
501 868 669 903 quotquot
708 862 774 892 vidi

78 915 254 951 Codicum,
285 914 505 954 aliorumque,
542 913 590 944 uti
620 917 656 944 et
687 912 775 944 Edd.

77 964 410 1005 antiquissimarum:
472 964 552 994 item
604 963 775 995 Beroaldi.

77 1015 221 1052 Mittere,
233 1014 474 1044 subintellecto
487 1013 679 1044 accusativo
692 1013 777 1053 ejus,

76 1065 119 1095 de
150 1073 215 1104 quo
243 1073 352 1095 sermo
384 1069 448 1102 est,
482 1064 666 1104 saepissime
697 1064 775 1104 poni

75 1120 191 1146 notum
216 1119 288 1151 θεῖς
321 1113 471 1154 quamvis
498 1114 691 1145 intrudatur
716 1124 776 1145 sae-

75 1165 224 1206 pissime.
268 1164 356 1194 Vide
371 1163 413 1194 ad
431 1172 454 1194 1.
472 1166 525 1195 34.

117 1218 136 1246 'a'
174 1214 413 1256 Equitutumque
452 1224 510 1254 qua
545 1214 775 1255 consuetudine]

77 1265 145 1297 MS.
162 1265 268 1296 Norv.
318 1265 555 1304 equitatumque
575 1275 631 1296 suu
652 1275 776 1296 consue-

77 1316 192 1346 tudine.
251 1314 306 1344 An
342 1314 410 1355 legi
448 1313 554 1354 possit
590 1315 775 1354 equitatum,

77 1375 167 1406 quem
194 1375 249 1395 sua
278 1365 502 1403 consuetudine,
531 1362 616 1403 δῖα]
671 1365 776 1395 Certe

77 1415 201 1446 clarior
225 1414 287 1445 hoc
316 1413 416 1444 ruodo
440 1418 477 1444 et
502 1413 685 1444 dilucidior
710 1414 777 1445 crit

78 1465 258 1496 sententia.
304 1464 345 1494 Iu
369 1462 493 1494 Aldiuo
518 1468 572 1494 est
594 1464 778 1503 equitatum-

79 1526 147 1556 que,
175 1524 262 1555 quem
292 1514 356 1554 ipse
383 1513 638 1554 pabulatoribus5
675 1524 775 1555 quam

78 1565 260 1597 lectionem
290 1564 412 1605 probat
439 1564 493 1595 Fr.
519 1563 776 1602 Hotomannus;

79 1622 115 1647 et
138 1615 275 1657 quidem
301 1619 442 1655 recepta
466 1620 517 1645 est
543 1613 686 1654 facilior,
714 1624 777 1647 nec

79 1674 194 1698 tamen
223 1666 379 1705 admitto,
407 1666 658 1697 emendatorem
688 1667 777 1698 euim

80 1719 224 1750 redolet.
261 1718 373 1750 Datis.
421 1718 519 1753 Quem
547 1719 692 1759 proesidio
723 1729 779 1759 μα-

83 1770 271 1801 bulatoribus
289 1770 412 1801 mittere
426 1779 544 1810 semper
564 1775 777 1802 consueverat.-

83 1823 131 1853 ita
157 1823 294 1854 exhibet
319 1823 386 1854 Ms.
413 1823 561 1862 Regius,
588 1823 651 1853 nisi
675 1823 777 1863 quod,

82 1882 144 1913 pro
157 1873 315 1913 proesidrb,
332 1872 495 1914 scriptum
513 1873 557 1904 sit
573 1873 636 1913 ipse
649 1873 777 1904 attritio.

82 1924 235 1964 Scaliger
261 1924 388 1964 aliique
413 1922 606 1962 ediderunt,
631 1933 689 1963 qua
709 1933 778 1954 con-

80 1974 259 2004 metudine:
280 1974 347 2004 Ms.
365 1974 489 2005 Eliens.
505 1973 621 2012 habet,
639 1983 694 2004 sua
708 1983 778 2004 con-

83 2024 264 2060 metuam,-
295 2023 385 2054 forte
413 2023 554 2058 QUEM
575 2033 631 2054 sua
659 2033 779 2055 consue-

82 2073 200 2110 tudine,
229 2083 312 2104 voce
341 2083 428 2113 quem
459 2073 492 2104 in
526 2073 780 2114 praecedentem

83 2124 313 2164 equitatumque
346 2123 519 2164 absorpta,
550 2123 782 2163 pabulatoribus

83 2173 206 2204 mittere
238 2173 384 2212 presidio
421 2176 624 2204 consueterat.
671 2174 780 2205 Clark.

84 2223 224 2254 Temere
262 2223 334 2253 liaec
364 2223 584 2262 interpolavit
614 2224 780 2255 Clarkius.

86 2272 204 2304 Nostri
227 2282 342 2303 omnes
368 2273 514 2314 vulgatis
540 2275 782 2312 consentiunt,

85 2323 148 2354 nisi
169 2323 259 2364 quod
281 2333 370 2364 quem
393 2334 419 2354 c.
442 2323 569 2355 habeat
594 2325 689 2356 Leid.
714 2334 783 2357 sec.

84 2374 144 2405 sed
176 2375 338 2415 Bongars.
372 2383 423 2415 pr.
459 2375 618 2415 proesidiu.
664 2376 782 2407 Vere:

85 2425 133 2456 sic
160 2424 342 2465 ‘praesidia
366 2425 492 2456 Caesuri
519 2425 652 2457 adduci'
690 2426 782 2458 Hirt.

85 2474 127 2506 B.
141 2474 243 2506 Alex.
266 2485 296 2506 c.
312 2478 366 2505 25.
391 2485 464 2515 quae
482 2484 546 2506 vox
562 2475 639 2507 hinc
656 2477 785 2508 excidit

85 2525 118 2557 iu
149 2535 284 2557 versum
313 2531 540 2566 sequentem3
578 2527 634 2557 ubi
664 2528 785 2558 auxilia

85 2585 157 2608 esse
169 2577 385 2607 scribendum
399 2581 491 2608 recte
505 2577 622 2608 docuit
635 2578 782 2608 Vossius.

86 2625 154 2657 Hic
176 2625 274 2658 deest
297 2627 331 2657 in
355 2627 452 2658 Leid.
481 2637 530 2668 pr.
558 2627 648 2668 quod
675 2637 784 2658 meam

87 2675 276 2715 opinionem
306 2677 406 2709 unice
440 2677 630 2709 confirmat.
687 2678 784 2709 Dicit

89 2726 257 2757 cesarem
285 2734 484 2759 consuetum
513 2737 587 2759 esse
619 2728 785 2769 pabulati-

89 2776 206 2808 onibus
227 2777 291 2818 (sie
313 2779 401 2809 enim
430 2778 543 2810 Oxon.
568 2779 644 2810 vide
670 2789 699 2810 c.
716 2778 784 2819 11.)

1407 206 1519 248 1289

823 312 959 343 mittere
995 312 1153 353 praesidia
1188 311 1340 353 equitum
1370 320 1519 352 praeun-

824 368 918 391 uum.

865 414 886 440 9
911 412 995 442 Huic
1018 414 1185 453 interponit
1207 411 1353 452 presidia
1373 412 1448 442 let-is
1470 421 1520 442 ar-

824 460 969 500 maturae]
1001 462 1056 492 lia
1072 462 1207 502 quidem
1234 462 1385 503 Scaliger
1399 461 1520 500 edidit,

824 511 961 552 aliique,
977 511 1035 541 sed
1053 513 1165 551 potior
1179 513 1258 543 milii
1281 520 1332 544 est
1356 513 1521 544 autoritas

824 569 882 590 sex
911 560 993 592 Mss.
1022 561 1162 600 Cujacii,
1194 562 1232 593 B.
1262 573 1311 603 pr.
1341 573 1410 594 sec.
1442 568 1521 594 tert.

826 611 898 642 Pal.
929 611 1006 641 Pet.
1070 612 1096 642 li
1128 613 1255 643 babent
1282 615 1415 652 auxilia,
1444 623 1519 654 quae

826 661 970 700 genuina
999 670 1076 691 vox.
1123 662 1224 701 Nam,
1254 667 1291 693 ut
1319 664 1436 694 Festus
1461 664 1520 701 ait,

826 712 834 728 ‘
852 711 1034 742 auxiliares
1064 711 1221 742 dicuntur
1252 712 1286 743 iu
1322 713 1410 744 bello
1440 714 1521 744 socii

826 762 1048 792 Romanorum
1098 767 1290 793 exterarum
1339 758 1538 803 nationum‚'

825 815 908 846 dicti
947 824 989 845 ex
1020 814 1144 846 Graeco
1185 814 1354 845 vocabulo
1388 814 1521 853 αὔξησις,

826 865 914 906 quod
931 875 989 896 nos
1008 865 1147 896 dicimus
1164 875 1273 895 rerum
1297 866 1523 896 crescentium

825 915 1040 946 auctionem!
1085 915 1191 956 Atqui
1209 916 1357 956 loquitur
1373 915 1427 947 hic
1448 916 1526 947 Hir-

826 968 891 997 tius
907 967 949 998 de
967 967 1180 998 Germanicis
1197 967 1342 1005 auxiliis,
1359 977 1433 1008 quae
1451 968 1523 999 Cae-

827 1026 880 1046 sar
896 1016 971 1047 ideo
990 1017 1212 1047 transduxerat
1230 1017 1383 1055 Rhenum,
1408 1017 1526 1058 (supra

827 1066 913 1097 dixit
935 1072 1055 1097 auctor
1070 1067 1214 1106 nostem
1239 1071 1272 1097 ut
1299 1069 1454 1108 equitibus
1479 1069 1525 1098 ἰη-

825 1117 968 1157 terpositi
982 1116 1208 1156 praeliarentur.
1254 1119 1299 1148 Et
1316 1119 1430 1158 paullo
1445 1124 1524 1150 ante

826 1167 869 1198 de
885 1167 1002 1197 iisdem
1020 1166 1125 1197 dixit:
1151 1169 1161 1184 ⁶
1175 1172 1290 1198 nostra
1307 1168 1430 1198 auxilia
1447 1168 1528 1199 Gal-

826 1217 934 1247 lorum
950 1216 1286 1257 Germauorumque.'
1324 1217 1412 1248 Item
1429 1217 1527 1257 infra,

824 1269 833 1285 ‘
849 1268 1105 1308 Germanosque
1130 1267 1262 1307 pedites
1278 1278 1416 1299 summae
1440 1269 1527 1300 velo-

826 1317 965 1349 citatis!
997 1317 1045 1348 At
1062 1327 1178 1348 vocem
1194 1318 1342 1358 proesidia
1359 1328 1418 1358 pro
1435 1320 1526 1350 auxi-

826 1368 876 1398 liis
902 1368 1016 1407 legere
1041 1377 1093 1398 me
1118 1377 1280 1408 nusquam
1305 1368 1462 1399 memini:
1493 1375 1528 1400 et

827 1417 961 1448 merito.
1005 1417 1082 1447 Tria
1099 1417 1187 1447 enim
1203 1417 1338 1448 diversa
1354 1422 1430 1449 sunt
1447 1428 1526 1458 proe-

826 1467 951 1506 sidium,
973 1468 1104 1507 auxilia,
1130 1473 1166 1498 et
1188 1467 1334 1498 subsidia.
1380 1470 1389 1485 ‘
1406 1469 1528 1501 Praesi-

828 1518 944 1556 ilium,’
968 1518 1016 1548 ait
1036 1518 1164 1556 Festus,
1186 1518 1194 1534 ‘
1208 1523 1261 1548 est
1279 1519 1366 1559 quod
1384 1529 1446 1558 pro
1463 1520 1527 1551 uti-

827 1568 925 1599 litate
941 1577 979 1598 ac
995 1568 1101 1598 salute
1118 1568 1271 1608 alicujus,
1287 1569 1401 1599 auxilii
1418 1570 1526 1610 gratia

828 1618 1048 1658 praeponitur.
1094 1618 1298 1655 Subsidium,
1323 1619 1412 1660 quod
1438 1624 1529 1660 post-

829 1669 972 1708 positum
999 1673 1050 1699 est
1077 1668 1119 1699 ad
1146 1669 1413 1701 subveniendum
1438 1670 1530 1701 labo-

828 1719 1004 1751 rantibus.’
1050 1720 1150 1751 Unde
1168 1721 1252 1752 etin
1273 1721 1401 1753 Glossis
1422 1722 1531 1762 proesi·

827 1769 912 1800 dium
927 1770 1109 1810 exponitur
1131 1770 1315 1810 προστασία,
1341 1776 1377 1802 et
1391 1770 1527 1812 φρουράς

827 1821 942 1862 itaque
970 1821 1168 1861 elephantos
1190 1827 1226 1853 et
1250 1823 1373 1854 similes
1398 1823 1528 1854 belluas

828 1871 954 1912 optime
985 1872 1210 1911 appellaveris
1245 1873 1415 1913 praesidia.
1474 1875 1529 1905 De

829 1921 982 1953 subsidiis
999 1922 1102 1953 etiam
1118 1921 1393 1954 manifestissima
1408 1935 1472 1966 res,
1495 1932 1531 1958 et

828 1972 910 2002 satis
926 1972 1103 2003 declarant
1115 1973 1189 2004 haec
1205 1973 1310 2005 verba
1327 1975 1472 2007 Caesaris
1487 1977 1530 2009 de

829 2022 927 2052 Bello
952 2022 1051 2054 Civili
1076 2031 1102 2054 1.
1126 2023 1135 2039 ‘
1153 2023 1293 2063 primam
1318 2025 1424 2056 aciem
1453 2037 1532 2068 qua·

829 2081 937 2108 ternae
964 2074 1119 2105 cohortes
1149 2084 1193 2105 ex
1223 2083 1258 2107 V.
1282 2077 1412 2117 legione
1440 2083 1532 2111 tene-

831 2127 925 2164 bant,
940 2125 1000 2156 bas
1024 2124 1233 2157 subsidiariae
1258 2131 1378 2168 ternae,
1401 2134 1437 2160 et
1461 2140 1531 2161 rur-

833 2187 888 2208 sus
905 2176 978 2207 aliae
1004 2176 1145 2207 totidem
1169 2186 1235 2207 suae
1261 2179 1424 2220 cujusque
1451 2181 1532 2222 legi·

832 2227 905 2259 onis
922 2227 1242 2269 subsequebantur.¹
1286 2229 1354 2260 Hie
1378 2231 1530 2263 videmus

831 2277 968 2309 subsidia
998 2288 1132 2320 quoquc
1162 2289 1180 2310 e
1216 2279 1377 2312 Romanis
1414 2281 1532 2315 fuisse.

833 2328 977 2360 Eosdem
1015 2334 1128 2360 tamen
1166 2329 1338 2361 auxiliares
1376 2332 1531 2365 cohortes

833 2378 1035 2419 confecisse,
1051 2380 1172 2419 nullus,
1189 2379 1349 2421 arbitror,
1363 2382 1441 2412 mihi
1457 2392 1534 2423 pro-

834 2428 985 2460 baverit:
1012 2430 1132 2460 saltem
1149 2430 1203 2461 ubi
1219 2431 1358 2471 proprie
1376 2437 1531 2464 auctores

834 2480 1026 2520 loquuntur.
1067 2481 1154 2512 Nam
1171 2481 1253 2512 illud
1271 2481 1533 2522 observandum,

835 2539 926 2571 saepe
937 2531 1089 2562 absolute
1102 2532 1159 2563 has
1174 2541 1276 2564 voces
1289 2533 1381 2573 poni,
1393 2538 1428 2563 et
1440 2533 1531 2563 auxi-

834 2580 916 2611 lium
942 2579 1047 2620 ferre,
1079 2591 1145 2612 non
1167 2583 1276 2613 minus
1301 2583 1342 2613 de
1371 2583 1534 2622 Romano,

836 2639 935 2670 quam
952 2631 1052 2662 Gallo
1068 2631 1135 2663 dici
1151 2642 1260 2673 posse.
1295 2633 1340 2663 Et
1357 2637 1427 2663 tum
1443 2633 1533 2663 auxi-
1565 2656 1567 2658 -

835 2681 922 2719 lium,
960 2682 1151 2722 proesidium‚
1177 2688 1212 2713 et
1238 2682 1419 2721 subsidium,
1443 2682 1533 2713 idem

835 2728 905 2761 tere
934 2736 1055 2762 notare
1091 2742 1130 2763 ac
1159 2732 1349 2772 promiscue
1377 2733 1532 2772 usurpari

835 2789 949 2812 omues
980 2781 1125 2813 scimus:
1172 2788 1208 2813 et
1239 2781 1369 2813 Glossoe
1401 2791 1533 2824 quoque
