1818 3131
232 221 346 266 1126

231 332 386 375 peditum
414 330 644 372 equitumque*
689 331 787 363 dixit.
822 333 934 364 Daris.

231 391 296 414 vn.
312 386 364 413 76.
388 382 396 398 ‘
415 382 532 411 'l'antae
557 382 665 421 copiae
686 383 862 424 equitatus
880 391 936 424 pe-

232 431 454 472 (inanisque)

276 487 314 514 15
340 483 448 513 Miltia
460 491 491 522 p.
509 482 612 524 longe]
638 483 850 525 Quamquam
868 493 937 515 sus-

230 537 366 575 pectam
385 532 487 562 habet
504 531 590 563 hanc
611 533 815 564 locutionem
833 534 936 564 Scali-

231 592 305 625 ger,
320 587 433 614 tamen
447 582 632 622 saepissime
650 592 690 613 ea
706 587 850 614 utuntur
863 584 936 614 Car-

230 644 286 667 sar
301 638 406 675 atque
425 633 568 665 Hirtius.
584 632 691 673 Infra,
703 643 768 665 vn.
787 637 838 666 16.
858 643 936 665 vni.

231 688 283 718 36.
300 686 333 716 in
352 684 436 716 Not.
463 684 506 715 de
535 684 632 714 Bello
658 685 731 715 Cir.
759 693 796 714 ιι.
823 686 876 714 37.
894 684 936 714 de

233 736 324 768 bello
350 735 521 767 Alexand.
539 745 570 765 c.
588 737 640 766 36.
668 735 710 765 de
737 734 826 764 bello
847 733 935 764 Afri-

231 797 329 827 cano,
342 796 372 818 c.
385 790 438 818 24.
452 791 487 816 et
501 786 666 816 Annotat.
683 785 724 815 ad
743 795 770 815 c.
787 788 840 814 30.
855 784 936 814 ibid.

231 847 263 871 c.
280 840 335 877 0⁷,
351 841 401 869 68.
418 840 472 869 77.
489 842 522 867 et
541 837 619 867 Not.
637 837 678 866 ad
701 847 732 866 ‹·.
748 838 800 866 80.
818 835 851 864 in
868 834 936 865 An-

231 889 368 920 notatis.
425 888 513 918 Vide
551 892 586 917 et
624 886 823 917 Doctissimi
861 886 936 918 Jos.

232 939 352 970 wasse
379 939 488 969 Notas
514 937 547 968 in
573 937 783 975 Sallustium,
811 946 842 976 p.
861 939 935 966 2⁴12.

234 990 342 1021 Clark.
367 989 459 1020 Hirt.
487 997 566 1019 vui.
594 991 647 1018 29.
671 989 681 1006 ⁴
701 989 778 1019 Non
805 988 937 1027 longius

233 1040 274 1070 ab
302 1050 343 1070 ea
367 1039 461 1070 caede
487 1040 562 1079 plns
583 1039 690 1068 minus
709 1047 788 1069 vni.
805 1038 938 1068 milibus

231 1090 383 1122 abesse?
406 1095 442 1120 et
473 1089 633 1119 Davisius
657 1089 700 1119 de
729 1089 767 1119 13.
795 1089 870 1120 Civ.
899 1097 937 1120 ιι.

233 1142 287 1171 37.
304 1149 343 1170 ac
360 1140 400 1170 B.
419 1137 529 1169 Afric.
546 1149 575 1169 c.
594 1141 646 1169 30.

278 1197 409 1220 vani.
423 1193 442 1220 2
461 1190 636 1219 Communis
648 1189 758 1220 salutis
769 1189 938 1229 auxilium]

233 1240 458 1281 Bongarsian.
477 1240 574 1280 prim.
595 1241 783 1271 communius
798 1250 938 1280 corrup-

233 1295 288 1322 te:
314 1289 373 1321 sed
392 1299 409 1319 e
426 1299 491 1330 quo
513 1289 623 1319 forsan
649 1290 814 1321 eruditior
839 1294 891 1320 est
905 1299 938 1320 e-

233 1339 364 1371 ruenda
390 1339 506 1370 lectio.
553 1339 642 1370 Nam
661 1339 693 1368 in
712 1339 869 1369 Leidensi
886 1349 938 1379 pr.

232 1395 268 1422 et
297 1391 410 1421 Oxon.
439 1392 602 1419 exaratur
631 1389 784 1419 communi
820 1391 939 1420 salute:

233 1440 333 1471 Unde
352 1438 423 1469 fere
450 1439 615 1478 smpicor,
632 1439 807 1479 scripsisse
829 1440 940 1471 Caesa-

232 1499 304 1522 rem
324 1490 484 1520 Communi
495 1490 602 1520 saluti.
645 1489 810 1522 Auxilium
826 1489 942 1521 dativo

226 1542 383 1582 junctum
399 1551 407 1577 ;
432 1541 511 1581 quia
527 1540 687 1572 auxilium
705 1545 779 1572 erat
795 1550 942 1572 eommu-

233 1593 268 1623 ni
292 1592 393 1622 saluti
419 1591 627 1622 destinatum
653 1601 676 1623 1.
700 1596 732 1623 5.
767 1593 776 1609 ‘
794 1593 941 1623 Domum

234 1642 360 1673 reditio
373 1641 393 1672 z'
432 1641 490 1672 ubi
531 1642 606 1672 vide
645 1643 766 1674 Davis.
805 1643 940 1683 Apulei.

234 1694 379 1724 Metam.
396 1701 460 1723 vii.
477 1702 507 1732 p.
529 1695 599 1723 143.
614 1692 678 1723 Ed.
698 1693 789 1724 Prie.
815 1695 824 1710 ‘
844 1694 940 1724 Man-

234 1743 323 1774 datis
359 1743 536 1774 dominicis
575 1752 668 1774 serus
704 1744 940 1776 auscultator!

234 1794 290 1825 Ita
302 1794 391 1825 enim
410 1793 434 1824 is
451 1794 545 1824 locus
560 1802 579 1824 e
594 1793 679 1825 Mss.
694 1798 728 1824 ct
741 1793 827 1824 Edd.
843 1794 939 1825 Vett.

234 1851 288 1876 est
316 1845 495 1885 legendus.
547 1844 693 1875 Consule
729 1845 869 1884 insuper
899 1844 939 1875 C.

232 1895 429 1935 Scioppium
445 1893 561 1934 Symb.
578 1894 635 1925 Cr.
660 1904 692 1934 p.
709 1897 762 1924 56.
788 1895 940 1925 Gronov.

234 1946 276 1976 ad
296 1945 368 1977 Liv.
386 1953 494 1976 xxiii.
520 1948 573 1976 53.
600 1945 609 1961 ‘
626 1946 847 1986 exprobratio
875 1946 941 1977 cui-

234 2006 332 2038 quam
347 1995 367 2026 z'
391 1996 560 2038 quomodo
577 2000 612 2027 et
630 1996 780 2037 Gujetus
795 2008 835 2029 ac
853 1998 940 2029 Ben-

235 2047 339 2078 tleius
356 2046 579 2077 emendarunt
603 2047 741 2078 Terent.
760 2046 850 2079 And.
868 2057 890 2079 1.
910 2051 941 2079 l.

234 2099 289 2128 17.
313 2097 322 2113 ‘
336 2095 567 2136 Exprobratio
581 2096 782 2128 inmemori.’
803 2097 940 2129 Sall.B.

236 2147 311 2179 Cat.
329 2157 358 2178 c.
377 2149 429 2178 40.
453 2147 462 2164 ‘
481 2147 631 2177 Miseriis
648 2147 715 2178 suis
732 2147 943 2179 remedium!

236 2196 361 2238 Neque
385 2196 460 2227 liaec
487 2196 698 2236 repudianda
725 2201 780 2228 est
809 2198 942 2239 conjec-

234 2253 324 2287 tura,
351 2247 429 2288 quia
455 2248 609 2278 amilium
635 2257 701 2279 non
729 2248 943 2280 descendita

236 2298 341 2331 verbo
368 2299 534 2330 Dativum
558 2304 722 2341 regente3
747 2300 807 2332 sed
823 2305 944 2332 contra

234 2349 387 2380 auxiliari
406 2349 484 2380 inde
503 2349 692 2381 derivatur.
738 2351 827 2382 Vide
841 2351 942 2391 enim,

236 2409 312 2440 quae
331 2399 444 2431 adfert
461 2400 595 2431 Cottius
619 2401 660 2431 ad
685 2401 823 2433 Sallust.
841 2402 943 2433 Catil.

235 2459 266 2482 c.
283 2453 336 2481 32.
354 2451 369 2491 ξ
387 2453 417 2481 1.
453 2451 462 2468 ‘
482 2451 621 2483 Insidiae
649 2451 788 2483 Consuli
803 2451 823 2483 :’
845 2456 880 2484 et
896 2453 944 2483 in-

234 2500 287 2532 fra
318 2501 361 2532 ad
393 2511 473 2533 vui.
504 2504 558 2533 27.
597 2503 606 2519 ‘
634 2502 869 2535 Proficiscitur
899 2504 942 2535 ad

234 2552 396 2583 auxilium
437 2553 586 2584 Duratio
611 2553 788 2586 serendum
801 2554 821 2585 :’
859 2556 941 2587 item

235 2602 279 2635 B.
298 2603 371 2635 Civ.
391 2612 413 2635 1.
431 2606 482 2636 85.
505 2604 514 2621 ‘
532 2604 681 2636 Urbanis
706 2605 866 2646 praesidia
890 2616 940 2638 re-

236 2652 323 2685 bus.’
352 2653 408 2686 Sic
426 2654 465 2686 B.
483 2654 582 2695 Hisp.
599 2666 628 2687 c.
645 2658 696 2687 89.
720 2656 728 2672 ‘
744 2656 854 2689 Saluti
871 2667 940 2689 suae

235 2704 434 2746 praesidium
451 2705 596 2747 parare.'
639 2706 680 2737 In
704 2708 871 2739 nonnullis
888 2712 941 2739 est

236 2756 358 2787 salutis.
404 2756 513 2788 Immo
537 2756 675 2788 consule
691 2757 743 2789 Cl.
762 2758 870 2790 Drak.
896 2758 938 2789 ad

237 2805 311 2839 Liv.
340 2816 395 2839 ιιι.
427 2812 478 2842 -18,
503 2809 512 2826 ‘
531 2809 643 2841 locum
667 2809 824 2843 seditioni
851 2821 940 2853 qua:-

700 235 840 266 No'rAE
874 234 1137 268 VARIORUM
1172 237 1221 267 ΙΝ

986 332 1083 364 rere.’
1145 333 1252 363 Immo
1285 331 1374 363 idem
1407 331 1519 363 Livius
1548 341 1604 365 ru.
1635 336 1689 371 3¹1.

985 384 993 399 ‘
1009 383 1237 414 Tribuniciam
1255 386 1476 423 potestatem,
1503 383 1690 416 munimen-

985 437 1056 464 tum
1071 434 1223 464 libertati
1238 433 1258 464 t'
1274 434 1321 464 ita
1333 434 1423 464 enim
1438 434 1521 466 Mss.
1534 439 1691 467 constan-

985 489 1049 514 ter.
1095 483 1194 514 Adde
1213 493 1261 515 iv.
1278 488 1309 515 9.

1028 535 1046 563 7
1084 534 1174 563 Hunc
1200 534 1324 564 Gra-cis
1346 535 1550 575 conscriptam
1575 535 1695 576 literis}

987 582 1156 613 Robertus
1171 583 1278 614 Titius
1295 584 1379 623 legit
1405 585 1494 614 meis
1517 585 1639 624 literis,
1655 585 1691 616 id

987 637 1051 671 est,
1083 632 1233 663 obscuris
1269 634 1444 665 literarum
1477 636 1577 676 notis,
1614 645 1690 678 qnoe

988 691 1054 712 nou
1070 682 1134 712 uisi
1151 683 1266 713 lumini
1283 684 1428 716 admotae
1454 687 1522 726 legi
1539 692 1693 726 possent,

988 738 1046 764 aut
1062 733 1168 764 simile
1184 735 1278 775 quid.
1325 736 1435 773 Nugae
1453 742 1542 775 sunt,
1557 738 1694 769 tametsi

988 785 1125 824 egregie
1151 785 1206 815 ille
1228 786 1271 815 de
1288 786 1487 817 Villiomaro
1515 796 1550 818 se
1577 787 1692 818 trium-

989 835 1093 874 phare
1111 839 1222 874 putet.
1250 835 1484 867 Hotomannus
1501 837 1560 873 ait,
1573 837 1694 869 Gallos

989 885 1090 925 vulgo
1107 885 1231 916 Graece
1249 887 1440 926 nescivisse,
1468 887 1526 918 sed
1552 888 1694 928 peritio-

989 934 1082 965 ribus
1114 941 1243 966 tantum
1271 942 1385 968 notam
1415 938 1502 969 lianc
1531 939 1693 980 linguam.

990 985 1128 1016 Fulvius
1154 986 1299 1017 Ursinus
1326 992 1424 1027 putat
1441 988 1565 1020 Graece
1590 989 1696 1030 scrip·

991 1040 1059 1066 tam
1091 1035 1206 1077 fnisse,
1232 1037 1290 1068 sed
1320 1038 1428 1068 Gallis
1455 1038 1607 1078 ignaram
1635 1040 1694 1071 lin-

990 1096 1088 1126 guam
1105 1086 1209 1127 illam,
1235 1088 1322 1118 solos
1348 1093 1459 1119 autem
1477 1090 1696 1122 characteres

989 1143 1088 1168 notos
1105 1137 1220 1175 fuisse,
1238 1143 1339 1179 atque
1356 1139 1389 1169 id
1406 1140 1542 1171 tradere
1557 1141 1695 1173 Strabo-

989 1196 1065 1217 nem
1081 1187 1145 1218 ait:
1179 1189 1267 1228 quod
1286 1188 1421 1228 salsum,
1445 1199 1521 1220 nam
1540 1191 1588 1223 ait
1604 1192 1696 1222 Stra-

990 1236 1044 1277 bo,
1066 1237 1144 1267 οῧτω
1165 1237 1358 1276 φιλέλληνας
1380 1237 1467 1279 εῖναι,
1492 1240 1572 1272 ὥστε
1589 1241 1639 1272 καὶ
1653 1241 1695 1273 τὰ

989 1288 1166 1326 συμβόλαια
1202 1289 1364 1326 ἑλληνιστὶ
1399 1290 1540 1330 γράφειν.
1609 1292 1696 1322 Sane

991 1338 1152 1375 ἑλληνιστὶ
1188 1339 1331 1379 γράφειν,
1359 1342 1440 1383 quid
1473 1342 1563 1373 aliud
1595 1351 1695 1383 quam

990 1388 1105 1429 lingua
1133 1389 1281 1420 Graeca?
1306 1392 1417 1422 Fulvii
1446 1402 1596 1423 errorem
1613 1403 1696 1433 quo-

992 1438 1172 1470 dammodo
1200 1441 1302 1471 etiam
1328 1446 1467 1473 secutus
1481 1441 1697 1475 (Jiacconius.

992 1489 1060 1519 Sed
1086 1494 1230 1531 uterque
1249 1496 1351 1522 errat.
1397 1492 1516 1523 Gallos
1537 1493 1697 1524 Graecam

993 1539 1154 1571 didicisse
1170 1541 1318 1581 linguam
1335 1542 1446 1572 nullus
1463 1542 1575 1574 sanior
1591 1543 1624 1573 in
1639 1542 1698 1574 du·

993 1589 1083 1621 bium
1116 1591 1348 1632 devocaverit,
1383 1593 1441 1624 sed
1471 1593 1546 1624 illos
1578 1593 1697 1626 Gallos

994 1640 1049 1681 qui
1065 1641 1226 1673 Massiliae
1243 1643 1430 1682 propiores.
1469 1644 1597 1676 Quales
1614 1644 1697 1675 Hel·

992 1691 1074 1722 vetii
1088 1690 1306 1733 Allobroges,
1333 1697 1392 1724 aut
1414 1693 1464 1723 liis
1481 1693 1599 1725 vicinae
1617 1703 1697 1735 gen·

993 1746 1057 1773 tes.
1102 1741 1174 1773 Aut
1200 1742 1306 1784 siquis
1321 1743 1454 1784 longius
1471 1744 1544 1776 sitis
1560 1754 1696 1786 quoque

992 1797 1107 1823 notam
1120 1792 1224 1824 fuisse
1237 1793 1383 1834 linguam
1397 1795 1600 1835 arbitretur;
1617 1796 1698 1828 Gal-

992 1842 1032 1873 lis
1046 1843 1184 1883 proprie
1202 1844 1316 1884 (lictis,
1345 1845 1416 1876 sive
1440 1846 1559 1877 Celtis.
1607 1846 1696 1878 Nam

991 1892 1193 1923 Strabonem
1211 1892 1254 1923 de
1270 1893 1319 1924 his
1334 1893 1443 1925 Gallis
1456 1899 1588 1926 tantum
1604 1896 1696 1936 loqui

992 1952 1047 1974 res
1065 1943 1139 1983 ipsa
1154 1943 1292 1975 clamat.
1316 1943 1363 1975 At
1376 1944 1410 1975 in
1427 1945 1569 1985 Belgica
1582 1946 1698 1977 Gallia

991 1994 1102 2024 nullus
1118 2003 1183 2034 unq
1190 2004 1265 2025 uam
1278 1998 1431 2026 veterum
1443 1995 1533 2026 dixit
1546 1994 1698 2027 floruisse

993 2044 1150 2076 Graecain
1167 2045 1330 2085 linguam.
1355 2045 1489 2077 Nedum
1505 2045 1594 2086 apud
1608 2046 1698 2078 Ner·

992 2094 1078 2135 vios,
1114 2094 1266 2125 homines
1304 2094 1501 2136 ferissimos,
1532 2096 1574 2128 ad
1613 2106 1695 2137 quos

992 2146 1103 2177 nullus
1119 2146 1232 2178 aditus
1248 2146 1508 2187 mercatoribus,
1521 2146 1580 2178 sed
1597 2156 1696 2179 omne

991 2196 1142 2228 studium
1167 2197 1201 2228 in
1225 2198 1339 2229 armis.
1386 2196 1555 2228 Adversus
1569 2197 1696 2228 Titium

993 2257 1074 2279 vero
1089 2249 1155 2280 hoc
1173 2248 1279 2280 solum
1297 2246 1461 2287 adferam,
1476 2247 1541 2278 etsi
1557 2256 1622 2278 non
1637 2247 1697 2278 ali-

992 2298 1082 2330 unde
1098 2303 1285 2339 constaret,
1299 2308 1365 2330 non
1380 2298 1614 2329 dubitaturum
1629 2306 1695 2335 me,

994 2352 1074 2393 quin
1105 2351 1231 2384 Graece
1262 2352 1376 2383 Caesar
1401 2352 1488 2382 hanc
1516 2351 1694 2392 epistolam

992 2402 1182 2444 scripserit.
1228 2402 1311 2443 Ejus
1334 2401 1503 2443 ipsissima
1518 2401 1623 2433 verba
1639 2401 1697 2432 ho-

991 2452 1116 2495 dieque
1132 2456 1268 2484 exstare
1288 2453 1322 2484 in
1339 2453 1502 2493 l’olyaeno
1518 2451 1588 2483 scio
1604 2451 1696 2482 Stra-

992 2508 1118 2545 tegens.
1146 2513 1226 2535 vui.
1254 2506 1307 2535 23.
1332 2504 1452 2543 Καῖσαρ
1466 2500 1608 2542 Κικέρωνι
1625 2502 1695 2540 θαῤ-

990 2554 1064 2594 ῥεῖν.
1087 2552 1268 2595 Προσδέχου
1281 2552 1435 2590 βοήθειαν.
1459 2553 1545 2586 Quae
1562 2552 1694 2593 optime

991 2605 1199 2646 respondent
1211 2603 1355 2636 Caesaris
1369 2602 1493 2643 verbis,
1508 2612 1584 2634 nam
1601 2603 1696 2643 paul·

989 2655 1023 2687 lo
1038 2659 1118 2696 post
1132 2654 1199 2685 ait:
1224 2655 1233 2670 ‘
1247 2653 1288 2684 In
1304 2652 1411 2683 literis
1423 2652 1556 2691 scribit,
1567 2661 1602 2683 se
1616 2661 1694 2684 cum

989 2703 1178 2746 legionibus
1191 2701 1385 2744 profectum
1395 2702 1557 2733 celeriter
1569 2700 1673 2734 aflbrc
1682 2712 1693 2734 2

988 2756 1147 2788 hortatur
1175 2761 1214 2786 ut
1243 2754 1419 2795 pristinam
1450 2753 1613 2787 virtutem
1643 2761 1694 2785 re·

987 2807 1120 2840 tinent:
1149 2806 1283 2838 Vossius.
1305 2805 1348 2837 V.
1367 2805 1409 2836 ad
1426 2814 1473 2837 vr.
1491 2808 1542 2838 14.

1018 2859 1030 2873 α

1021 2879 1048 2898 ᾳ
