1883 3121
418 228 903 272 inn.1.0Ar.78.oe
938 240 1295 272 Βειιοιῃνιιμ

133 333 284 366 editione.
298 338 365 373 est,
383 344 402 364 ιι
423 335 561 365 ducibus.
588 333 695 364 Clark.
743 333 830 364 Gru-

134 393 209 418 tero
225 388 382 429 placebat
403 387 536 418 omnino
550 389 667 417 terrore
689 385 788 416 oblato
813 396 831 416 a

132 439 164 469 d.
189 438 276 478 quod
295 438 470 469 invenerat
496 437 528 467 in
557 437 677 468 Petav.
723 435 831 467 Acce-

133 489 220 520 dunt
247 489 370 528 Scalig.
400 488 494 518 Voss.
524 491 559 518 et
585 486 673 518 Edd.
703 487 830 526 prima‘.

135 539 231 570 Leid.
243 549 294 580 pr.
304 540 410 570 etiam
420 542 538 569 terrore
547 537 660 568 ablato.
675 538 782 577 Bong.
797 542 833 568 et

135 589 230 620 Leid.
247 598 315 621 sec.
336 592 455 620 terrore
477 587 609 618 sublato.
656 588 791 626 Putem,
815 597 834 618 a

134 638 280 670 cesaris
304 647 403 668 manu
433 647 505 668 esse
532 641 665 669 terrores
699 637 794 669 oblati
816 648 834 668 a

131 687 270 719 ducibus.
316 687 384 721 Qui
410 687 518 719 rarior
549 688 699 728 pluralis,
736 696 834 729 quem

133 741 248 769 tamen
270 737 306 768 in
330 738 511 769 innumeris
540 738 679 769 vocibus
709 738 834 769 amavit

134 787 261 826 Caesar,
277 786 387 819 fraudi
405 788 539 819 videtur
559 787 662 819 fuisse
678 788 836 827 librariis,

134 839 326 880 praesertim
357 847 428 879 seq.
459 839 564 870 verbo
599 839 632 870 in
659 839 833 881 singulari.

133 889 202 920 Sed
227 889 303 920 vide
321 889 360 920 ad
378 889 419 920 B.
437 889 481 921 G.
505 899 554 921 lv.
583 893 634 922 11.
656 889 666 907 ‘
682 890 718 921 Si
745 891 834 931 prin-

133 939 227 980 cipes
237 949 276 971 ac
293 943 430 971 senatus
445 939 546 971 fidem
560 939 722 972 fecisset-²
764 941 837 972 Ter-

134 997 220 1021 mres
235 990 360 1030 passim
378 989 468 1030 apud
487 990 616 1030 poetas,
639 995 674 1021 et
691 991 780 1031 Nep.
804 990 836 1021 in

136 1038 211 1071 Att.
227 1049 303 1080 cap.
321 1042 353 1070 9.
374 1040 383 1056 ‘
402 1040 536 1080 Magnis
559 1041 745 1072 terroribus
759 1051 837 1072 vex-

135 1089 210 1121 ar'k’
254 1089 390 1122 Ablatus
412 1090 517 1121 etiam
540 1092 649 1121 Dorv.
666 1091 837 1123 debuisset

134 1139 255 1172 saltem
271 1140 403 1170 adlatus.
451 1139 540 1171 Nam
556 1140 679 1178 adferre
690 1144 838 1171 terrorem

135 1195 190 1222 est
205 1194 241 1223 et
254 1191 345 1231 apud
362 1191 478 1222 Front.
500 1199 542 1221 ιι.
571 1194 601 1222 7.
621 1194 650 1222 1.
695 1191 763 1223 Sed
789 1192 838 1222 ob-

136 1241 218 1272 latus
232 1241 287 1273 hic
303 1240 462 1282 praefero.

132 1285 135 1287 “
181 1287 320 1322 Lxx'vu.
349 1295 367 1322 5
407 1291 446 1323 In
473 1291 582 1322 honore
611 1291 732 1332 habuit]
775 1291 841 1330 Sic,

138 1346 300 1383 quantum
330 1342 411 1384 scio,
441 1343 523 1373 Mss.
547 1353 672 1374 omnes.
696 1348 730 1374 et
754 1343 840 1374 Edd.

137 1393 235 1424 Vett.
252 1392 291 1424 In
304 1392 392 1424 Scal.
406 1398 519 1424 tamen
536 1398 571 1425 et
587 1393 743 1424 Montani
755 1393 842 1424 Edd.

142 1440 257 1474 forsan
273 1445 308 1473 et
325 1442 358 1473 in
376 1442 448 1473 aliis
464 1452 531 1474 non
549 1448 722 1483 comparet
737 1442 775 1473 τὸ
791 1443 844 1480 in;

142 1493 193 1524 nti
226 1493 269 1525 Β.
292 1492 335 1525 G.
366 1503 399 1525 v.
427 1497 480 1525 54.
517 1494 527 1511 ‘
546 1494 641 1527 Quos
672 1495 844 1535 praecipuo

140 1552 275 1583 semper
287 1543 416 1575 honore
426 1544 541 1574 Caesar
554 1543 693 1574 habuit!
717 1543 844 1574 Amant

141 1596 256 1624 tamen
290 1593 418 1633 Livius,
459 1593 593 1633 Cicero,
632 1594 687 1624 alii
718 1593 843 1626 addere

140 1643 432 1683 praepositionem.
480 1644 546 1674 Sed
570 1648 606 1675 et
629 1644 677 1675 ita
693 1644 844 1675 variatur

138 1693 173 1723 in
193 1693 250 1724 illa
267 1694 451 1732 locutione,
473 1694 599 1725 Habere
620 1695 654 1726 in
668 1705 792 1726 numero
809 1700 845 1726 et

141 1753 276 1775 numero.
323 1744 411 1774 Vide
429 1744 471 1775 ad
487 1753 537 1775 V1.
554 1747 585 1774 6.
605 1749 641 1775 et
664 1746 672 1761 ‘
689 1754 763 1776 esse
787 1744 844 1776 ho—

141 1793 234 1825 nore*
262 1799 298 1825 et
320 1797 329 1810 ‘
345 1794 496 1825 numero'
518 1799 554 1825 et
577 1796 585 1812 ⁴
602 1795 635 1825 in
654 1805 793 1827 numero
811 1800 845 1826 et

143 1843 232 1875 lton)
255 1844 342 1876 lbid.
360 1854 390 1876 c.
407 1848 458 1876 13.

186 1894 389 1926 Centuriones
434 1895 469 1926 in
511 1897 675 1936 ampliores
712 1898 846 1936 ordines,

140 1944 258 1985 equites
274 1944 427 1975 Romanos
438 1946 470 1976 in
491 1946 692 1977 tribunitium
706 1947 845 1978 restituit

145 1995 300 2035 honorem]
322 1995 423 2027 Prius
445 1995 573 2027 editum
600 2001 674 2028 erat
695 1998 847 2029 centurio-

145 2055 200 2077 nes
214 2046 429 2087 ampliorisque
455 2047 593 2077 ordinis:
623 2048 656 2080 in
684 2049 847 2088 Bongars.

143 2097 392 2136 centurionesque
407 2097 626 2137 ampliorisque
650 2097 792 2128 ordinis:
816 2099 848 2129 in

145 2146 226 2178 Vct.
248 2146 333 2178 Cod.
356 2148 548 2178 centuriones
577 2148 739 2187 ampliores
766 2149 849 2179 ordi-

144 2206 219 2233 nes,·
243 2200 281 2228 et
311 2197 360 2227 sic
389 2197 608 2228 Petavianns.
663 2198 729 2230 Sed
760 2198 849 2230 hand

143 2247 231 2278 male
247 2247 401 2287 Scaliger
425 2247 532 2277 edidit
560 2248 623 2278 ista
650 2250 848 2289 sequentia:

144 2296 262 2338 equites
276 2296 429 2327 Romanos
444 2296 475 2327 in
495 2297 694 2329 tribunitium
709 2299 850 2330 restitnit

144 2347 300 2384 henos-em,
323 2347 409 2377 haud
436 2347 537 2378 dubie
561 2353 731 2387 corrupta.
775 2349 850 2380 Tri-

145 2396 226 2428 buni
243 2398 387 2428 militum
405 2398 608 2438 legebantur
634 2398 690 2441 (ut
717 2399 849 2440 Lipsius

139 2445 213 2489 jam
228 2445 360 2486 pridem
377 2446 587 2487 observavit)
601 2457 643 2478 ex
667 2449 851 2489 equitibus,

148 2500 185 2527 et
201 2497 353 2536 plebeiis.
400 2496 499 2526 Unde
523 2503 558 2528 et
575 2498 665 2537 apud
682 2499 850 2531 Caesarem

148 2554 200 2579 nt.
223 2547 266 2577 de
294 2547 383 2578 bello
401 2548 534 2579 Gallico
558 2548 694 2588 legitur,
718 2550 851 2580 retentio

152 2598 290 2637 equitum
307 2598 528 2637 Romanorum,
553 2598 608 2628 nbi
632 2608 692 2639 per
708 2599 850 2639 Equites

152 2648 320 2678 Romanos
337 2648 558 2689 designantur
574 2649 729 2687 Tribuni,
757 2650 851 2681 nimi-

148 2706 223 2727 rum
251 2697 350 2727 Silius·
373 2705 408 2729 et
435 2699 612 2738 Velanius,
637 2710 720 2741 quos
750 2704 853 2732 autea

151 2757 171 2778 a
193 2747 336 2778 Venetis
361 2754 513 2781 retentos
551 2750 725 2782 docuerat.
783 2751 853 2782 Sed

150 2806 225 2827 eum
256 2797 312 2828 hie
347 2797 483 2829 dicatur
524 2800 676 2832 tribunos
705 2801 853 2832 militum

238 2849 358 2891 Delph.
372 2853 401 2881 ei
423 2850 496 2883 Var.
515 2852 600 2884 clas.

827 2854 847 2885 C
850 2855 936 2886 'cesar

1467 234 1580 277 1398

881 334 1056 365 nonnullos
1075 334 1164 375 apud
1187 336 1354 367 Caesarem
1372 338 1581 378 remansisse,

882 385 954 423 quis
985 384 1153 416 affirmare
1187 387 1276 417 ausit
1303 396 1417 418 omnes
1447 388 1580 428 equites

881 432 1009 463 fuisse?
1032 435 1057 463 si
1083 444 1146 464 nou
1173 445 1288 466 omnes
1304 441 1412 476 erant,
1435 446 1476 467 an
1500 447 1581 478 ergo

883 484 938 525 qui
967 484 1103 515 Tribuni
1125 491 1224 516 erant
1250 495 1291 516 ex
1319 487 1462 527 plebeiis
1488 489 1582 530 lecti,

884 534 975 565 nullo
987 535 1020 565 in
1037 535 1159 566 honore
1173 536 1261 576 apud
1276 536 1464 568 Caesarem?
1479 537 1583 569 Aliud

883 586 955 627 ipse
971 585 1085 617 dicere
1100 586 1248 627 videtur,
1270 598 1345 618 cum
1363 588 1423 628 ait,
1446 599 1518 630 quos
1532 590 1584 620 ine

880 640 987 678 postea
1008 647 1119 676 magno
1136 638 1170 668 in
1191 639 1301 669 honore
1320 639 1439 680 habuit,
1464 641 1583 681 quibus

886 686 997 718 verbis
1012 688 1186 719 universos
1202 688 1369 729 designat.
1405 690 1520 723 Quare
1537 692 1585 723 lo-

886 747 961 769 cum
976 737 1224 780 hunc(Lipsius
1238 744 1395 780 tanquam
1413 739 1585 782 integrum

886 788 986 830 citat)
1009 794 1206 830 corruptum
1237 799 1309 821 esse
1342 794 1465 823 statuo.
1522 792 1587 823 Pa-

887 839 947 870 lat.
975 839 1084 870 codex
1116 839 1296 879 plurimum
1317 840 1430 880 juvat,
1458 841 1492 872 in
1522 852 1587 883 quo

886 889 963 929 lego
983 891 1013 919 et
1025 892 1067 920 tr.
1083 889 1117 920 in
1131 888 1328 921 tribunitium
1343 891 1485 922 restituit
1499 891 1589 922 hono-

885 949 962 970 rem.
1008 939 1149 980 Optime
1175 949 1266 972 sane.
1310 941 1357 972 Et
1386 946 1465 972 nota
1489 942 1589 983 origi-

887 999 964 1021 nem
981 989 1125 1027 erroris3
1150 991 1315 1031 scriptum
1332 990 1445 1023 fuerat
1468 995 1508 1023 ir.
1535 992 1590 1023 tri-

888 1039 1006 1071 bunus.
1052 1040 1224 1071 Librarius
1244 1041 1376 1081 putavit
1398 1042 1589 1083 principem

887 1089 1021 1120 literam
1040 1099 1114 1120 esse
1130 1100 1156 1122 e.
1174 1095 1211 1122 et
1225 1101 1268 1122 ex
1285 1101 1312 1122 e.
1326 1101 1353 1122 r.
1368 1091 1450 1123 fecit
1466 1103 1511 1132 eq.
1528 1092 1591 1123 Ro-

887 1149 970 1170 man.
1011 1139 1150 1170 Interea
1165 1140 1212 1170 ita
1228 1142 1367 1181 erravit,
1382 1147 1419 1172 ut
1435 1152 1478 1173 ex
1493 1147 1591 1183 parte

889 1198 1005 1220 verum
1023 1189 1166 1221 diceret.
1203 1191 1296 1231 Lege
1312 1192 1418 1232 igitur
1431 1193 1519 1224 hanc
1534 1202 1591 1234 pe-

891 1238 1010 1269 riodon
1037 1238 1100 1270 hoc
1128 1243 1242 1279 pacto,
1263 1241 1456 1272 centuriones
1478 1242 1510 1272 in
1527 1242 1594 1282 pri·

891 1297 990 1318 mores
1015 1289 1147 1327 ordines,
1169 1289 1264 1320 tribb.
1279 1290 1313 1320 in
1335 1290 1533 1322 tribunitium
1548 1301 1595 1322 re-

892 1341 999 1371 stituit
1028 1341 1189 1372 honorem.-
1214 1351 1291 1372 nam
1321 1342 1404 1373 illud
1429 1343 1593 1383 ampliores

893 1390 1016 1421 ordines
1028 1396 1110 1430 puto
1122 1390 1343 1430 depravatum
1357 1401 1398 1422 ex
1412 1392 1445 1422 in
1457 1394 1592 1434 priores,

894 1444 948 1474 vel
962 1443 1126 1485 primores.
1158 1444 1244 1476 Quae
1260 1449 1442 1485 postquam
1460 1446 1593 1486 conjec-

894 1497 1059 1534 tmeram,
1080 1493 1149 1524 vidi
1165 1499 1200 1523 et
1217 1493 1397 1525 Ciacconio
1412 1495 1592 1535 placuisse.

899 1544 1028 1574 Vossius.
1075 1544 1226 1574 Faernus
1250 1544 1324 1584 jam
1342 1546 1539 1578 emendarat
1563 1551 1592 1578 et

897 1593 983 1624 Trio.
996 1594 1029 1624 in
1044 1593 1118 1624 trib.
1165 1594 1249 1625 Cum
1274 1594 1431 1625 Palatino
1455 1606 1598 1628 consen-

894 1645 939 1675 tit
960 1645 1095 1675 omnino
1124 1645 1274 1676 Dorvill.
1304 1648 1334 1676 et
1365 1645 1434 1677 Tr„-
1465 1646 1507 1677 de
1531 1657 1597 1688 qua

896 1693 1132 1726 emendatione
1161 1704 1227 1725 non
1265 1698 1318 1726 est
1357 1695 1598 1729 dubitandum.

895 1744 1041 1776 Accedit
1066 1745 1163 1776 Leid.
1192 1756 1243 1786 pr.
1268 1746 1301 1776 in
1326 1756 1390 1786 quo
1409 1747 1544 1786 equitum
1564 1749 1598 1778 in

898 1796 982 1826 Trio.
1008 1797 1090 1828 Fors
1105 1797 1241 1836 equidem
1256 1797 1309 1827 vel
1324 1799 1353 1827 el
1369 1797 1490 1837 quidem
1510 1798 1596 1829 Trio.

897 1850 955 1876 aut
970 1846 1092 1876 simile.
1138 1846 1207 1876 Pro
1223 1847 1256 1876 in
1272 1847 1434 1886 ampliores
1445 1848 1598 1888 proclive

897 1902 949 1927 est
964 1905 1131 1936 reponere
1155 1897 1191 1927 in
1209 1897 1345 1936 priores:
1378 1907 1453 1929 nam
1476 1899 1509 1929 in
1530 1908 1598 1930 non

897 1951 950 1978 est
972 1946 1006 1976 in
1026 1946 1150 1988 Scalig.
1176 1947 1271 1978 Leid.
1296 1957 1347 1989 pr.
1371 1949 1470 1980 Voss.
1488 1948 1598 1981 Dorv-

899 1998 956 2038 qui
972 1996 1075 2027 habet
1088 2007 1164 2027 eum
1181 1997 1311 2028 Lovau.
1337 1999 1496 2039 amplioris
1517 2001 1600 2031 orda?-

898 2048 957 2078 nis.
981 2047 1090 2087 Bong.
1105 2051 1139 2077 et
1152 2047 1248 2077 Leid.
1271 2057 1338 2078 sec.
1385 2049 1598 2080 Centuriones-

899 2107 956 2137 qne
984 2097 1198 2137 ampliorisque
1228 2098 1357 2129 ordinis.
1405 2099 1464 2129 Nil
1487 2103 1600 2130 tamen

899 2148 954 2179 hic
972 2152 1109 2178 mutem.
1154 2148 1330 2189 Amplior-es
1356 2153 1436 2180 sunt
1459 2150 1601 2181 honora-

901 2199 1028 2229 tiores:
1061 2198 1150 2228 unde
1175 2198 1282 2238 Ampli
1311 2199 1439 2230 honores
1465 2199 1601 2240 passim.

901 2249 910 2265 ‘
925 2248 1085 2288 Ampium
1100 2252 1137 2279 et
1160 2249 1367 2289 gloriosum‚’
1398 2249 1475 2280 vide
1494 2250 1601 2281 Gron.

902 2299 942 2328 ad
962 2299 1031 2330 Liv.
1048 2307 1182 2330 xxvm.
1197 2302 1250 2331 42,
1273 2300 1282 2317 ‘
1301 2299 1457 2340 Amplius
1474 2300 1604 2331 nomen'

902 2349 995 2380 Suet.
1019 2348 1107 2390 Aug.
1135 2360 1164 2381 c.
1183 2353 1212 2381 7.
1251 2349 1447 2391 Adscripsit
1470 2351 1603 2391 Lipsius

902 2400 911 2416 ‘
930 2399 1113 2430 Ulterioris
1129 2400 1264 2431 ordinis'
1280 2406 1316 2431 et
1328 2402 1336 2417 ‘
1351 2401 1507 2441 ampliori
1524 2411 1603 2443 qno-

902 2459 967 2490 que
983 2450 1092 2480 ordini
1107 2450 1126 2480 :'
1144 2454 1181 2481 at
1194 2450 1228 2480 in
1248 2451 1337 2481 Dial.
1355 2451 1398 2481 de
1418 2451 1489 2481 Mil.
1505 2452 1601 2482 Rom.

901 2508 940 2530 Π.
969 2503 1000 2531 9.
1021 2500 1091 2540 jam
1115 2500 1199 2541 legit
1223 2501 1469 2541 Ce71C.‹1nz]›Iior·i
1486 2501 1604 2531 ordini:

902 2555 939 2579 nt
962 2554 998 2580 et
1013 2549 1067 2580 hic
1083 2550 1199 2581 Ceasar
1215 2549 1299 2581 duos
1314 2560 1411 2581 casus
1430 2550 1484 2581 uui
1502 2550 1604 2581 verbo

897 2599 1065 2638 junxerit.

944 2656 1102 2682 Lxxvm.
1125 2654 1144 2683 3
1175 2651 1308 2683 Diei-um
1334 2657 1415 2681 xxii
1439 2651 1477 2681 ab
1502 2651 1606 2682 Ile-(dez

895 2699 1091 2736 frumentum
1109 2701 1192 2740 jussi
1219 2704 1305 2731 erant
1335 2700 1461 2740 effmre]
1514 2700 1605 2742 Erg6

903 2749 1005 2782 falsus
1025 2752 1102 2788 Dio,
1126 2753 1182 2792 qui
1199 2751 1246 2781 ait
1269 2751 1290 2781 l.
1309 2759 1383 2781 xm.
1408 2761 1439 2791 p.
1457 2753 1529 2782 164.
1554 2745 1605 2781 kal

903 2800 1029 2840 προσέτι
1056 2803 1126 2833 οὔτε
1154 2801 1273 2842 τροφὴν
1297 2800 1383 2840 εἶχον
1421 2800 1606 2843 (αὐθημερὸν

1502 2858 1521 2887 4
1537 2856 1564 2886 Τ
