1818 3131
299 228 392 258 mn.
427 225 514 257 vn.
539 221 654 255 cn.
683 213 757 255 88.
791 222 854 253 nn
889 222 1046 253 annno
1078 221 1303 253 GAmeo.

35 336 39 340 ·
80 322 142 353 tin.
173 320 327 363 Scaliger
353 326 389 353 et
416 320 494 352 dein
521 315 643 358 reliqui
671 317 780 347 secuti

80 376 176 410 suun
198 371 470 412 confir-ruantque
492 369 574 400 Mss.
603 366 728 397 Audin.
744 371 781 397 et

78 421 195 454 Oxou.
224 422 360 462 Reliqui
378 421 460 452 Mss.
474 419 563 461 quod
579 418 696 456 sciam,
713 426 780 448 om-

82 479 142 502 nes
179 476 248 502 tum
286 471 426 502 aliorum
466 469 710 507 interpretum,
745 472 781 498 et

84 521 297 557 Castalios-is,
323 526 393 550 tum
420 519 486 550 mei
514 528 590 550 curn
611 517 699 549 Edd.
723 527 781 559 pp.

81 570 163 601 item
178 571 318 602 vaccas.
334 569 454 610 Steph.
481 574 517 600 et
533 569 606 600 aliis
621 569 782 599 exhibent

77 619 178 659 fossas
207 621 340 660 explent.
395 619 442 650 At
468 629 547 650 vero
575 619 783 650 Petavianus

80 669 295 709 babetsossas
309 671 492 711 expediunt.-
509 670 596 701 unde
610 669 784 701 verissima

81 719 165 750 mihi
193 720 330 751 videtur
361 721 570 751 Hotomanni
602 720 783 758 sententia,

81 774 264 811 utrumque
279 770 504 802 admittentis.
544 771 678 801 Falsum
693 770 783 800 enim

80 824 150 860 est,
163 820 254 862 quod
270 826 393 861 putant
409 822 471 852 viri
487 821 589 859 docti,
604 820 692 851 idem
710 829 782 852 esse

75 869 179 907 fossas
190 871 312 911 explere
325 876 362 902 et
373 872 478 902 adicus
488 871 644 913 expedire.
669 870 784 901 Aditus

83 920 207 950 diversi
221 926 299 951 sunt
315 930 334 950 a
349 919 459 959 fossis,
473 931 554 962 quas
568 920 684 952 Caesar
700 930 784 960 prae-

81 969 240 1009 duxerat,
265 975 300 1001 et
327 976 404 1011 post
431 980 488 1003 eas
515 972 647 1011 reliquos
669 971 785 1010 aditus,

82 1019 126 1050 ad
140 1020 264 1051 vallum
282 1030 402 1062 usque,
418 1021 611 1060 scrobibus,
628 1021 784 1061 stimulis,

82 1072 147 1100 arc.
172 1069 398 1110 inpediverat.
443 1071 597 1111 Hosjam
615 1071 712 1109 fossis
731 1081 785 1102 ex-

80 1119 175 1160 pletis
196 1119 300 1150 etiam
323 1121 502 1160 expediunt,
526 1126 561 1152 et
587 1122 636 1152 sic
660 1122 784 1152 vallum

78 1173 161 1201 tuto
187 1169 388 1202 succedunt.
435 1170 563 1202 Confer
589 1172 725 1202 omnino
754 1181 784 1203 c.

85 1222 138 1252 72.
153 1223 207 1252 73.
222 1224 274 1252 85.
301 1226 337 1252 et
352 1221 463 1252 locum
490 1222 635 1253 Caesaris
651 1222 693 1253 B.
711 1221 784 1253 civ.

83 1279 110 1302 ¹.
135 1273 190 1302 27.
212 1271 354 1303 ‘Fossas
380 1277 589 1303 transversas
617 1273 787 1314 praeducit

82 1326 188 1363 atque
203 1321 249 1353 ibi
263 1322 365 1353 sudes
381 1322 582 1363 stipitesque
597 1328 787 1362 praeacutos

83 1371 218 1414 defigit.
261 1372 348 1404 Haec
370 1372 502 1403 levibus
517 1372 668 1403 cratibus
684 1377 789 1403 terra-

87 1432 154 1464 que
184 1422 351 1463 inaequat:
391 1422 502 1453 aditus
531 1426 643 1453 autem
685 1427 788 1463 atque

86 1472 213 1504 itinera
236 1472 389 1503 maximis
413 1472 533 1503 defixis
558 1472 724 1513 trabibus,
739 1477 788 1503 at-

87 1532 153 1563 que
176 1523 225 1553 eis
246 1522 442 1563 praeacutis,
467 1523 654 1564 praesepit.'
699 1523 787 1554 vide

87 1578 123 1604 et
139 1573 292 1604 Frontiu.
308 1582 332 1604 ι.
349 1577 380 1604 5.
397 1574 413 1614 ξ
427 1577 458 1605 5.
503 1574 615 1613 Unde,
630 1574 662 1604 ni
677 1573 788 1614 fallor,

86 1623 275 1655 clarissime
289 1624 408 1665 liquet,
422 1623 512 1655 aliud
538 1634 611 1656 esse
616 1624 721 1662 fossas
736 1635 788 1655 ex-

80 1675 182 1714 plere,
217 1674 308 1705 aliud
342 1675 449 1706 aditus
480 1676 646 1716 expedire.-
684 1685 788 1717 quare

87 1723 173 1755 Mss.
211 1724 406 1755 auctoribus
435 1730 615 1766 utrumque
647 1725 788 1757 admisi:

83 1774 151 1805 nisi
167 1773 374 1812 mulisfossas
388 1778 418 1805 et
432 1776 539 1806 aditus
549 1775 724 1816 expediunt.

131 1833 298 1856 uxxvu.
312 1828 329 1856 1
346 1825 467 1867 Primo]
480 1826 651 1866 Bong.'pr.
662 1826 788 1866 Scalig.

87 1874 184 1907 Leid.
201 1883 253 1915 pr.
265 1874 412 1915 primum.
457 1875 585 1906 Forsan
600 1875 730 1906 excidit
744 1875 789 1908 D.

85 1925 158 1958 sive
184 1925 362 1957 Decimum.
417 1926 507 1958 Nam
535 1927 789 1968 Memphi-astes

85 1974 209 2016 Δέκιον,
223 1976 345 2007 vitiose
362 1980 489 2015 tamen,
513 1976 621 2016 addit,
646 1977 696 2008 uti
712 1986 791 2008 mox

84 2027 202 2067 [Cnjnm
230 2027 301 2058 sive
332 2026 463 2066 Gnjm,
500 2036 575 2058 cum
614 2027 789 2067 Metaphr.

83 2077 220 2109 addunt
239 2078 323 2109 Mss.
340 2078 407 2109 mei
429 2087 546 2109 omnes
573 2078 623 2109 uti
650 2082 687 2109 et
713 2078 792 2109 alio·

87 2136 181 2158 rum:
206 2136 245 2158 ac
270 2126 357 2159 Edd.
383 2127 458 2158 Inc.
480 2128 622 2159 Vascos.
647 2127 791 2168 Stradae,

85 2176 209 2217 Steph.
225 2176 356 2217 Gryph.
370 2181 458 2217 post.
472 2182 509 2208 et
521 2177 666 2208 Clarkii:
686 2188 791 2219 quare

90 2226 208 2258 addidi
233 2236 380 2268 quoque.
439 2227 560 2258 Paullo
588 2227 687 2268 infra,
709 2229 791 2259 item

91 2277 178 2309 Mss.
205 2282 241 2308 et
268 2277 355 2308 Edd.
372 2278 468 2308 Vett.
486 2278 643 2318 praebent
657 2279 793 2319 deducit,

89 2337 158 2360 non
173 2328 288 2368 educit,
305 2331 343 2359 nt
359 2328 460 2369 vulgo
475 2329 562 2359 male
586 2328 710 2360 editur.
748 2331 792 2361 V.

85 2379 193 2412 modo
223 2389 254 2410 c.
283 2389 386 2419 praec.
415 2383 449 2409 et
475 2379 590 2410 statim
613 2381 721 2421 ‘quas
749 2390 792 2412 cx

92 2428 259 2470 praesidiis
293 2428 483 2459 deductas?
519 2437 601 2460 v111.
637 2432 689 2461 54.
727 2430 792 2462 ‘ex

92 2478 258 2520 praesidiis
275 2486 327 2510 xv
351 2478 439 2519 legio
454 2478 718 2510 deducebatur?
743 2485 792 2512 at-

87 2539 159 2572 que
172 2529 224 2562 ita
239 2530 444 2561 sexcenties.
486 2529 584 2560 Adde
600 2529 642 2560 ad
659 2538 701 2561 n.
718 2533 771 2562 33.

86 2594 89 2596 ·
133 2583 156 2612 9
192 2581 264 2612 Una
289 2581 327 2612 de
363 2580 570 2621 quadraginta
608 2581 795 2622 cohortibus]

86 2630 151 2662 -Sic
171 2630 338 2671 Bongars.
354 2630 453 2671 prim.
478 2636 514 2661 et
537 2631 694 2671 Metaph.
711 2630 794 2671 τριά-

88 2691 188 2710 κοντα
201 2679 251 2710 καὶ
267 2678 363 2711 ἐννέα·
388 2685 423 2711 at
438 2690 498 2710 unu
523 2681 620 2711 abest
634 2691 653 2711 a
668 2682 793 2722 Scalig.

87 2729 207 2761 Oxou.
228 2731 325 2764 Leid.
349 2731 448 2771 prim.
472 2732 511 2761 de
536 2731 635 2762 abest
661 2741 680 2762 a
711 2733 792 2763 Mss-

86 2781 247 2822 -reliquis,
274 2786 347 2813 tum
376 2783 517 2814 aliorum
550 2789 620 2815 tum
647 2784 729 2815 meis
759 2790 794 2815 et

180 2834 294 2874 Delph.
308 2840 338 2868 ct
360 2838 435 2868 Vur.
453 2838 536 2869 Clas.

775 2840 880 2869 Cccsar

1418 210 1534 252 1265

833 316 920 347 Edd.
935 316 1065 357 primis.
1089 314 1213 348 Petu.
1235 324 1303 347 cnm
1313 314 1535 355 qudraginta.

833 373 889 396 Lx.
906 366 1001 396 Voss.
1014 375 1083 397 sec.
1095 365 1230 397 Duker.
1245 370 1281 396 et
1291 363 1452 395 Sambn'ci
1464 363 1534 396 Ms.

834 420 869 445 at
886 421 1008 447 contra
1031 417 1173 446 undecim
1199 416 1271 447 sive
1296 422 1336 446 xi
1353 413 1535 455 legendum

834 470 934 506 putat
966 466 1179 498 ciacconius.
1242 467 1311 497 Una
1341 467 1378 497 de
1403 465 1535 506 qum-

830 518 923 558 ginta
934 527 995 558 pro
1011 518 1146 557 triginta
1161 528 1266 549 notem
1276 526 1320 549 au
1334 519 1403 550 dici
1419 517 1536 558 liceat,

833 567 966 598 dubito.
990 568 1150 599 Beroald.
1166 568 1303 600 Vascos.
1329 569 1395 600 Str.
1417 567 1538 609 steph.

832 622 871 648 et
900 618 957 648 alii
984 619 1172 657 undequudr.
1197 618 1286 658 quod
1309 619 1436 649 malim.
1478 617 1536 650 sic

834 673 1017 708 corruptus
1032 672 1084 698 est
1099 668 1133 698 in
1158 668 1240 698 Mss.
1258 676 1430 707 numerus,
1444 669 1526 699 unde

834 718 1088 759 quadragesimus
1101 718 1191 758 apud
1208 717 1323 748 Valer-
1341 717 1435 748 Max.
1456 726 1525 748 vm

835 769 960 809 7.§1o.

879 822 917 850 11
959 819 1038 850 Fors
1066 817 1193 858 obtulit]
1247 817 1303 849 Sic
1330 823 1427 849 recte
1453 817 1537 848 edit.

835 869 953 910 Steph.
1009 869 1051 900 In
1079 869 1152 900 aliis
1184 869 1349 909 scriptum
1377 872 1451 898 erat
1473 878 1538 898 sors

835 919 958 951 obtulit.
1004 920 1204 960 Perperam.
1256 919 1298 949 B.
1323 919 1368 950 G.
1405 927 1445 949 n.
1483 921 1538 949 21.

837 971 846 988 ‘
863 971 972 1003 Quam
1002 971 1035 1002 in
1060 975 1194 1011 partem
1220 969 1290 1001 sors
1316 968 1463 1007 obtulit‚'
1481 968 1539 999 ubi

836 1022 924 1052 male
940 1030 1007 1052 sors
1030 1021 1228 1060 irrepserat.
1273 1019 1362 1050 vide
1378 1024 1414 1050 et
1431 1019 1471 1049 B.
1496 1019 1540 1050 G.

838 1080 916 1103 vm.
941 1074 992 1102 19.
1020 1072 1126 1102 Daris.
1172 1071 1251 1101 Fors
1271 1070 1437 1100 exhibent
1455 1068 1541 1098 Mssa.

837 1129 954 1152 omnes
967 1121 1184 1159 vetustiores,
1195 1125 1231 1150 et
1244 1119 1331 1150 Edd.
1345 1120 1431 1149 Ven.
1445 1120 1542 1150 1517.

837 1170 931 1211 Aldi,
942 1171 1046 1202 Vasc.
1059 1170 1206 1208 suad-ae,
1217 1169 1376 1210 Gryphii,
1388 1169 1543 1213 aliae'que.

837 1221 896 1261 Iis,
911 1230 987 1262 quae
1005 1220 1048 1251 ad
1065 1221 1087 1250 l.
1100 1229 1143 1250 11.
1160 1219 1281 1257 adtuli,
1298 1218 1386 1250 adde
1402 1227 1543 1259 conges-

839 1276 875 1302 ta
896 1271 939 1302 ab
966 1271 1068 1301 Ernd.
1087 1270 1272 1300 Arntzenio
1293 1269 1335 1300 ad
1355 1268 1474 1300 Aurei.
1499 1269 1541 1299 de

839 1322 913 1352 Vir.
942 1320 1065 1352 illustr.
1090 1323 1142 1351 13.
1167 1322 1329 1361 ‘equum‚
1353 1328 1450 1360 quem
1474 1318 1543 1351 sors

840 1370 1007 1401 dederat.’

883 1428 1064 1451 Lxxxvm.
1083 1423 1099 1450 1
1119 1420 1173 1450 Ex
1182 1420 1280 1450 colore
1291 1419 1424 1450 vestibus
1437 1420 1543 1459 cogni-

840 1474 883 1510 to,
895 1481 951 1511 quo
966 1471 1082 1510 insigni
1097 1471 1128 1501 in
1138 1470 1258 1510 proeliis
1274 1471 1320 1500 uti
1330 1469 1543 1510 consuet-erat]

840 1522 1072 1561 Imperatores
1084 1525 1142 1551 aut
1153 1521 1231 1550 albo
1243 1524 1300 1550 aut
1311 1529 1481 1560 purpureo
1495 1529 1544 1550 sa-

841 1572 919 1612 gulo
947 1570 1084 1602 fuerunt
1114 1571 1235 1601 induti.
1280 1571 1356 1600 Val.
1374 1569 1545 1601 Maximus

840 1631 864 1653 1.
881 1625 912 1652 6.
932 1625 981 1653 ll.
1007 1623 1015 1638 ‘
1029 1623 1209 1653 Ducturus
1231 1625 1304 1652 erat
1326 1619 1499 1662 (Crassus)
1525 1629 1544 1650 a

841 1675 955 1706 Carris
979 1674 1138 1706 adversus
1162 1674 1309 1705 Parthos
1341 1674 1544 1705 exercitum.

841 1727 881 1757 Ei
905 1727 1033 1767 pullum
1058 1726 1223 1757 traditum
1248 1730 1301 1756 est
1328 1725 1546 1765 paludamen-

842 1783 926 1817 tum,
942 1787 1019 1808 cum
1042 1777 1076 1808 in
1101 1776 1257 1817 proelium
1281 1775 1487 1806 exeuntibus
1501 1775 1547 1805 al-

841 1827 936 1867 bum,
965 1832 1025 1858 aut
1054 1835 1264 1867 purpureum
1294 1826 1368 1856 dari
1396 1825 1546 1857 soleret.’

841 1878 908 1909 Sed
935 1877 1115 1918 singularis
1139 1876 1327 1916 cujusdam,
1354 1881 1391 1906 ut
1414 1876 1546 1916 opinor,

842 1928 967 1960 coloris
997 1928 1123 1959 vestitu
1150 1936 1228 1957 usus
1244 1931 1297 1957 est
1312 1928 1443 1957 Caesar:
1469 1926 1550 1957 alio-

843 1979 925 2020 quin
952 1979 1070 2018 inepta
1089 1976 1205 2008 forent
1231 1976 1290 2006 illa
1316 1975 1435 2015 verba,
1458 1977 1466 1993 ‘
1482 1984 1548 2017 quo

843 2028 966 2069 insigni
997 2028 1031 2058 in
1058 2027 1187 2068 proeliis
1217 2028 1269 2058 uti
1296 2025 1547 2058 consueverat!

845 2079 922 2110 Non
940 2078 1029 2110 enim
1043 2078 1133 2110 Just.
1151 2078 1264 2119 Lipsio
1280 2077 1466 2117 adsentior,
1491 2076 1549 2119 qui

843 2129 878 2160 in
893 2129 996 2160 Anal.
1012 2129 1054 2159 ad
1082 2129 1188 2160 Milit.
1202 2128 1302 2159 Rom.
1320 2128 1412 2159 Dial.
1427 2137 1468 2159 11.
1496 2131 1548 2159 12.

843 2191 900 2212 eas
929 2190 1032 2212 voces
1061 2179 1242 2220 expunxit,
1276 2183 1312 2209 et
1340 2178 1425 2211 Julii
1459 2178 1550 2209 Celsi

842 2231 970 2262 vibices
1004 2239 1123 2271 parum
1160 2230 1300 2269 κριτικῶς
1336 2233 1547 2271 conquestus

844 2286 905 2313 est.
926 2281 1041 2312 Daris.
1076 2280 1164 2311 Vide
1182 2280 1284 2311 etiam
1302 2279 1525 2311 Hotomanni.

885 2336 905 2364 4
929 2332 1090 2373 Decliria]
1143 2333 1194 2363 Ut
1224 2331 1314 2372 apud
1346 2332 1472 2362 Lucan.
1500 2339 1547 2361 «Π.

844 2385 918 2414 421.
943 2384 952 2400 ‘
969 2383 1097 2414 Montis
1120 2383 1289 2414 declivia!
1334 2382 1383 2414 At
1400 2383 1549 2424 integer-

844 2433 948 2465 rimus
970 2433 1096 2465 Andin.
1118 2444 1194 2464 cum
1213 2434 1375 2474 Goltorp.
1393 2433 1489 2465 Leid.
1512 2438 1548 2464 et

844 2484 942 2514 Voss.
960 2485 1074 2524 tertio,
1091 2489 1128 2516 et
1143 2485 1207 2515 Ed.
1225 2484 1298 2515 Ine.
1316 2483 1400 2514 dant
1416 2483 1547 2521 decliva,

845 2534 936 2574 quod
951 2544 1017 2566 non
1032 2535 1271 2575 spernendum.
1302 2536 1448 2566 Declirus
1459 2533 1548 2564 enim

846 2584 913 2616 dici
938 2595 1035 2626 aeque
1063 2596 1103 2617 ac
1126 2587 1241 2617 declive
1264 2596 1342 2617 cum
1365 2585 1548 2615 innumeris

846 2634 1014 2674 ejusmodi
1041 2635 1223 2676 adjectivis
1253 2635 1394 2665 vidimus
1421 2634 1463 2664 ad
1499 2643 1549 2664 η’.

847 2687 920 2715 114.
966 2685 1124 2716 Variatur
1145 2695 1278 2726 quoque
1300 2694 1402 2723 supra
1428 2693 1467 2714 ιι.
1495 2685 1548 2714 18.

847 2740 882 2765 et
910 2735 1000 2766 alibi.
1047 2736 1135 2765 Vide
1160 2736 1264 2765 etiam
1293 2735 1334 2764 ad
1363 2734 1402 2764 B.
1421 2734 1495 2764 Civ.
1521 2742 1547 2764 1.

847 2788 899 2815 45.
929 2786 1082 2826 pluribus
1107 2786 1148 2816 de
1173 2785 1223 2815 liis
1239 2794 1375 2825 agemus
1392 2783 1434 2813 ad
1454 2783 1549 2814 Hirt.

1391 2837 1462 2868 ΔΙ,
