1818 3131
246 203 359 246 1132

244 308 348 341 lectio
371 307 590 339 confirmatur
616 308 658 338 ab
674 310 820 349 egregiis
837 310 945 342 Mem-

245 359 358 390 branis
372 358 515 389 Andinis
533 363 567 388 et
584 359 845 393 oxoniensibus.
883 362 944 393 Ce-

244 410 309 441 teri
340 418 454 439 omues
485 413 552 438 tam
581 409 678 447 editi,
713 421 813 452 quam
841 412 944 453 scrip-

245 460 271 490 ti
296 462 443 498 questore
468 463 615 490 servant.
669 460 717 492 At
742 461 768 492 is
793 468 866 493 erat
894 463 942 493 M.

245 510 384 540 Crassus
400 518 429 539 e.
447 511 500 539 24.
519 510 667 550 quamvis
685 511 730 542 ibi
745 513 840 542 multi
859 513 942 546 Mss.

244 568 310 589 non
325 558 451 589 addant
467 563 656 599 quoestorem.
699 562 872 596 Qua-stores
888 573 943 594 no-

242 610 389 640 minate.
407 612 460 640 25.
479 610 505 640 si
523 615 636 642 tamen
655 621 735 643 sana
748 618 798 643 est
816 614 941 652 lecti03

245 659 291 689 uti
309 659 354 690 ibi
371 660 486 691 videre
500 666 563 692 est.
611 662 737 693 Forsan
752 664 833 695 nihil
850 665 942 695 addi-

242 709 340 742 derat
356 710 410 741 hic
428 711 556 751 (tapsar,
574 717 610 744 et
625 722 644 743 a
662 713 809 744 librariis
833 715 886 744 vel
907 716 941 745 in

242 761 392 801 margine
409 762 552 802 primum
577 763 716 803 adjecta
743 769 795 794 est
815 773 878 794 vox
903 765 942 794 Ie-

238 814 314 849 guto
349 816 385 842 et
414 822 594 852 perperam
620 817 780 852 quaestore.
840 815 942 845 Certe

240 869 303 892 nec
322 862 591 902 Metaphrastes,
607 872 670 894 nee
687 863 803 894 Celsus
820 873 943 896 nomen

239 911 374 942 honoris
391 912 598 952 exprimunt.

280 963 322 992 22
346 962 466 993 Earum
482 963 657 1002 deitatum,
683 974 751 1004 quae
770 965 943 997 ,lrmoricoe

238 1012 449 1052 appellantur]
473 1012 650 1045 Armorica
677 1015 769 1046 dicta
794 1021 845 1047 est
870 1017 942 1047 Bri-

239 1061 368 1101 tannia,
417 1062 537 1094 Galliae
575 1064 719 1096 Celticae
757 1067 942 1106 provincia,

239 1110 318 1150 quia
332 1110 374 1141 ad
404 1121 496 1142 mare
522 1117 596 1143 erat
616 1114 692 1145 sita.
736 1115 824 1146 Vide
847 1116 940 1147 Guil.

239 1160 471 1192 cambdenum
489 1162 576 1194 Brit.
594 1174 625 1204 p.
642 1167 691 1195 14.
737 1165 855 1197 Tradit
871 1167 940 1206 qui-

239 1209 314 1241 dem
332 1211 464 1242 Plinius
478 1212 569 1244 Hist.
587 1214 669 1245 Nat.
687 1224 735 1245 lv.
755 1218 805 1246 17.
834 1221 939 1247 totam

238 1261 458 1302 Aquitaniam
495 1263 574 1293 olim
605 1263 837 1296 Aremoricam
868 1266 939 1297 dic-

238 1315 318 1341 tam.
364 1312 431 1343 Sed
449 1313 525 1352 hoc,
552 1314 578 1344 si
604 1323 720 1345 verum
737 1322 802 1353 est,
823 1317 878 1347 bie
898 1318 941 1347 Ιο-

238 1370 313 1392 cum
345 1371 410 1393 non
435 1363 548 1394 babet.
592 1364 703 1396 Daris.
758 1365 846 1397 vide
876 1375 940 1398 vu.

237 1413 289 1441 75.

279 1464 321 1491 24
344 1461 393 1492 Ab
419 1461 557 1493 hibernis
579 1463 728 1506 abfuisse]
765 1466 857 1496 Male
885 1466 941 1497 alii

235 1512 418 1543 constitisse.
442 1513 688 1551 Andin.suisse.
712 1516 852 1547 Scilicet
862 1518 942 1548 seri-

238 1561 384 1592 bendum
401 1562 513 1595 fuerat
529 1564 663 1602 afuisse.-
679 1565 769 1606 quod
784 1571 891 1598 restat
907 1567 939 1598 in

238 1612 407 1653 Bongars.
424 1614 546 1653 primo,
563 1616 662 1646 Voss.
680 1616 789 1656 primo
813 1621 848 1647 et
873 1618 940 1659 Eg-

236 1662 414 1693 mundano.
460 1663 588 1696 Confer
614 1670 733 1696 notata
761 1666 803 1697 ad
832 1676 856 1698 1.
885 1670 937 1699 36.

235 1712 409 1750 afuturum.

278 1771 349 1794 nv.
367 1767 383 1794 1
409 1765 460 1795 Ad
475 1775 507 1795 se
523 1766 655 1806 vocatis]
687 1767 785 1798 Leid.
802 1778 853 1809 pr.
871 1779 939 1800 con·

236 1815 363 1846 coeatis.
401 1816 467 1846 Sed
481 1817 591 1856 Bong.
610 1817 706 1856 prim.
722 1818 820 1849 Voss.
840 1819 936 1858 prim.

235 1864 360 1895 Lovan.
377 1865 545 1902 Egmund.
573 1871 609 1896 et
631 1869 661 1896 7.
686 1867 741 1896 alii
769 1877 845 1898 cum
873 1869 936 1900 Ed.

235 1913 307 1944 Ine.
339 1919 374 1945 et
405 1914 482 1945 Aic.
514 1916 554 1945 ad
581 1926 614 1945 se
643 1917 784 1947 evocatis.
836 1918 936 1950 Quod

235 1963 360 1994 Caesari
376 1964 521 1994 reddidi.
568 1966 715 1997 Consule
739 1967 781 1997 ad
811 1977 856 1999 iv.
883 1972 936 2001 20.

235 2019 243 2029 ⁸
258 2015 410 2045 evocatis
427 2015 468 2045 ad
486 2025 521 2045 se
539 2017 808 2047 mercatoribus!

275 2066 295 2094 2
332 2065 557 2103 Denunciaret,
609 2066 687 2096 alias
737 2068 936 2108 cohortando]

234 2114 317 2145 Mss.
340 2124 454 2145 omnes
472 2114 544 2146 t'cre
562 2117 761 2155 perturbate
776 2119 854 2149 alias
868 2120 933 2150 coh.

233 2165 443 2194 denunciat-et.
507 2165 554 2196 At
584 2166 701 2206 Cujac.
732 2172 768 2198 et
809 2167 934 2200 Andin.

233 2213 359 2245 habent
391 2221 523 2246 tantum
555 2226 647 2256 quum
674 2217 768 2248 sciret
796 2218 935 2259 deficere,

232 2265 310 2295 alius
325 2266 523 2297 cohortando.
570 2267 669 2297 Unde
693 2268 854 2308 conjicias
874 2270 934 2301 ini-

233 2315 282 2346 tio
307 2320 437 2347 tantum
465 2316 569 2348 fuiss-e
597 2318 780 2357 territando,
803 2329 834 2349 se
857 2321 935 2351 scire

232 2376 301 2405 quae
323 2366 454 2407 fierent,
483 2367 562 2397 alias
588 2368 652 2398 coh.
712 2369 769 2399 Nil
797 2369 932 2401 definio.

233 2415 295 2447 Gr.
313 2416 465 2456 ἐκφοβῶν,
490 2417 541 2447 καὶ
561 2417 682 2458 εἰδέναι,
698 2418 718 2449 ἃ
739 2420 858 2450 ποιοῦσι
883 2419 934 2451 λέ-

232 2476 308 2504 γων.
352 2467 440 2498 Alios
463 2473 576 2499 autem
601 2468 649 2499 bis
679 2474 731 2499 est
761 2471 792 2500 in
824 2471 932 2502 Pulni.

234 2516 365 2547 schedis
419 2522 455 2548 et
498 2517 583 2548 Edd.
625 2518 824 2558 quibusdam
873 2530 933 2560 pro

233 2566 323 2598 alias.

276 2620 297 2648 6
321 2618 416 2656 Cujus
430 2617 538 2655 frater
554 2618 764 2661 Illoritasgus]
787 2622 933 2653 Quidam

233 2667 406 2699 Gallorum
428 2670 520 2699 Deus
537 2669 612 2700 huic
629 2668 696 2700 fuit
713 2673 933 2713 cognominis,

224 2723 270 2748 rut
296 2729 337 2748 ex
363 2719 478 2749 multis
506 2719 786 2760 inscriptionibus
815 2728 932 2761 patct;

232 2769 321 2799 unde
339 2770 486 2810 conjecit
501 2770 561 2807 Tb.
579 2770 773 2810 Reinesius‚
787 2772 933 2813 aliquem

234 2819 388 2858 ὁμώνυμον
411 2829 429 2852 e
446 2821 629 2861 majoribus
653 2821 834 2865 Moritasgi
859 2833 933 2856 nos-

711 215 852 245 No'rAE
886 216 1147 248 vARloRUM
1185 216 1234 247 ΙΝ

997 311 1054 350 tri,
1071 321 1089 342 a
1110 312 1178 342 suis
1203 311 1245 341 ob
1268 311 1391 342 merita
1417 320 1479 351 pro
1507 311 1583 343 Deo
1608 311 1698 344 babi-

996 366 1066 392 tum
1082 374 1088 392 :
1118 362 1172 392 liic
1189 361 1276 392 enim
1294 366 1378 401 erat,
1398 366 1437 392 ut
1453 366 1548 393 recte
1566 362 1698 393 Plinius

996 412 1087 442 Hist.
1108 412 1189 443 Nat.
1208 421 1247 442 ιι.
1265 415 1295 442 7.
1321 412 1329 428 ‘
1347 412 1598 443 vetustissimus
1615 410 1701 443 refe·

995 463 1090 493 rendi
1108 463 1194 493 bene
1211 462 1422 494 merentibus
1440 463 1583 503 gratiam
1600 463 1696 494 mos?

996 511 1162 543 Adeunda
1194 519 1247 543 est
1277 513 1337 543 viri
1371 513 1558 544 doctissimi
1587 513 1699 554 Epist.

995 570 1105 592 war.
1122 572 1155 601 p.
1173 565 1248 593 597.
1286 564 1397 593 Daris.

1038 615 1077 641 12
1105 611 1309 651 Tantumque]
1332 612 1386 643 Sic
1404 613 1486 643 Mss.
1503 614 1587 654 neg.
1602 614 1698 645 Grae-

995 670 1054 691 cus
1073 661 1165 691 item.
1192 660 1336 699 Τοσούτῳ
1352 666 1414 692 ΔΕ.
1461 663 1560 695 Quod
1578 668 1613 695 et
1630 673 1698 694 me-

994 711 1057 741 lius
1074 711 1127 742 hie
1151 712 1324 749 convenit,
1347 722 1445 752 quani
1465 712 1553 752 quod
1573 713 1606 743 in
1631 714 1699 744 vul-

994 761 1079 800 gatis
1095 761 1249 792 babetur.
1287 762 1394 792 Clark.
1441 762 1578 792 Nullum
1595 763 1697 793 alium

994 810 1147 841 codicem
1165 810 1422 851 suffragantem,
1435 820 1498 841 nee
1513 820 1566 842 me
1583 811 1699 843 adsen-

995 859 1135 891 tientem
1152 860 1256 891 habet
1273 861 1334 891 Vir
1351 862 1501 892 Doctiss.
1550 861 1700 893 Durissi-

994 919 1083 941 mum
1110 909 1201 941 foret
1227 914 1417 951 tantumque,
1446 916 1481 942 et
1507 914 1698 953 tantamque.

997 960 1130 991 Tantum
1147 967 1200 992 est
1218 961 1351 992 initium
1374 961 1632 1002 Ἐπιφωνήματος.
1656 963 1697 995 V.

994 1010 1088 1041 Cort.
1107 1010 1148 1041 ad
1166 1011 1254 1041 Plin.
1272 1011 1293 1042 l.
1311 1020 1361 1042 vr.
1379 1012 1442 1052 Ep.
1461 1014 1512 1042 31.
1532 1014 1583 1043 14.

1043 1062 1081 1090 14
1121 1060 1307 1100 Tantumque
1348 1062 1483 1092 omm'um
1529 1061 1698 1094 voluntatis

991 1111 1258 1141 commutationem
1274 1110 1397 1151 attulit]
1420 1112 1529 1143 Editt.
1549 1112 1645 1143 Rom.
1661 1118 1698 1144 et

996 1160 1154 1192 Beroald.
1179 1160 1318 1199 habent,
1345 1162 1532 1202 Tantumque
1558 1163 1697 1194 omnibus

991 1211 1181 1242 voluntatum
1196 1213 1463 1243 commutationem
1475 1214 1606 1247 attulit:
1624 1214 1696 1254 qui-

993 1260 1053 1291 bus
1084 1262 1263 1293 succinunt
1302 1262 1368 1293 ΜΞ.
1410 1263 1515 1293 Nos-v.
1545 1269 1580 1294 et
1612 1264 1695 1295 edit.

992 1309 1079 1340 Ven.
1105 1311 1169 1341 nisi
1192 1312 1280 1350 quod
1304 1312 1375 1343 baec
1402 1313 1620 1354 Typographi
1645 1324 1695 1345 er-

991 1368 1068 1389 rore
1084 1361 1282 1398 voluntatem,
1299 1362 1355 1392 ille
1373 1362 1501 1394 librarii
1524 1364 1696 1404 imperitia

991 1411 1183 1450 voluptatum
1200 1417 1440 1453 repraesentet,
1466 1423 1529 1444 nec
1555 1414 1586 1444 in
1609 1416 1696 1446 vari-

992 1469 1085 1490 arum
1106 1460 1294 1492 lectionum
1320 1464 1493 1502 συλλογαῑς
1514 1464 1616 1495 ullam
1633 1465 1698 1496 Co-

991 1509 1105 1541 dicum
1143 1511 1408 1553 discrepantiam
1438 1515 1570 1546 iuvenio
1601 1521 1695 1547 nota-

991 1565 1073 1592 tam.
1121 1562 1200 1593 Non
1219 1563 1324 1604 igitur
1342 1565 1507 1605 intelligo,
1529 1575 1588 1597 cur
1608 1566 1693 1597 hauc

991 1612 1171 1644 lectionem
1196 1616 1363 1646 mutarint
1389 1616 1507 1656 nuperi
1532 1616 1695 1657 editores,

989 1663 1053 1694 nisi
1078 1663 1167 1695 forte
1196 1666 1386 1701 voluntatum
1411 1667 1532 1707 plurali
1555 1677 1694 1700 numero

989 1723 1107 1745 carere
1124 1723 1304 1755 perperam
1321 1717 1560 1749 existimarint.
1605 1718 1694 1750 Vide

989 1764 1032 1794 Β.
1050 1765 1093 1796 G.
1111 1774 1177 1796 vu.
1197 1770 1247 1797 10.
1273 1772 1307 1797 et
1325 1768 1365 1798 Β.
1381 1768 1420 1800 (¹.
1444 1777 1468 1798 1.
1491 1771 1543 1799 40.
1580 1769 1692 1800 Dacis.

991 1815 1141 1845 Omnibus
1183 1818 1375 1847 voluntatum
1415 1820 1693 1851 commutationem.

987 1864 1043 1895 Sic
1063 1865 1145 1895 Mss.
1169 1871 1204 1897 et
1229 1866 1339 1898 Editt.
1364 1873 1448 1898 vett.
1477 1869 1632 1909 Scaliger
1657 1875 1693 1901 et

990 1915 1223 1955 Recentiores,
1253 1918 1388 1947 omnium
1418 1919 1590 1949 voluntatis
1614 1929 1693 1949 com-

987 1965 1198 1996 mutationem.
1269 1967 1354 1999 Quae
1401 1968 1609 2007 emendatio,
1655 1973 1692 2000 ut

988 2020 1082 2046 recte
1104 2021 1246 2048 annotat
1273 2017 1443 2057 Davisius,
1459 2019 1595 2050 omuino
1621 2019 1691 2050 sine

987 2075 1089 2097 causa
1119 2068 1255 2099 videtur
1286 2068 1389 2101 facta.
1435 2071 1543 2101 Clark.
1604 2071 1689 2102 Haec

986 2117 1088 2147 lectio
1108 2119 1243 2149 omnium
1258 2120 1427 2150 voluntatis
1451 2129 1517 2150 non
1541 2130 1559 2150 a
1582 2120 1691 2152 Scali-

987 2177 1078 2207 gero‚
1095 2169 1153 2199 sed
1174 2169 1246 2209 jam
1264 2179 1282 2200 a
1299 2170 1467 2200 Beroaldo
1491 2170 1561 2202 sive
1578 2171 1690 2203 Vene-

987 2217 1029 2248 tis
1047 2219 1198 2258 inducta,
1216 2224 1251 2250 et
1268 2219 1346 2251 dein
1365 2220 1407 2251 ab
1427 2219 1527 2260 Aldo,
1550 2222 1690 2262 Stepha-

986 2278 1040 2307 n0‚
1057 2269 1210 2310 Grypbio
1235 2270 1375 2311 aliisque
1399 2275 1545 2310 retenta,
1569 2271 1692 2303 confir-

985 2325 1096 2351 matur
1123 2331 1142 2351 a
1166 2320 1276 2352 codd.
1304 2320 1429 2352 Audin.
1458 2322 1547 2353 Seal.
1573 2321 1686 2353 Oxou.

986 2374 1020 2400 et
1038 2370 1133 2401 Leid.
1151 2371 1250 2410 prim.
1268 2375 1303 2401 et
1320 2371 1459 2402 Gracco.
1505 2371 1547 2402 In
1563 2371 1689 2402 ceteris

986 2420 1070 2452 Mss.
1090 2426 1124 2451 et
1143 2420 1228 2452 Edd.
1256 2425 1306 2451 cst
1333 2421 1484 2452 Omnibus
1499 2426 1535 2451 et
1550 2420 1687 2451 volunta-

984 2473 1058 2509 tem,
1072 2472 1269 2511 voluptatem,
1285 2471 1499 2506 voluntatum·
1522 2474 1558 2500 ut
1574 2469 1606 2500 in
1629 2479 1687 2510 op·

985 2521 1067 2552 timo
1084 2522 1192 2561 Bong.
1215 2526 1251 2552 et
1268 2522 1365 2552 Voss.
1390 2530 1441 2560 pr.
1456 2521 1582 2551 Lovan.
1598 2520 1686 2552 aliis-

984 2582 1048 2612 que
1064 2571 1198 2602 multis:
1214 2571 1410 2602 commutatio
1428 2571 1592 2602 Petam..
1604 2575 1686 2603 tert.

981 2622 1262 2661 commutationum,
1288 2622 1397 2660 Bong.
1413 2630 1463 2660 pr.
1477 2625 1513 2651 et
1526 2630 1594 2652 sec.
1608 2631 1686 2652 com-

982 2672 1239 2711 mutationemque
1255 2672 1349 2711 Egm.
1366 2676 1400 2702 et
1417 2671 1512 2702 alius.
1546 2672 1684 2714 Exqua

982 2722 1134 2754 codicum
1171 2721 1416 2753 incertitudine
1452 2722 1533 2753 satis
1570 2726 1683 2762 patet,

983 2774 1113 2815 plurale
1128 2774 1318 2804 roluntatum
1331 2773 1487 2804 librarios
1502 2772 1685 2805 offendisse

982 2830 1019 2858 et
1034 2823 1261 2866 corruptionis
1285 2833 1438 2856 caussam
1457 2823 1573 2857 fuisse.
1617 2824 1682 2856 Ve-
