1872 3115
329 152 414 194 960

326 265 392 298 que
406 265 527 297 magno
544 266 686 289 numero
702 261 738 288 et
751 257 840 288 Edd.
856 257 974 298 primis
989 268 1029 290 ae

326 305 468 337 Vascos.
480 306 598 346 Steph.
617 306 763 346 Gryphii
777 306 930 347 aliisque,
948 307 1027 339 item

327 356 501 388 Ciacconii
529 362 564 388 et
587 356 720 386 Brantii
742 356 850 395 libris,
866 357 1028 389 utebatur:

325 405 347 438 i.
364 416 392 438 e.
416 406 472 447 jus
497 406 636 446 hospitii
665 409 807 437 cum'eo
833 409 1026 439 exercebat.

326 457 444 490 Celsus
460 456 663 496 simpliciter
674 462 773 488 vocat
786 467 860 489 eum
874 458 1026 490 Ariovisti

325 508 487 549 hospitem.
522 508 649 538 Verum
667 519 768 550 quum
787 510 869 540 nihil
884 511 1027 541 varieta-

324 559 366 590 tis
396 568 438 589 ex
467 558 619 599 Anglicis
645 559 727 590 Mss.
769 559 933 591 adnotant
965 561 1024 592 viri

322 608 428 648 docti,
454 615 490 640 et
519 609 772 649 Metaphrastes
794 610 918 642 habeat
940 610 1026 650 ξένον

321 671 397 691 ποτε
414 659 591 698 γενόμενον,
618 660 699 690 nihil
725 661 883 691 innovare
911 671 1024 692 rursus

322 720 420 742 ausus
436 709 500 742 fni:
519 720 720 752 quamquam
737 712 880 742 alterum
897 713 1022 751 malim,

321 765 489 792 mutatum
507 761 549 791 ab
568 761 657 792 Aldo
675 766 710 792 et
727 761 802 801 illis,
820 761 939 803 quibus
958 772 1022 793 non

320 811 482 851 placebat
513 811 672 851 repetitio
697 811 892 852 imperfecti
918 813 1023 843 uteba-

320 863 381 891 tur.
427 861 474 892 At
488 862 577 892 illam
593 868 738 893 amatam
754 872 827 893 esse
840 872 859 892 a
877 864 1022 903 Caesare,

318 911 500 942 innumeris
523 912 604 943 locis
634 917 751 953 patet:
786 922 888 954 qnare
916 914 1020 945 etiam

318 964 609 1004 restituijubebat
627 965 805 996 Gruterus.

362 1016 402 1045 19
427 1015 654 1056 Conclamavit]
689 1015 745 1047 Sic
773 1026 888 1047 omnes
914 1017 1019 1048 Codd.

318 1064 403 1096 Mss.
416 1070 451 1096 et
470 1070 599 1097 veteres
616 1065 708 1106 typis
723 1066 846 1097 excusi.
894 1068 1020 1098 Recen-

317 1115 418 1147 tiores
435 1117 523 1147 enim
547 1116 671 1147 verbum
687 1118 819 1158 simplex
847 1117 1020 1157 exhibent,

317 1166 419 1207 quod,
435 1172 472 1197 ut
488 1167 620 1206 opinor,
635 1168 858 1207 compositum
877 1177 941 1198 non
958 1169 1018 1199 nisi

317 1216 360 1247 de
379 1217 598 1248 multitudine
613 1219 828 1250 clamantituu
847 1219 913 1250 dici
931 1220 1018 1250 arbi-

319 1271 499 1298 trarentur.
546 1267 594 1298 At
622 1278 813 1308 perperam.
858 1269 1018 1304 Vir-uilius

314 1317 389 1348 AEu.
407 1325 460 1348 111.
476 1320 549 1348 523.
565 1320 574 1334 ‘
592 1318 723 1348 ltaliam
743 1319 869 1358 primus.
886 1319 1018 1350 concla-

314 1372 384 1398 mat
411 1366 559 1400 Achates
574 1367 594 1399 :'
619 1368 675 1400 ubi
699 1369 847 1408 Servius,
871 1369 879 1385 ⁶
896 1369 1017 1409 val‹le‚’

315 1417 437 1458 inquit,
452 1419 460 1434 ‘
474 1422 534 1450 aut
549 1419 672 1459 saepius
689 1419 833 1451 clamat:
879 1419 967 1451 Vide
981 1425 1017 1451 et

314 1466 541 1500 AEn.v1.259.
588 1469 697 1500 Datis.
744 1470 1016 1501 Consentiuntin

312 1519 356 1556 τῷ
382 1520 585 1550 conclamavit
612 1521 695 1551 Mss.
724 1520 856 1550 Brautii
885 1525 921 1551 et
949 1522 1015 1552 mei

312 1577 427 1600 omnes
443 1574 571 1609 praeter
587 1570 741 1599 Vossian.
754 1579 821 1599 sec.
835 1575 868 1599 et
881 1570 1013 1600 Duker.

312 1624 418 1651 recte.
464 1619 565 1651 Ovid.
579 1620 665 1650 Met.
682 1628 731 1649 vr.
746 1622 819 1650 690.
843 1625 852 1636 ⁶
872 1620 1012 1651 Concla-

311 1674 382 1701 mat
402 1669 519 1710 virgo!
558 1677 641 1699 xm.
656 1671 710 1699 73.
727 1672 735 1685 ‘
751 1669 949 1700 Conclamat
963 1680 1012 1700 so-

312 1718 404 1758 cios,'
434 1724 469 1750 et
494 1719 584 1749 alibi.
628 1718 702 1749 Val.
726 1718 836 1750 Flacc.
863 1728 917 1750 111.
939 1723 1011 1751 259.

312 1769 321 1785 ‘
341 1767 508 1800 Adtonito
534 1769 724 1800 conclamat
747 1768 788 1800 ab
802 1769 934 1809 agmine
960 1770 1013 1800 Ti-

312 1818 419 1860 phys.’
488 1819 626 1849 Petron.
663 1828 691 1849 c.
722 1821 792 1850 11-1.
831 1819 1009 1859 ‘hospites

311 1869 559 1901 conclamans:'
585 1874 620 1900 ct
647 1869 770 1909 saepius
797 1869 864 1900 alii.
920 1869 1011 1899 Hinc

309 1918 422 1950 forsan
454 1929 519 1950 non
547 1916 840 1950 male'Mediceus
864 1919 946 1951 eod.
978 1920 1011 1950 in

311 1970 476 2001 Frontino
499 1970 602 2001 habet
627 1979 665 2001 11.
681 1973 712 2000 4.
736 1971 762 2010 ξ.
780 1973 830 2001 10.
851 1971 861 1987 ⁴
879 1971 1013 2001 concla-

309 2030 401 2051 mare
420 2019 557 2060 coepit:'
582 2020 684 2060 vulgo
707 2020 790 2050 clare
816 2021 1011 2060 proedicurit.

309 2070 402 2102 Male
425 2071 578 2111 Scaliger
603 2081 621 2100 e
637 2071 847 2102 Carrariensi
863 2070 1011 2102 inculca-

308 2121 358 2152 vit
373 2121 426 2152 hic
442 2122 597 2152 clamavit.

331 2180 462 2203 XLvui.
476 2176 493 2202 5
514 2173 682 2203 Frumento
693 2175 929 2213 commeatuque,
940 2173 1009 2213 qni]

307 2221 463 2253 Vossian.
480 2223 607 2261 primus
625 2228 732 2260 caret,
754 2224 798 2261 τῷ
813 2233 880 2263 que,
896 2228 931 2253 et
948 2233 1009 2263 pro

307 2282 350 2303 eo
365 2272 398 2303 in
414 2272 563 2312 margine
579 2272 684 2303 habet
705 2274 793 2312 quod.
840 2273 929 2308 Quod
946 2283 1008 2313 pro

306 2323 360 2363 qui
384 2323 510 2363 legitur
539 2333 673 2364 quoque
698 2323 732 2354 in
759 2322 944 2354 Oxoniensi
972 2328 1008 2354 et

307 2373 404 2404 Leid.
431 2375 557 2413 primo:
583 2374 679 2414 quasi
704 2373 809 2405 fuerit
835 2374 914 2405 olim
931 2373 1007 2411 sm-

304 2423 401 2454 menti
417 2427 599 2453 commeatus
613 2424 701 2463 quod.
738 2423 806 2454 Sed
823 2433 924 2463 supra
932 2424 1006 2464 jam

305 2472 394 2504 dixit
417 2483 446 2504 c.
475 2476 526 2504 39.
550 2474 558 2489 ‘
577 2474 638 2504 Rei
663 2474 892 2505 frumentariae
916 2484 1006 2505 com-

303 2526 503 2564 meatusque
522 2526 657 2554 caussa)
687 2523 753 2554 Adi
770 2523 916 2563 omnino,
931 2534 1003 2564 quae

304 2574 533 2614 congessimus
561 2582 616 2605 ιιι.
642 2576 672 2604 7.
699 2574 707 2589 ‘
724 2571 887 2605 frumenti
915 2584 1005 2606 coin-

302 2627 501 2664 meatusque
526 2622 668 2663 petendi
694 2623 838 2654 caussa!
863 2632 927 2655 vn.
949 2628 1002 2656 58.

302 2673 312 2690 ‘
331 2683 506 2705 numerum
522 2673 684 2706 frumenti
700 2680 979 2719 commeatusque
994 2676 1002 2689 '

305 2724 345 2755 B.
360 2724 433 2757 Civ.
451 2734 505 2757 ιιι.
521 2727 575 2758 42.
592 2727 645 2757 78.

795 163 936 195 NOTAE
973 164 1190 195 VARIORU
1202 166 1233 195 M
1270 166 1319 195 ΙΝ

1124 261 1163 290 13
1190 259 1275 294 Quos
1299 271 1339 291 ex
1363 261 1445 292 omui
1470 261 1573 302 copia]
1607 263 1704 304 Copia
1726 263 1780 296 hic

1080 310 1268 341 exercitum
1295 311 1476 350 significat.
1527 313 1583 344 Sic
1609 313 1642 344 in
1669 314 1781 355 Epist.

1079 359 1138 390 Cn.
1158 360 1312 401 Pompeii
1331 362 1371 392 ad
1399 363 1446 393 M.
1463 362 1666 394 Marcellum
1691 369 1727 396 et
1742 364 1780 396 L.

1080 410 1260 441 Lentulum
1278 412 1372 443 Coss.
1400 413 1488 452 apud
1513 413 1713 444 Ciceronem
1737 415 1779 446 ad

1078 459 1186 491 Attic.
1218 462 1279 501 Ep.
1307 471 1386 493 xiii.
1413 466 1463 493 17.
1488 465 1496 479 ⁴
1515 463 1573 494 [ti
1604 463 1677 504 ipse
1703 473 1779 496 cum

1077 511 1165 540 omni
1184 512 1281 552 copia
1298 512 1340 542 ad
1359 522 1417 544 nos
1433 514 1592 545 venerit)
1638 515 1727 546 Vide
1743 519 1780 547 et

1076 560 1271 592 Sallustium
1290 563 1390 594 Catil.
1406 574 1436 595 c.
1450 567 1502 595 56.
1550 565 1663 596 Daris.
1708 565 1778 597 Ad-

1076 610 1116 641 de
1134 616 1204 643 not.
1223 612 1264 642 ad
1281 613 1321 644 B.
1340 614 1414 645 Civ.
1433 623 1455 645 ι.
1473 617 1523 645 45.
1550 616 1558 631 ‘
1576 614 1779 656 Augebatur

1076 660 1139 691 illis
1154 662 1275 702 copia.’
1772 667 1774 669 ’

1119 714 1156 741 l?
1184 713 1271 752 Equo
1297 713 1488 753 deciderant]
1530 715 1696 755 Bongars.
1724 726 1776 757 pr.

1074 770 1142 792 sec.
1164 761 1285 793 Petav.
1311 762 1440 793 Lovan.
1472 763 1627 794 Vossiani
1645 774 1776 805 omnes,

1074 812 1188 843 oxon.
1214 812 1308 843 Leid.
1338 813 1435 852 prim.
1462 814 1627 853 Egmonu.
1646 820 1683 846 et
1705 820 1775 847 tres

1072 861 1127 891 alii
1146 872 1221 893 cuin
1239 863 1300 893 Ed.
1320 863 1454 894 Incerta
1472 864 1648 901 deciderat,-
1672 866 1778 897 veris-

1073 911 1155 942 sime
1172 923 1179 942 :
1205 913 1259 952 qui
1277 922 1336 952 pro
1353 913 1421 952 quis
1445 920 1498 944 est
1522 914 1700 954 singularis
1717 925 1777 946 nu-

1072 962 1168 1000 meri,
1186 962 1274 1003 quod
1291 965 1483 994 nescientes
1501 964 1644 1004 librarii,
1660 965 1693 996 in
1709 966 1777 1006 quis

1070 1012 1240 1051 deciderat,
1254 1014 1309 1044 vel
1333 1014 1385 1053 qui
1402 1015 1593 1053 deciderant,
1613 1025 1775 1057 corrupe-

1071 1068 1159 1094 runt.
1214 1063 1357 1095 Graecus
1387 1065 1487 1095 ctiam
1520 1066 1773 1106 Metaphrastes

1070 1113 1141 1144 llaec
1159 1113 1261 1144 habet
1277 1113 1310 1144 in
1334 1123 1472 1145 numero
1490 1115 1649 1156 singulari
1665 1128 1671 1147 :
1697 1127 1773 1158 pas-

1070 1164 1131 1194 sim
1154 1164 1206 1203 qui
1223 1170 1257 1195 ct
1274 1165 1369 1205 siqui
1393 1175 1455 1205 pro
1479 1166 1548 1205 quis
1573 1167 1662 1206 apud
1686 1167 1774 1208 opti·

1070 1223 1139 1244 mos
1172 1215 1371 1255 scriptores,
1402 1216 1461 1246 sed
1487 1216 1607 1246 crebro
1633 1226 1774 1258 corrup·

1069 1269 1139 1295 tum
1155 1275 1350 1306 occurrere,
1379 1267 1488 1297 sciunt
1516 1267 1608 1299 docti
1625 1278 1633 1305 ;
1658 1268 1708 1298 uti
1725 1268 1773 1299 in-

1068 1314 1121 1346 fra
1145 1325 1192 1347 vr.
1221 1319 1271 1347 13.
1296 1318 1304 1334 ‘
1325 1317 1426 1358 siqui
1451 1321 1509 1347 aut
1535 1317 1710 1357 privatus,'
1735 1322 1773 1349 et

1067 1367 1075 1382 ⁴
1094 1366 1120 1395 si
1139 1366 1192 1406 qui
1210 1376 1251 1397 ex
1269 1367 1407 1408 reliquis
1423 1368 1562 1398 excellit
1580 1367 1772 1409 dignitate-⁹

1068 1416 1156 1446 B.C.
1171 1425 1192 1446 ι.
1203 1419 1221 1445 S
1232 1419 1255 1448 1.
1269 1417 1276 1431 ‘
1291 1418 1318 1447 si
1333 1417 1389 1457 qui
1403 1417 1495 1447 locus
1506 1418 1770 1451 misericordiae.'

1068 1474 1107 1496 ιι.
1118 1468 1170 1496 24.
1186 1467 1193 1482 ·’
1211 1466 1303 1507 siqui
1318 1467 1425 1497 vitare
1438 1468 1606 1499 voluerit.’
1622 1468 1770 1502 B.A1ex.

1066 1526 1094 1547 c.
1113 1519 1163 1547 16.
1180 1518 1189 1533 ⁴
1202 1517 1227 1546 si
1242 1517 1297 1557 qui
1312 1518 1494 1548 cessisset!
1517 1518 1572 1548 Sic
1583 1519 1671 1549 enim
1683 1520 1767 1552 Mss.

1065 1565 1197 1604 optimi,
1225 1571 1260 1596 et
1285 1567 1324 1596 B.
1342 1566 1485 1606 Hispan.
1510 1578 1539 1599 c.
1563 1570 1615 1599 22.
1642 1568 1694 1600 ‘si
1711 1570 1769 1611 qui

1065 1615 1310 1656 transfugerit)
1370 1617 1455 1649 Mss.
1487 1621 1523 1649 et
1553 1617 1642 1649 Edd.
1672 1619 1769 1653 vett.

1065 1664 1203 1704 Apulcii
1231 1666 1317 1697 Met.
1348 1675 1372 1698 ι.
1397 1676 1428 1706 p.
1445 1669 1474 1698 3.
1512 1668 1521 1684 ⁴
1540 1667 1567 1698 si
1594 1668 1652 1709 qui
1683 1670 1768 1701 velit

1064 1715 1176 1746 dicere
1193 1716 1212 1746 :’
1239 1727 1313 1747 nam
1331 1722 1363 1748 et
1381 1717 1428 1749 ibi
1444 1718 1542 1758 vulgo
1558 1719 1626 1759 quis
1643 1718 1685 1750 ab
1712 1720 1768 1751 El-

1063 1767 1259 1797 menborstii
1275 1768 1367 1799 Edit.
1384 1778 1492 1809 usquc
1508 1779 1515 1799 :
1537 1779 1570 1809 p.
1588 1772 1617 1801 8.
1640 1771 1649 1787 ‘
1666 1770 1693 1801 si
1709 1772 1767 1812 qui

1062 1816 1222 1855 agitarit!
1279 1817 1368 1848 Vide
1401 1819 1497 1850 Colv.
1523 1825 1559 1850 et
1583 1821 1692 1854 Drak.
1722 1821 1765 1853 ad

1063 1867 1136 1897 Liv.
1156 1876 1212 1898 ιιι.
1230 1870 1280 1899 17.
1297 1868 1324 1908 ξ.
1340 1871 1369 1898 7.

1106 1917 1400 1958 Circmnsistebant]
1429 1920 1478 1950 Ut
1493 1929 1550 1951 eos
1567 1920 1610 1952 ab
1627 1920 1764 1953 incursu

1061 1968 1207 1999 hostium
1234 1974 1326 2000 tutos
1354 1974 1389 2000 et
1414 1970 1597 2002 incolumes
1625 1977 1766 2012 praesta-

1062 2023 1149 2049 rent.
1194 2019 1307 2050 Daris.

1104 2072 1236 2099 xr.1x.8
1260 2069 1431 2100 Hominum
1443 2081 1600 2102 numerum
1614 2081 1676 2103 xvr
1695 2073 1763 2104 mil-

1059 2118 1118 2158 lia]
1143 2119 1264 2152 Quoad
1281 2130 1468 2152 numerum.
1512 2122 1589 2153 Hoc
1603 2132 1680 2153 curn
1694 2132 1761 2155 non

1059 2168 1292 2210 intelligerent
1306 2171 1455 2202 nonnulli
1472 2171 1633 2212 editores,
1644 2182 1761 2205 vocem

1059 2229 1229 2260 numerum,
1253 2226 1291 2252 nt
1307 2220 1509 2261 superfluam
1528 2232 1665 2262 prorsus
1681 2223 1762 2254 omi-

1059 2279 1143 2301 sere.
1184 2272 1333 2302 Frustra.
1384 2271 1525 2303 Gratius
1549 2272 1679 2312 Cyneg.
1710 2282 1760 2305 vs.

1058 2323 1111 2351 31.
1135 2322 1144 2337 ‘
1158 2321 1203 2352 Et
1220 2321 1269 2352 bis
1287 2321 1414 2353 vicinos
1443 2321 1587 2360 spatium
1613 2326 1760 2362 praeten-

1058 2371 1140 2402 dere
1158 2381 1274 2412 passus
1291 2373 1378 2403 Rcte
1396 2372 1494 2403 velim
1509 2372 1531 2402 :'
1555 2371 1611 2402 ubi
1636 2375 1761 2411 proten-

1057 2423 1129 2452 dere
1153 2423 1333 2462 legendum
1361 2422 1574 2454 crediderim.
1619 2422 1758 2454 Curtius

1058 2482 1089 2503 v.
1116 2476 1144 2503 l.
1176 2475 1229 2503 25.
1253 2475 1261 2489 ‘
1279 2473 1433 2513 Spatium
1456 2480 1532 2502 xxx
1557 2477 1591 2502 et
1615 2471 1758 2504 duorum

1056 2523 1180 2563 pedum
1198 2522 1411 2554 latitudinem
1427 2521 1670 2562 ainplectitur,’
1691 2522 1756 2554 hoc

1055 2579 1121 2612 est,
1149 2573 1260 2614 quoad
1293 2572 1531 2610 latitutlinem;
1569 2582 1635 2604 non
1665 2573 1756 2605 enim

1054 2634 1196 2655 necesse
1213 2627 1276 2663 est,
1299 2629 1336 2654 ut
1363 2633 1438 2654 cum
1464 2623 1663 2655 doctissimo
1681 2624 1755 2655 viro

1053 2675 1153 2706 Joau.
1169 2673 1399 2705 Freinshemio
1420 2673 1453 2704 in
1481 2674 1679 2705 latitudinem
1705 2683 1756 2705 re-

1055 2733 1229 2767 ponamus.
1272 2723 1383 2757 Datis.
1438 2725 1565 2757 Forsan
1580 2728 1693 2756 tamen
1709 2733 1754 2756 ex
