1818 3131
329 241 420 271 mn.
452 240 515 270 vi.
548 239 653 268 esp,
684 229 753 268 17.

91 336 201 368 tavio:
224 335 332 367 ‘Inde
354 334 438 366 adeo
457 343 516 375 per
542 332 697 363 universa
724 332 782 362 im-

91 388 196 429 peria,
238 385 436 427 provincias),
463 383 600 423 oppida,
632 382 784 413 ridemus

89 438 236 479 singulos
259 445 426 468 sacrorum
450 435 534 465 ritus
559 434 704 473 gentiles
728 434 784 464 ha-

90 489 181 528 bere,
208 492 244 519 et
272 487 350 518 deos
379 486 492 516 colere
523 484 722 524 municipes,
748 489 784 515 ut

90 538 275 570 Eleusinios
304 536 477 574 Cererem,
507 535 658 575 Phrygas
694 535 784 565 Mar-

88 593 169 626 tem,
199 585 399 626 Epidaurios
428 585 668 625 AEsculapium,
690 585 785 616 Chal-

87 637 176 669 daeos
192 637 323 674 Belum,
340 635 502 667 Astarten
515 637 628 675 Syros,
639 635 784 666 Dianam

85 687 233 725 Taurios,
251 687 369 718 Gallos
394 687 614 725 Mercurium,
630 687 786 717 universa

85 738 275 770 Romanos!
302 738 412 770 Quem
431 738 561 769 lVodnm
578 738 784 779 appellatum

85 788 124 819 iis
142 792 178 819 ct
194 788 343 829 prodidit
365 788 502 819 Paullus
520 788 691 818 Diaconus
718 788 740 819 l.
760 797 784 819 1.

86 838 129 870 de
153 839 257 879 gestis
281 838 432 879 Longob.
459 843 493 868 et
518 842 665 869 testatur
686 838 785 869 hodie

84 887 200 928 lingua
223 892 351 926 nostra,
373 897 448 918 cum
474 888 681 918 Wodensdach
698 888 785 919 diem

86 938 250 969 Mercurii
275 938 494 978 appellamus.
540 938 675 979 Lipsius
698 939 786 970 notis

84 987 126 1018 ad
154 987 308 1018 Tacitum
339 993 447 1029 putat,
473 988 682 1020 Mercurium
720 999 785 1020 non

90 1038 216 1068 Wodam
247 1038 386 1078 dictum,
425 1040 483 1071 sed
524 1041 701 1079 Wonsdam,
732 1041 785 1070 vel

88 1088 247 1119 lVondam.
288 1088 421 1128 Nempe
439 1099 458 1119 a
475 1089 581 1127 lucro,
597 1090 686 1130 quod
704 1089 787 1120 Ger·

84 1138 188 1169 manis
203 1140 319 1170 woudst
335 1139 388 1170 vel
408 1140 521 1171 windst
537 1140 673 1171 dicitur.
718 1140 785 1171 Sed

87 1193 321 1229 argumentum
349 1189 431 1220 illud
467 1199 585 1230 parum
623 1189 783 1221 validum.

86 1238 255 1270 Pessimus
281 1239 436 1272 similiter
468 1241 613 1281 probare
643 1241 786 1272 Wodam

84 1293 213 1320 rectum
238 1299 323 1330 esse,
344 1291 406 1322 hoc
431 1291 542 1323 modo.
589 1291 649 1323 Ait
670 1292 786 1324 Caesar

82 1338 239 1371 itinerum
255 1340 376 1372 ducem
389 1350 408 1371 a
424 1341 602 1373 Germanis
616 1342 680 1373 coli
694 1343 787 1374 Mer-

84 1389 225 1420 curium.
271 1391 317 1422 Et
332 1396 446 1422 nostra
465 1392 578 1432 lingua
593 1394 679 1423 woud
696 1393 786 1433 apud

84 1440 262 1473 Britannos
286 1453 419 1484 quoque
443 1445 541 1484 wood,
569 1445 706 1485 saltum,
722 1445 788 1486 syl-

85 1500 160 1521 vam
174 1496 232 1523 aut
247 1502 363 1533 agrum
378 1499 483 1526 notat.
530 1496 598 1527 Cur
621 1506 704 1537 ergo
720 1506 786 1528 non

85 1550 180 1583 aeque
217 1541 334 1574 dicere
374 1544 486 1584 liceat,
522 1546 730 1577 Mercurium
768 1557 788 1578 a

82 1593 186 1622 tremit
219 1594 273 1624 vel
310 1596 395 1626 wood
436 1601 592 1628 vocatum
633 1598 787 1635 Wodam;

83 1650 181 1682 quam
211 1651 231 1673 a
258 1645 375 1674 wondst
402 1644 593 1677 Wousdam?
616 1647 787 1687 Imprimis

85 1701 162 1723 cum
191 1698 344 1724 veterum
370 1696 480 1726 nullus
505 1696 683 1728 tradiderit
709 1707 786 1729 eum

82 1742 131 1773 ita
146 1744 354 1783 appellatum
378 1743 492 1777 fuisse.
539 1746 626 1777 Mihi
650 1757 728 1778 sane
751 1752 787 1779 et

83 1792 147 1824 hoc
170 1791 366 1833 figmentum
390 1800 426 1826 et
448 1795 530 1826 illud
554 1806 651 1837 aeque
676 1798 787 1828 riden-

83 1842 161 1873 dum
186 1843 331 1875 videtur.
377 1845 411 1876 Si
438 1846 538 1877 Erico
565 1847 653 1878 Olao
676 1848 786 1879 credi-

81 1901 167 1932 mus,
184 1893 300 1924 Suecis
317 1894 463 1935 Othinus,
486 1901 546 1928 aut
572 1897 659 1928 Oden
686 1907 785 1930 voca-

81 1943 202 1975 batur:
227 1944 276 1976 ait
291 1945 379 1976 enim
404 1946 496 1979 Hist.
513 1948 686 1979 Suecicae:
712 1958 737 1980 1.
755 1952 786 1981 1.

79 1993 298 2026 ‘Secundum
337 2005 419 2028 vero
448 1997 580 2029 scilicet
611 1999 786 2039 Othinum,

80 2052 142 2083 pro
164 2043 276 2075 danda
299 2049 334 2076 et
357 2047 592 2078 conservanda
615 2047 663 2079 eis
687 2058 786 2090 pace,

83 2098 120 2125 et
158 2094 230 2125 vita
260 2096 442 2137 tranquilla
475 2097 635 2129 colebant
665 2098 787 2138 Sueci3

84 2144 216 2184 quando
244 2151 341 2177 erant
370 2151 488 2178 contra
514 2148 629 2179 hostes
661 2159 787 2190 pugna-

84 2193 162 2233 turi,
189 2204 265 2225 eum
304 2205 365 2236 pro
395 2197 539 2228 victoria
568 2197 785 2239 invocabant,

83 2248 239 2284 quartam
254 2244 373 2276 feriam
390 2247 420 2277 ei
438 2257 498 2287 pro
522 2248 689 2279 libaminis
706 2254 788 2281 tem·

84 2304 167 2334 pore
184 2295 401 2336 deputantes,
415 2307 435 2328 a
450 2308 516 2339 quo
540 2299 632 2330 dicta
647 2307 699 2331 est
714 2300 786 2332 dies

81 2344 140 2374 illa
168 2343 396 2377 Odcnsdach.’
442 2348 509 2378 Sed
527 2349 656 2380 Wodan
671 2350 736 2391 (ita
752 2361 786 2383 n.

81 2394 296 2427 scribendum
328 2397 402 2437 jam
449 2399 581 2432 Cluver.
622 2401 786 2442 ostendit)

83 2454 215 2486 quoque
241 2446 419 2487 Teutanem,
441 2453 501 2479 aut
529 2454 567 2480 ut
594 2451 648 2481 alii
671 2452 787 2483 volunt

85 2495 243 2526 Teutatem
260 2497 469 2537 appeliatum
485 2498 587 2530 fuisse
606 2500 784 2533 discimus:

82 2547 241 2579 Meminit
259 2550 426 2590 Lucanus,
451 2552 459 2566 ‘
479 2551 522 2582 Et
543 2552 664 2593 quibus
682 2553 786 2584 immi-

84 2597 125 2628 tis
141 2599 298 2638 placatur
314 2601 476 2641 sanguine
493 2602 566 2633 diro
582 2602 788 2634 Theutates.’

84 2647 129 2678 Et
143 2648 256 2688 prodit
278 2650 399 2682 Cicero
423 2651 466 2682 de
490 2653 613 2684 Natur.
632 2654 785 2685 Deorum

85 2705 139 2728 ιιι.
173 2708 249 2740 pag.
269 2703 342 2732 341.
366 2702 577 2734 Mercurium
605 2713 694 2743 euin,
729 2705 784 2745 qui

84 2745 213 2787 Argiuu
239 2749 470 2791 interemerat,
509 2753 586 2785 ideo
615 2755 786 2796 AEgyptiis

85 2797 271 2841 praefuisse,
285 2810 324 2832 ac
347 2802 440 2843 leges
462 2807 496 2835 et
519 2803 635 2836 literas
656 2805 697 2837 iis
720 2809 787 2836 tra-

788 238 848 267 DE
882 237 1037 267 BELLO
1068 235 1296 266 GALLICO.

1422 225 1534 267 1157

835 331 978 368 didisse;
994 340 1136 371 eumque
1149 329 1314 371 appellari
1324 328 1432 360 'ruoth
1447 329 1537 369 apud

835 380 1025 420 AEgyptios‚
1039 390 1103 421 quo
1119 381 1252 411 nomine
1266 385 1301 410 et
1318 380 1444 420 primus
1459 379 1537 409 anni

835 431 959 461 mensis
976 439 1130 463 vocetur.
1172 433 1316 463 Prorsus
1332 436 1443 462 autem
1460 440 1537 462 con-

836 490 956 520 gruere
973 481 1130 512 videntur
1147 482 1202 512 illa
1226 482 1360 512 nomina
1386 481 1485 512 ΤΙωιΙι
1500 486 1536 512 et

838 531 947 568 Teuth,
962 541 1000 561 ac
1021 532 1196 562 Teuthutes.
1236 532 1332 562 [nde
1347 532 1538 571 suspicetur

837 582 911 624 quis
927 583 968 613 ab
985 582 1101 613 eadem
1118 583 1245 623 origiue
1270 593 1352 614 csse.
1399 584 1486 614 Sane
1503 583 1537 614 id

836 632 980 673 putabat
992 633 1269 673 Geograplnorum
1284 634 1447 665 maximus
1460 634 1540 665 Pini-

836 686 946 726 lippus
965 685 1141 724 (Jluvcrus,
1157 686 1211 726 qui
1230 686 1262 715 in
1280 686 1462 717 Germania
1479 696 1540 716 sua

836 736 1016 767 ostendere
1039 740 1195 774 conatur,
1219 745 1334 766 omnes
1362 742 1479 776 gentes
1505 737 1539 767 iu

837 785 1049 817 enunciando
1066 785 1213 825 supremi
1232 786 1297 816 Dei
1316 786 1448 817 nomine
1466 797 1541 827 pro-

838 836 1016 876 pemodum
1044 836 1251 876 congruisse.
1295 836 1351 867 Sic
1375 837 1431 878 qui
1457 836 1543 868 Ger·

836 887 943 917 manis
975 891 1009 917 et
1038 887 1206 927 AEgyptiis
1244 887 1374 926 leulh,
1405 888 1538 919 Graecis

836 936 922 975 Θεὸς,
937 937 992 967 vel
1010 936 1093 976 Ζεὺς,
1110 938 1163 968 vel
1179 936 1269 975 Δεὺς,
1287 937 1414 968 Latinis
1430 938 1540 974 Deus,-

836 997 911 1028 qum
929 997 1028 1018 voces
1044 987 1141 1018 valde
1159 988 1285 1018 similes
1311 993 1400 1019 sunt.
1436 988 1539 1029 Equi·

835 1036 912 1067 dem
937 1037 1121 1077 ingeniosa,
1144 1037 1210 1068 imo
1237 1038 1430 1068 acutissima
1452 1046 1539 1076 esse,

835 1095 911 1127 quae
933 1096 1073 1126 magnus
1101 1086 1150 1116 vir
1173 1085 1246 1117 fuse
1270 1086 1418 1126 disserit,
1433 1096 1474 1117 ne
1493 1087 1541 1117 iu·

836 1137 927 1168 vidia
943 1137 1079 1178 quidem
1097 1137 1284 1177 negaverit.
1331 1138 1375 1167 Et
1399 1142 1436 1168 ut
1457 1136 1542 1169 falsa

837 1187 954 1218 dicere
981 1198 1022 1219 ea
1048 1188 1092 1219 sit
1120 1188 1337 1229 impudentis,
1362 1188 1425 1218 nisi
1450 1187 1541 1219 aliud

837 1239 975 1280 probet,
996 1240 1045 1271 ita
1069 1240 1170 1270 velim
1194 1244 1307 1271 tamen
1325 1239 1426 1277 scire,
1441 1248 1461 1269 a
1477 1247 1543 1280 qua

839 1290 970 1331 origine
995 1291 1106 1321 onmia
1130 1290 1203 1321 liaec
1232 1289 1365 1320 nomina
1392 1288 1543 1320 defluxe-

837 1341 904 1372 rint
921 1352 928 1372 :
947 1351 1023 1372 nam
1041 1341 1074 1372 id
1091 1342 1118 1372 si
1135 1342 1292 1382 sciretur,
1309 1345 1367 1371 aut
1384 1349 1542 1381 magnum

836 1393 879 1424 ad
904 1394 1136 1434 conjecturam
1164 1393 1302 1424 Cluveri
1332 1396 1541 1423 momentum

837 1445 993 1484 haberet,
1016 1449 1075 1475 aut
1105 1453 1177 1475 eam
1203 1448 1384 1474 everteret.
1431 1442 1544 1473 Caete-

837 1504 920 1535 rum,
948 1495 990 1526 ad
1018 1495 1186 1526 Teutanem
1215 1498 1254 1523 ut
1279 1492 1428 1531 redeam,
1456 1501 1542 1532 prae·

838 1546 943 1576 terire
973 1545 1027 1576 hic
1055 1554 1121 1575 non
1153 1544 1238 1575 libet
1275 1543 1386 1574 Taciti
1417 1543 1541 1581 locum,

837 1595 894 1636 qui
918 1594 1041 1626 Annal.
1059 1604 1084 1626 1.
1108 1595 1176 1625 ait:
1201 1594 1209 1611 ‘
1227 1592 1376 1624 Profana
1392 1592 1489 1623 simul
1506 1597 1543 1623 et

838 1655 947 1685 sacra,
965 1650 1000 1676 et
1015 1645 1271 1677 celeberrimum
1296 1644 1360 1674 illis
1382 1643 1541 1684 gentibus

838 1696 1015 1737 templum,
1045 1695 1134 1736 quod
1163 1693 1324 1726 Tanfauae
1365 1693 1543 1732 vocabant,

838 1745 908 1776 solo
938 1744 1140 1786 aequauturss
1184 1743 1371 1785 Ignorabat
1397 1742 1543 1783 Lipsius,

838 1795 911 1836 quis
943 1797 1037 1827 Deus
1068 1795 1271 1835 signaretur,
1305 1794 1419 1834 aitque
1460 1802 1543 1823 non-

837 1846 946 1876 nullos
987 1844 1231 1884 ἐτυμολο-γίζειν,
1259 1844 1356 1885 quasi
1397 1849 1488 1874 esset
1524 1853 1544 1873 a

835 1895 861 1926 ’t
877 1895 1022 1935 aenfang,
1047 1895 1138 1937 quod
1167 1899 1284 1926 nostra
1312 1895 1426 1935 lingua
1456 1892 1545 1934 prin-

837 1947 962 1988 cipium
980 1957 1092 1979 rerum
1102 1951 1210 1978 notat.
1235 1946 1439 1987 Placuitque
1453 1944 1543 1975 idem

837 1999 998 2039 Philippo
1015 1998 1161 2030 Cluvero
1177 1997 1249 2028 viro
1271 2006 1410 2027 summo.
1456 1995 1542 2026 Mihi

838 2052 953 2079 tamen
981 2048 1081 2079 aliter
1107 2048 1255 2087 videtur,
1278 2052 1313 2078 et
1340 2047 1397 2077 vix
1424 2045 1543 2077 dubito

837 2098 892 2130 hic
918 2099 1097 2138 legendum
1125 2100 1282 2130 Teutam.
1326 2098 1414 2128 Sane
1431 2097 1544 2138 Heda,

837 2150 970 2192 quando
995 2150 1138 2181 eandem
1162 2160 1204 2181 ex
1227 2149 1345 2181 Tacito
1364 2148 1542 2180 historiam

837 2205 966 2240 narrat,
996 2201 1102 2232 habet
1135 2200 1303 2238 Taufimoe:
1337 2200 1410 2240 jam
1442 2208 1543 2240 quam

835 2249 934 2282 facile
960 2254 972 2282 t
998 2251 1031 2281 in
1050 2250 1075 2289 f
1092 2251 1267 2281 mutatur?
1290 2250 1319 2281 Α
1340 2259 1417 2280 vero
1441 2259 1504 2290 pro
1528 2259 1544 2280 e

836 2301 916 2332 nihil
931 2301 1009 2333 novi
1025 2302 1056 2332 in
1071 2309 1186 2333 nostra
1201 2301 1327 2342 lingua.
1350 2301 1438 2331 Sane
1453 2309 1545 2340 saepe

837 2352 1001 2384 Germani
1019 2353 1075 2384 ubi
1092 2362 1154 2383 nos
1178 2362 1206 2391 e,
1227 2352 1355 2382 habent
1376 2361 1406 2391 α,
1429 2355 1467 2382 ut
1487 2360 1543 2392 po-

837 2403 941 2434 tuerit
982 2403 1158 2444 scripsisse
1198 2402 1341 2433 Tacitus
1384 2401 1544 2432 Tautanae.

838 2453 1038 2494 Exemplum
1070 2453 1232 2484 habemus
1271 2452 1361 2493 apud
1397 2452 1543 2483 eundem

839 2508 1010 2535 auctorem
1039 2503 1159 2535 eodem
1182 2503 1280 2543 libro,
1304 2513 1381 2534 cum
1411 2502 1542 2543 inquit:

837 2553 846 2570 ‘
870 2553 1057 2596 Positoque
1091 2554 1230 2586 castello
1267 2563 1369 2594 super
1399 2551 1545 2592 vestigia

838 2603 970 2644 paterni
987 2604 1137 2645 praesidii
1161 2604 1194 2634 in
1212 2609 1326 2635 monte
1341 2604 1469 2641 Tauno,
1485 2611 1543 2632 ex-

837 2654 992 2694 peditum
1005 2655 1196 2686 exercitum
1213 2655 1246 2684 in
1268 2655 1410 2686 Chattos
1426 2651 1539 2697 rapit.'

837 2704 903 2736 Ubi
919 2715 985 2736 non
1002 2705 1102 2736 anxie
1125 2714 1200 2736 cum
1225 2704 1340 2744 Lipsio
1363 2703 1542 2743 inquiram,

837 2754 911 2795 quis
941 2755 999 2786 ille
1026 2764 1121 2786 mons
1150 2755 1215 2784 sit:
1241 2753 1368 2794 quippe
1395 2752 1543 2784 arbitror

835 2805 988 2837 'l'auuum
1002 2805 1084 2836 nihil
1096 2804 1184 2836 aliud
1201 2813 1273 2835 csse
1291 2813 1388 2845 quam
1398 2804 1540 2845 ‹Iuynciu
