1818 3131
330 234 421 265 Lm.
453 232 657 263 1v.·c.u›.
687 220 758 261 25.
791 231 852 261 1)ss
887 232 1043 262 uento
1076 231 1304 262 GAmeo.

91 334 143 361 tra
157 332 209 360 est
226 327 267 360 P.
280 327 493 366 ciacconius,
520 325 577 366 qui
603 323 782 364 legendum

91 378 232 420 conjicit
247 388 319 409 unm
332 378 371 407 ad
387 380 501 407 morum
514 376 706 415 expedition
730 380 783 405 est

91 428 180 460 enim
218 427 418 468 Hypatium,
456 425 552 465 cnjus
598 435 664 455 non
710 434 783 455 rara

91 483 167 509 suut
183 477 333 516 exempla
350 474 437 515 apud
455 474 600 515 optimos
616 480 783 505 auctores.

90 530 188 559 (jorn.
197 528 339 558 Severus
355 526 386 555 in
398 525 497 555 AEtua
510 534 558 555 vs.
574 528 628 554 55.
642 526 651 540 ⁴
664 525 782 555 Remo-

90 582 146 608 vet
161 577 302 616 caligine
319 574 502 610 mundum‚’
518 575 581 605 hoc
600 581 664 613 est,
678 584 783 606 remo-

88 632 145 659 vet
157 627 334 667 caliginem
346 637 364 657 e
378 625 512 656 mundo.
531 626 587 656 Sic
598 632 631 656 et
646 636 695 656 vs.
708 629 782 657 226.

86 677 248 708 habemus
262 676 294 707 in
308 677 408 707 editt.
425 676 570 716 antiquis
584 675 784 717 ‘Capitique

88 727 245 758 attollere
262 726 405 758 coelum!
423 736 498 756 cum
522 725 592 757 Jos.
610 726 783 765 Scaliger„

85 785 231 818 eumque
247 784 380 807 secutus
400 785 546 816 nuperus
563 774 687 811 editor,
712 785 784 815 per-

87 836 203 867 peram
217 827 429 866 reposuerint
439 829 528 865 coput
542 828 634 865 aeque
646 825 785 856 attollere

87 878 170 917 coelo,
194 876 282 916 quod
306 876 391 907 hanc
413 875 556 916 figuram
580 876 613 905 in
637 875 784 905 animum

87 937 153 958 non
169 933 381 958 revocarent.
427 926 552 956 Eodem
574 926 672 965 plane
688 925 785 956 modo

88 977 188 1009 silius
214 978 354 1009 Italicus
382 986 417 1008 x.
435 980 509 1009 204.
535 977 622 1007 dixit
644 977 786 1007 ‘Subla-

88 1034 158 1059 tum
184 1028 322 1069 pulvere
346 1037 503 1067 campum
527 1027 712 1057 Vulturnus
735 1037 786 1057 ro-

89 1078 163 1118 tat,'
180 1089 241 1119 pro
258 1088 310 1117 eo,
327 1077 415 1118 quod
430 1082 495 1115 est,
513 1078 670 1117 puli-erem
686 1077 786 1107 sutela-

87 1132 154 1159 tum
179 1138 296 1168 compo.
325 1128 439 1158 Datis.
486 1127 701 1166 ineptissime
730 1127 785 1158 Ci-

88 1179 244 1210 acconius
253 1177 434 1218 legendum
446 1176 635 1215 contendit,
651 1177 696 1216 (ee
709 1187 785 1207 usus

87 1229 127 1259 ad
141 1233 269 1260 motum
280 1226 482 1268 expeditior.)
512 1227 587 1257 Nec
604 1226 785 1266 quicquam

88 1276 220 1308 felicius
249 1277 324 1307 Viri
352 1276 549 1308 Doctissimi
581 1276 717 1307 Vossius
750 1281 786 1307 et

88 1326 262 1366 Davisius,
293 1326 350 1367 qui
366 1335 477 1356 veram
494 1324 676 1356 lectionem
692 1330 786 1355 tuen-

89 1382 156 1417 tur,
172 1376 230 1407 sed
255 1375 471 1416 Hypallagen
495 1384 567 1404 esse
596 1374 702 1412 aiunt,
724 1383 786 1414 pro

90 1436 143 1466 eo,
155 1425 244 1467 quod
258 1425 325 1456 dici
338 1424 519 1466 potuisset,
531 1434 602 1454 usus
612 1425 653 1454 ad
663 1424 786 1454 Motum

88 1475 270 1516 expeditior.
301 1475 407 1507 Quasi
423 1483 504 1504 vero
521 1479 579 1504 aut
600 1473 682 1503 Usus
692 1478 787 1504 recte

88 1527 155 1560 dici
171 1532 284 1569 posset
297 1526 469 1566 expeditus,
482 1525 594 1555 Grae-c.
610 1523 787 1564 ταχύτερα;

88 1583 158 1615 aut,
189 1577 297 1608 Motus
323 1577 363 1606 ad
390 1585 477 1606 usum
505 1574 691 1614 expeditior,
720 1584 788 1605 non

88 1633 177 1659 esset
200 1627 344 1658 maxime
368 1625 532 1656 naturalis
555 1630 593 1655 et
616 1633 728 1654 rerum
752 1629 788 1655 et

89 1679 270 1710 verborum
286 1677 381 1709 ordo.
417 1675 593 1714 Profecto,
610 1685 692 1716 quas
709 1685 788 1705 con-

90 1729 294 1760 structiones
322 1737 365 1759 ex
393 1726 488 1757 bonis
514 1725 722 1756 Auctoribus
745 1724 787 1754 ad

90 1779 305 1820 Hypallagen
327 1776 456 1808 referre
484 1776 594 1806 solent
611 1775 787 1806 Gramma-

90 1829 162 1868 tici,
188 1838 238 1860 eae
266 1834 322 1859 aut
343 1837 386 1858 ex
412 1825 583 1866 corruptis
609 1824 683 1856 fere
709 1830 787 1856 sunt

91 1878 284 1916 Codicibus,
299 1881 357 1908 aut
373 1886 415 1907 ex
430 1875 571 1907 sinceris
585 1874 672 1904 male
689 1875 787 1906 intel-

89 1931 198 1962 lectae.
244 1929 290 1960 Et
305 1928 464 1960 ridiculus
481 1936 616 1967 prorsus
633 1931 683 1957 est
704 1927 788 1958 Vos·

86 1981 202 2011 sinsin
227 1990 278 2018 eo,
294 1989 392 2020 quern
419 1987 461 2009 ex
490 1977 606 2008 Hirtio
634 1977 676 2008 ad
699 1977 786 2009 hanc

87 2040 158 2061 rem
175 2031 272 2066 citat,
287 2030 381 2060 loco:
405 2028 477 2067 ubi,
490 2037 565 2058 cum
580 2027 627 2059 ait
642 2028 788 2068 Hirtius,

87 2082 96 2096 ‘
104 2079 368 2111 Tabernaculurn
375 2079 558 2109 secundum
569 2078 665 2109 littus
677 2078 786 2118 ipsum

91 2130 282 2167 constituit,
308 2134 344 2159 ut
366 2137 475 2169 prope
491 2126 614 2159 fluctus
629 2128 787 2159 verbera-

90 2178 172 2216 ret3'
198 2179 286 2210 istud
301 2179 423 2219 fluctus
439 2179 487 2209 ita
512 2177 630 2218 plurali
647 2187 786 2210 numero

91 2228 255 2260 construit
266 2228 329 2258 Vir
343 2227 473 2266 doctus,
484 2232 536 2266 ut,
549 2227 797 2259 absurdissima.

93 2278 300 2318 Hypallage,
321 2277 548 2308 tabernaculum
570 2277 701 2308 scilicet
720 2288 787 2310 ter-

89 2327 197 2358 berare
220 2327 352 2358 dicatur
359 2327 480 2368 fluctus
493 2327 635 2358 marinos.
680 2328 787 2359 clm-k.

91 2377 273 2418 Lycophron
293 2387 338 2407 vs.
351 2380 422 2408 105.
433 2377 566 2416 Στεῤῥὰν
576 2377 790 2409 ἐνοπλίσουσιν

91 2427 219 2460 &evais-
243 2426 378 2464 πλάτην.
429 2428 498 2459 Ubi
523 2428 789 2466 Tzetzes‚'Am-

93 2477 232 2520 πρόφως
256 2476 339 2508 εἶπεν
362 2477 430 2508 ἀντὶ
450 2478 507 2508 τοῦ
528 2477 584 2508 τὰς
609 2479 714 2518 χεῖρας
727 2479 790 2509 ἐνο-

93 2527 256 2560 πλίσουσιν
269 2529 337 2559 ταῖς
351 2527 491 2567 στεῤῥαῖς
506 2527 630 2559 κώπαις.
663 2527 702 2558 In
719 2529 790 2560 Cae·

94 2587 167 2610 aare
181 2584 302 2614 tamen,
319 2585 357 2609 ut
373 2578 569 2610 observavit
586 2578 635 2610 Cl.
660 2578 789 2609 Clarki—

93 2637 143 2668 ns,
154 2630 315 2660 naturalis
329 2635 378 2660 est
393 2635 428 2660 et
441 2638 552 2661 rerum
565 2635 601 2660 et
613 2629 788 2661 verborum

93 2678 189 2719 ordo,
204 2684 242 2711 ut
257 2679 417 2711 fallantur
431 2680 466 2720 ii,
490 2680 548 2721 qui
562 2679 617 2711 vel
632 2680 790 2711 mutatio-

95 2737 171 2760 nem
185 2732 370 2767 tentarunt,
385 2731 440 2761 vel
466 2730 681 2771 Hypallageu
704 2739 790 2760 som·

95 2777 242 2812 uiarunt.
278 2781 389 2813 Datis.
422 2789 593 2818 eun-sec.
647 2779 789 2813 Rectius

1420 221 1533 261 1067

837 324 1052 365 Hypanagon
1070 331 1237 357 statueres
1251 325 1284 356 in
1298 324 1404 356 Hirtii
1418 325 1533 357 verbis

837 375 874 405 B.
906 375 1002 406 Alex.
1032 387 1061 407 c.
1094 380 1147 407 28.
1203 377 1342 406 ‘Variis
1371 385 1532 417 generum

835 425 1106 456 munitionibus?
1133 427 1158 456 si
1175 427 1217 457 ab
1247 427 1383 467 optimis
1401 426 1534 458 Codici-

836 474 896 504 bus
914 480 1003 505 stare
1022 477 1112 506 licet.
1163 478 1237 507 Non
1266 483 1393 508 temere
1420 483 1534 508 tamen

835 534 875 556 ea
905 526 1042 556 videtur
1073 526 1296 563 admittenda,
1330 533 1366 559 ut
1393 532 1429 559 et
1452 528 1534 559 alibi

835 576 966 612 monui;
993 578 1183 616 praesertim
1207 578 1295 617 apud
1322 578 1534 616 Historicos;

835 627 986 667 quamvis
1003 628 1119 661 sciam,
1132 629 1230 658 aliter
1244 628 1350 659 videri
1368 629 1446 659 viris
1465 629 1535 670 qui-

834 677 974 708 busdam
989 678 1108 708 doctis.

876 730 897 757 9
921 727 1037 767 Atque]
1082 727 1136 758 Sic
1163 728 1247 759 Mss.
1264 733 1298 758 et
1315 728 1421 759 Editt.
1436 729 1534 759 Vett.

837 778 1026 819 Meliusque
1043 780 1212 815 convenit,
1229 789 1327 820 quam
1344 779 1433 820 quod
1457 779 1534 811 Sca-

835 828 918 861 lizer
942 834 975 859 et
993 830 1200 860 recentiores
1224 834 1458 869 reposuerunt,
1477 830 1535 861 At.

837 877 944 908 Clark.
969 882 1012 908 At
1027 879 1186 919 scripturn
1201 885 1250 909 est
1272 880 1301 909 in
1320 879 1534 919 Cujac.Sca-

836 927 893 966 lig.
929 929 1039 959 Oxou.
1074 934 1110 958 et
1143 929 1240 959 Leid.
1277 929 1398 968 primo,
1431 934 1536 969 atque

838 977 924 1007 Edd.
937 978 1028 1017 Aldi,
1040 978 1369 1019 Grypliii,Stephani
1382 978 1536 1018 aliisque.

837 1027 978 1057 Praeuuii
997 1033 1110 1058 tamen
1133 1038 1196 1069 ego
1212 1037 1359 1069 quoque,
1377 1028 1466 1068 quod
1482 1036 1537 1058 ce-

837 1078 902 1107 teri
933 1079 1096 1109 exhibent
1127 1080 1210 1110 Mss.
1245 1084 1281 1109 et
1310 1078 1395 1109 Edd.
1419 1078 1536 1118 primae

836 1130 939 1167 utque.
961 1129 1074 1159 Ursini
1090 1128 1198 1160 Codd.
1211 1139 1258 1167 uc,
1273 1128 1343 1168 ipso
1358 1128 1537 1169 probante.

836 1178 965 1208 Eadem
988 1179 1130 1210 variatio
1155 1188 1188 1209 v.
1218 1181 1248 1210 3.
1265 1182 1295 1209 7.
1321 1178 1371 1209 bis
1395 1180 1446 1209 23.
1493 1178 1537 1209 B.

836 1227 910 1258 Civ.
927 1237 966 1258 11.
983 1231 1035 1259 29.
1056 1228 1096 1259 Β.
1115 1227 1220 1259 Afric.
1237 1231 1288 1259 18.
1327 1227 1428 1260 Quod
1445 1237 1537 1268 saepe

836 1277 922 1307 male
936 1277 968 1307 iu
984 1278 1070 1317 atqui
1087 1283 1249 1309 mutatur.
1295 1278 1442 1309 Consule
1457 1278 1540 1309 Mis-

837 1327 914 1357 cell.
931 1327 1076 1359 Observ.
1093 1328 1160 1358 vol.
1175 1337 1224 1358 ιτ.
1243 1337 1274 1367 p.
1288 1330 1362 1358 126.
1387 1327 1458 1358 Cic.
1477 1336 1539 1367 pro

837 1375 941 1407 Arch.
958 1387 988 1408 c.
1005 1381 1037 1408 7.
1059 1378 1196 1408 Terent.
1210 1376 1299 1409 And.
1314 1386 1337 1409 1.
1351 1380 1382 1408 3.
1395 1380 1448 1408 2⁰.
1471 1376 1538 1407 Ad.

837 1435 894 1457 m.
910 1429 941 1458 3.
959 1430 1011 1459 28.
1028 1430 1092 1458 ἃς.

882 1479 921 1506 12
946 1477 1084 1516 Milites]
1107 1477 1186 1508 Non
1202 1477 1335 1508 damno.
1369 1477 1540 1518 Praepouo

840 1530 952 1556 tamen
989 1526 1170 1557 lectionem
1210 1527 1379 1557 Mstorum
1417 1526 1539 1566 Cujac.

838 1575 965 1617 Scalig.
982 1576 1094 1607 Oxou.
1116 1576 1272 1607 Leidens.
1290 1575 1404 1616 primi,
1425 1575 1540 1606 Fulvi-

839 1627 907 1665 ani,
934 1631 970 1657 et
1001 1626 1143 1658 Aicardi
1174 1636 1250 1658 cum
1279 1626 1368 1657 Edd.
1396 1626 1538 1658 Vaseos.

839 1676 1163 1716 Gryphii‚stradae,
1191 1676 1353 1716 Stephani
1385 1676 1540 1716 aliisque,

841 1726 1082 1757 Commilitones.
1120 1726 1199 1758 Hoc
1214 1736 1335 1757 nomen
1352 1724 1541 1766 Aquilifero

839 1776 1114 1814 convenientius,
1141 1781 1178 1807 et
1201 1776 1243 1807 ad
1269 1775 1541 1816 persuadendum

838 1825 1002 1855 militibus
1028 1825 1136 1856 multo
1158 1825 1273 1865 aptius
1289 1832 1356 1856 est:
1383 1835 1485 1866 quare
1501 1831 1540 1858 et

838 1874 902 1915 ipsi
917 1874 1162 1915 Imperatores,
1181 1875 1389 1915 Alexander,
1415 1876 1543 1917 Caesar,

837 1926 900 1956 dcc.
926 1934 968 1956 ea
984 1925 1236 1956 Commilitonum
1252 1935 1336 1956 voce
1357 1935 1424 1956 uon
1440 1925 1544 1957 absti-

838 1980 995 2007 nuerunt.
1042 1976 1163 2017 Neque
1178 1976 1280 2007 aliter
1301 1976 1357 2008 hic
1381 1975 1450 2007 loci
1467 1976 1543 2008 Cel-

838 2035 904 2065 sus,
924 2031 958 2057 et
974 2026 1239 2066 Metaphsastes.

882 2078 922 2106 16
946 2075 995 2106 Ne
1010 2078 1131 2106 tuntum
1154 2076 1282 2106 dedecus
1307 2075 1542 2116 admitteretur]

837 2124 966 2166 Aq'uila
982 2126 1138 2156 nimirum
1157 2125 1305 2166 prodita,
1323 2125 1413 2166 quod
1438 2126 1542 2156 maxi-

837 2183 901 2206 mae
925 2175 1116 2216 ignominiae
1144 2174 1345 2206 ducebatur.
1389 2174 1479 2206 Vide
1503 2174 1541 2207 J.

837 2224 991 2265 Lipsium
1018 2225 1095 2255 Mil.
1112 2225 1211 2255 Rom.
1237 2224 1298 2255 lib.
1315 2232 1366 2256 xv.
1391 2223 1485 2255 Dial.
1507 2228 1541 2255 5.

836 2275 949 2306 Dacis.

881 2328 922 2356 18
944 2325 1012 2357 Alii
1027 2335 1067 2357 ex
1080 2325 1232 2366 proximis
1244 2324 1385 2366 naribus]
1418 2324 1474 2356 sic
1491 2334 1542 2356 re·

838 2375 1007 2407 centiores
1043 2386 1087 2407 ex
1123 2376 1320 2416 conjectura
1351 2375 1408 2406 Fr.
1433 2375 1542 2406 Hoto-

838 2428 964 2457 manni.
1027 2425 1070 2457 In
1097 2425 1342 2466 Manuscriptis
1370 2430 1480 2456 autem
1507 2430 1543 2456 et

840 2476 1022 2516 antiquitus
1049 2477 1137 2507 cusis
1162 2476 1304 2516 legimus
1330 2487 1370 2507 ex
1388 2476 1543 2517 proximis

836 2525 960 2565 primi-s,
976 2527 1031 2558 vel
1049 2537 1088 2558 ex
1109 2527 1223 2568 primis
1237 2526 1389 2566 proximis
1403 2525 1543 2564 naribus,

840 2579 879 2606 ut
912 2575 1001 2608 forte
1031 2577 1077 2608 sit
1111 2576 1328 2608 scribendum
1360 2586 1399 2606 ex
1430 2575 1542 2615 prima:

838 2626 990 2665 proximis
1011 2632 1072 2658 aut
1096 2636 1136 2657 ex
1153 2626 1307 2667 proximis
1327 2626 1449 2665 primae,
1464 2624 1542 2654 navi

841 2674 1014 2716 videlicet,
1034 2686 1078 2712 ex
1100 2686 1167 2718 qua
1181 2675 1306 2706 milites
1323 2675 1395 2715 jam
1411 2673 1543 2704 desilies

841 2729 928 2757 rant.
973 2726 1086 2759 Daois.
1131 2727 1188 2756 Ex
1198 2724 1352 2765 proximis
1362 2723 1474 2764 primis
1488 2734 1542 2755 ια-

839 2775 937 2810 vibus.
961 2776 1018 2817 Sic
1034 2778 1119 2809 Mss.
1135 2780 1172 2808 et
1185 2775 1295 2807 Editt.
1311 2775 1406 2807 Vett.
1440 2774 1542 2808 Quod
