1818 3131
336 226 430 255 LlB.
463 225 547 254 vll.
580 223 686 252 CAP.
715 213 852 252 4-1)Ιί
884 225 1039 254 BELLO
1069 225 1298 256 GALLIUO.

146 325 195 349 tv.
213 320 227 348 1
249 317 363 354 Celtilli
365 315 470 358 filius]
494 315 686 355 Anonymus
702 315 794 347 Celsi

103 368 293 408 exscriptor
306 367 408 398 habet
420 366 542 398 Cebnli:
556 366 590 396 iu
603 365 728 397 Graeco
742 370 795 396 est

103 417 264 458 Keprle.
308 419 390 450 Voss.
419 417 522 448 Catuli
547 416 643 447 Gott.
671 422 706 447 et
730 416 793 447 Ed.

104 467 176 498 Ine.
204 469 319 499 Catulli
335 469 376 499 V.
394 472 472 499 tert.
490 467 595 498 Celtilt
611 467 707 498 Voss.
725 476 793 497 sec.

101 523 136 549 ct
155 517 239 549 Edd.
255 518 417 558 quaedarn.

145 571 164 598 2
190 567 403 607 principatum
420 567 534 598 Gallioe
549 568 646 598 totius
660 567 796 598 obtinue-

99 618 164 657 ναι]
194 616 383 655 piniungum,
409 617 529 648 Galliae
554 618 707 657 Celticae,
736 628 794 649 seu

99 666 218 696 Gallia!
228 667 364 706 proprie
378 666 539 706 dictae,dc
553 677 615 708 qua
625 668 738 699 Caesar
748 668 795 699 ait

99 716 192 747 initio
209 716 333 756 operis,
360 718 370 733 ⁴
390 718 525 748 tertiam
551 722 682 758 partem
705 718 797 749 inco-

98 766 181 803 lunt,
196 765 252 806 qui
267 765 412 805 ipsomm
424 767 537 807 lingua
552 768 796 806 Celtae‚nostra

98 815 188 846 Galli
218 816 458 856 appellantur)
505 817 593 848 Nam
623 817 794 849 Celtillum

97 867 198 897 trium
216 865 398 897 Galliarum
421 867 644 907 principatum
663 867 795 898 obtinu-

97 915 160 946 isse
190 916 298 946 nullus
324 925 412 946 sauae
446 917 567 947 mentis
599 917 794 949 crediderit.

96 965 238 1006 Proprie
252 969 364 997 autem
375 966 428 997 hic
445 967 571 998 locutus
585 968 699 999 Caesar
713 979 720 999 ε
737 968 794 1009 qui

96 1015 230 1057 quando
240 1016 281 1048 de
293 1017 400 1048 tribus
408 1018 529 1049 Galliis
542 1018 702 1060 loquitur,
711 1019 796 1050 dicit

95 1065 192 1098 omnis
217 1065 335 1099 Gallia.
375 1068 463 1099 Nam
487 1069 613 1109 (inquit
636 1068 795 1099 Placidus

97 1117 296 1149 Lactantius
306 1117 347 1148 ad
357 1119 518 1149 Thebaid.
529 1119 631 1150 Statii
642 1119 684 1160 1.)
695 1120 703 1136 ‘
718 1128 794 1150 cum

96 1175 271 1198 numerum
287 1167 477 1209 significare
494 1169 662 1208 volumus,
679 1178 794 1200 omnes

97 1216 250 1258 dicimus,
266 1228 341 1249 cum
359 1228 493 1259 corpus,
517 1218 650 1250 totum.’
682 1218 795 1250 Gallia

97 1267 228 1299 Celtica
244 1278 364 1309 corpus
380 1278 482 1300 unum
500 1274 585 1309 erat,
600 1273 635 1300 at
652 1273 720 1301 tres
735 1279 795 1300 nu·

96 1325 190 1348 mero
218 1318 337 1349 Galliae
361 1323 449 1349 sunt.
495 1319 670 1359 Papinius,
693 1319 795 1350 liber-

98 1371 170 1398 tate
189 1368 366 1406 poetarum
383 1378 460 1399 usus
476 1368 639 1399 Thebaid.
653 1378 678 1399 1.
692 1378 795 1400 unum

96 1423 158 1456 pro
174 1416 281 1447 altero
298 1418 422 1457 posuit,
434 1427 510 1448 cum
528 1418 596 1449 ait:
620 1419 628 1436 ⁶
646 1419 747 1450 Totos
761 1419 794 1450 in

99 1475 230 1506 poenam
240 1467 353 1498 ordire
366 1472 509 1507 nepotes
524 1468 542 1498 :'
559 1478 619 1508 pro
635 1478 688 1506 eo,
705 1470 795 1510 quod

97 1520 162 1554 est,
197 1516 308 1547 ordire
335 1526 479 1557 poenam,
505 1527 578 1558 qnae
610 1518 652 1548 ad
681 1528 795 1550 omnes

95 1569 236 1605 nepotes
251 1566 435 1606 pertingat.
485 1568 615 1599 Vossius.

136 1619 156 1647 6
185 1616 290 1648 Facile
311 1625 359 1647 eos
378 1617 530 1657 incendit]
562 1617 656 1648 Leid.
682 1627 734 1658 pr.
761 1622 797 1649 et

95 1666 188 1698 Scal.
201 1676 277 1698 cum
286 1666 516 1707 Cujac.fucere
529 1668 673 1699 intendit.
691 1668 796 1707 Male,

94 1716 157 1747 nisi
173 1716 262 1757 quod
274 1716 419 1748 doceant
435 1726 484 1748 eos
508 1718 633 1749 debere
654 1718 771 1750 abesse
787 1729 794 1749 :

96 1766 247 1807 quamvis
260 1767 362 1798 sciam
374 1766 536 1798 Ablativo
547 1766 712 1798 Absolute
722 1768 796 1799 sub-

88 1817 187 1857 jungi
203 1817 379 1858 aliquando
397 1818 498 1848 alium
515 1827 640 1858 casum,
656 1818 737 1849 licet
753 1818 795 1849 de

96 1867 215 1897 eadem
239 1876 384 1907 persona
408 1867 452 1898 sit
474 1876 594 1899 sermo.
650 1867 716 1898 Adi
742 1868 794 1899 Cl.

94 1917 227 1949 Duker.
252 1917 293 1948 ad
318 1918 406 1949 Flor.
431 1927 481 1950 ιν.
506 1921 557 1950 12.
579 1919 665 1959 ΜΒ.
701 1918 794 1951 Cort.

95 1966 137 1998 ad
150 1967 232 1999 Sall.
254 1968 293 1999 B.
311 1968 383 1999 Cat.
400 1978 430 2000 c.
445 1971 499 2000 48.
518 1971 570 2000 87.
606 1970 736 2000 Vocula
748 1979 796 2000 eos

95 2027 161 2050 nou
178 2023 356 2059 comparet
368 2029 502 2060 quoque
516 2019 547 2050 in
562 2019 635 2051 aliis
651 2019 794 2051 Leiden-

96 2068 195 2107 sibus,
218 2078 280 2100 nec
295 2069 479 2108 Vossianis,
499 2079 610 2110 neque
630 2070 795 2111 Bongars.

96 2119 221 2149 Lovan.
239 2118 351 2150 Oxon.
370 2120 538 2160 Egmund.
563 2120 726 2161 Gottorp.
744 2121 795 2152 uti

94 2177 157 2200 nec
174 2168 239 2200 Ed.
260 2169 332 2200 Inc.
366 2170 444 2201 Non
460 2179 535 2200 raro
558 2170 684 2206 Caesar,
709 2179 795 2211 prae-

95 2217 240 2249 cedente
263 2218 417 2250 absoluto
445 2219 605 2259 ablativo,
631 2219 796 2251 accusati-

96 2277 173 2299 vum
182 2277 222 2299 eo
238 2269 514 2300 subintellectum
527 2270 665 2301 omittit.
682 2279 728 2301 vt.
741 2273 794 2302 43.

96 2319 104 2335 ⁶
130 2319 258 2359 Magno
284 2324 403 2351 coacto
429 2329 580 2360 numero,
616 2321 650 2351 in
682 2331 795 2352 omnes

95 2374 211 2409 partes
239 2369 404 2401 dimittit!
431 2380 459 2401 c.
481 2372 534 2402 25.
563 2372 574 2388 ‘
593 2371 795 2402 Exanimato

95 2419 214 2457 altero,
252 2420 415 2450 successit
455 2420 574 2451 tertius
589 2421 609 2458 ;‘
644 2422 718 2452 scil.
755 2422 793 2452 ei.

93 2467 180 2499 Vide
205 2474 240 2500 et
260 2469 303 2500 ad
329 2479 358 2500 c.
376 2472 427 2500 27.
452 2470 506 2501 ubi
531 2471 613 2502 Mss.
642 2471 794 2512 plerique

94 2518 104 2534 ‘
118 2517 382 2560 legionibusque,
397 2522 462 2552 dcc.
479 2521 664 2561 expeditis,
681 2522 795 2553 cohor-

95 2568 206 2599 tatus!
250 2579 280 2600 c.
303 2572 355 2601 29.
393 2571 402 2587 ‘
423 2571 567 2603 concilio
596 2577 795 2612 convocato,

97 2618 284 2650 consolatus
310 2619 384 2652 est!
410 2630 440 2652 c.
458 2624 510 2652 60.
540 2623 549 2639 ‘
568 2622 706 2653 consilio
719 2632 796 2654 con-

97 2672 229 2708 vocato,
245 2669 464 2702 cohortatus.’
500 2681 529 2702 c.
546 2674 599 2703 88.
622 2673 631 2688 ‘
647 2673 794 2704 clamore

98 2714 245 2758 sublato,
259 2719 390 2760 excipit
406 2720 554 2753 clamor.'
584 2721 684 2753 Adde
698 2723 739 2754 B.
751 2724 791 2755 C.

98 2773 138 2796 u.
156 2768 206 2797 17.
245 2769 294 2799 uti
312 2773 347 2800 et
371 2773 471 2802 c.3-1.
501 2776 537 2803 et
561 2780 616 2803 111.
644 2775 697 2804 21.
723 2773 793 2804 ‘Eo

97 2815 130 2846 in
154 2815 284 2849 Italiam
307 2825 459 2863 evocato,
482 2823 547 2854 &c.
571 2822 635 2854 sibi
658 2822 792 2864 conjun-

1431 216 1544 257 1193

846 316 918 349 xit?
943 328 972 349 c.
989 322 1042 350 67.
1064 320 1072 335 ‘
1089 319 1190 355 Signo
1207 318 1347 359 legionis
1363 318 1479 358 inlato,
1493 328 1544 349 re-

846 368 1069 400 nunciarunt.¹
1111 368 1244 399 Hirtius
1258 369 1360 400 etiam
1377 373 1411 400 et
1423 369 1478 399 alii
1495 369 1543 400 nic

846 416 1028 448 ablativum
1057 424 1196 458 ponunt,
1221 418 1461 450 subintellecto
1487 428 1543 450 no-

845 466 1016 497 minativo.
1054 468 1141 498 vide
1167 468 1209 499 ad
1233 469 1272 499 B.
1302 469 1404 500 Afric.
1432 479 1462 501 c.
1490 471 1542 501 10.

846 515 900 546 Sic
923 526 951 546 c.
979 519 1029 547 18.
1069 519 1077 534 ‘
1106 518 1304 549 cohortibus
1326 519 1545 550 circumdatis

1104 570 1167 599 &cn
1217 569 1271 600 Sic
1311 570 1391 600 Mss.
1427 580 1456 601 c.
1489 572 1543 602 23.

845 616 853 631 ‘
873 615 1036 656 Pompeio
1061 617 1277 657 adveniente,
1295 620 1433 659 propius
1450 629 1544 651 acce-

845 665 926 697 dere
956 667 1067 706 passi!
1111 668 1236 698 Rursus
1265 679 1292 699 c.
1317 672 1368 700 32.
1401 671 1409 686 ‘
1427 670 1545 701 electis

845 715 1032 747 hominibus
1042 717 1236 748 cohortatus
1249 718 1268 755 3’
1280 718 1333 749 ubi
1345 719 1446 749 etiam
1458 720 1545 752 vide.

888 769 908 797 6
938 766 986 797 Ab
1005 767 1419 808 Gohanitione—expeltitur
1435 780 1475 800 ex
1494 780 1546 810 op-

842 817 916 857 pido
948 817 1117 858 Gergovia]
1149 819 1215 849 Ms.
1248 819 1352 850 Norv.
1384 824 1418 849 et
1445 820 1546 851 editt.

847 867 1082 898 vetustissimae
1100 868 1197 898 Rom.
1214 868 1300 900 Ven.
1318 869 1474 899 Beroald.
1494 870 1546 901 hic

846 566 1064 604 cohortatus‚'

847 917 1007 948 exhibent
1021 918 1200 957 prohibetur
1212 929 1230 949 α
1245 919 1468 955 Gohanitione;
1483 929 1546 952 nec

845 966 943 997 video
977 977 1035 998 cur
1063 969 1204 1008 primam
1232 979 1347 999 vocem
1373 979 1545 1009 expunxe-

846 1015 915 1046 rint
932 1017 1148 1048 recentiores.
1188 1018 1366 1049 Sententia
1380 1020 1467 1049 enim
1484 1020 1546 1050 hoc

845 1065 945 1096 modo
961 1066 1097 1097 videtur
1118 1067 1374 1108 distinguenda:
1400 1072 1409 1086 ⁴
1431 1070 1546 1100 l'rohi·

846 1114 946 1146 betur
970 1125 988 1145 a
1007 1116 1248 1155 Gobanitione‚
1266 1123 1387 1158 patruo
1406 1129 1477 1156 sno,
1497 1128 1547 1150 re—

845 1164 1013 1206 liquisque
1035 1165 1256 1207 principibus,
1282 1167 1443 1208 quibant:
1477 1174 1547 1199 ten-

847 1215 982 1246 tandam
1004 1214 1172 1247 fortunam
1194 1226 1262 1247 non
1287 1217 1548 1258 existimabant;

846 1266 1029 1306 expellitur
1052 1276 1094 1297 ex
1118 1267 1244 1307 oppido
1262 1267 1451 1308 Gergovia.'
1486 1270 1549 1301 Est

846 1314 1023 1355 ἀσύνδετον,
1059 1316 1154 1357 cujus
1180 1317 1369 1348 Scliematis
1392 1319 1548 1359 exempla

847 1367 1016 1406 congessit
1046 1366 1088 1397 G.
1107 1367 1139 1399 J.
1165 1368 1305 1398 Vossius
1335 1368 1420 1399 Inst.
1450 1369 1547 1402 Orat.

847 1423 880 1446 v.
898 1419 948 1446 ll.
981 1416 1091 1447 Daris.
1116 1416 1322 1448 Prohibetur
1346 1418 1386 1448 ab
1414 1419 1550 1451 Gobani-

846 1466 1138 1506 tione—-expellitur
1165 1477 1204 1497 ex
1235 1468 1343 1507 oppido
1372 1469 1550 1508 Gergovia.-

850 1516 902 1547 1ta
917 1517 1069 1548 restituit
1082 1518 1239 1548 Davisius
1250 1528 1290 1549 ex
1304 1519 1388 1549 Mss.
1403 1524 1437 1550 et
1453 1511 1551 1552 Vett.

848 1566 953 1597 Editt.
975 1567 1126 1606 Scaliger
1139 1573 1173 1598 et
1184 1568 1417 1608 Recentiores,
1430 1571 1552 1602 omissa

848 1626 931 1648 voce
959 1617 1159 1655 Prohibetur,
1186 1618 1388 1650 ediderunt:
1416 1619 1465 1650 Ab
1487 1620 1550 1651 Go-

847 1665 1210 1708 banitioue-—expellitur
1232 1679 1271 1699 ex
1294 1670 1403 1709 oppido
1429 1670 1549 1710 Gergo-

848 1717 908 1748 via.
938 1718 1003 1748 Ms.
1014 1718 1098 1758 Reg.
1111 1718 1226 1758 habet,
1240 1720 1428 1751 Prohibetur
1441 1731 1459 1750 a
1470 1721 1548 1752 Ger-

844 1767 939 1806 gouia
978 1767 1015 1798 ab
1045 1768 1265 1810 Gobanitione,
1300 1772 1352 1810 &a
1402 1771 1550 1812 Deinde,

847 1817 968 1848 omisso
984 1818 1117 1849 nomine
1133 1819 1472 1859 Gergovia,exhibet:
1499 1831 1550 1852 ex-

844 1866 973 1906 pellitur
989 1877 1028 1897 ex
1049 1868 1170 1907 oppido.
1206 1869 1274 1900 Sed
1299 1874 1437 1909 praestat
1460 1871 1552 1912 prior

848 1916 961 1948 lectio.
1009 1918 1117 1949 Clark.
1175 1919 1260 1950 Cum
1285 1919 1394 1960 Regio
1418 1920 1546 1953 Codice

847 1964 932 1997 facit
949 1968 1200 1999 recentissimus
1216 1969 1311 1999 Leid.
1329 1979 1396 2001 sec.
1410 1971 1550 2011 prohibe-

847 2021 926 2049 tura
939 2018 1109 2058 Gergobia.
1131 2019 1240 2061 Sedid
1251 2020 1331 2051 mibi
1346 2020 1474 2053 indicio
1487 2027 1550 2063 est,

846 2069 990 2100 alterum
1008 2069 1111 2101 etiam
1125 2070 1263 2101 verbum
1278 2071 1459 2110 prohibetur
1475 2081 1550 2104 esse

847 2128 866 2149 a
880 2120 968 2150 mala
983 2129 1081 2150 mauu
1097 2130 1104 2150 :
1133 2119 1216 2151 licet
1232 2121 1285 2151 vel
1301 2121 1446 2153 maxime
1462 2122 1552 2163 lege-

847 2175 943 2201 retur
970 2170 1005 2201 in
1033 2171 1118 2202 Mss.
1143 2171 1309 2202 omnibns.
1356 2172 1435 2204 Non
1463 2173 1553 2205 solet

847 2225 967 2252 auctor
997 2221 1060 2253 hoc
1085 2222 1225 2253 verbum
1252 2226 1320 2253 tam
1347 2223 1551 2265 simpliciter

848 2279 972 2311 ponere
1001 2271 1072 2302 sine
1105 2272 1270 2313 adjuncta
1300 2283 1349 2312 re,
1379 2284 1445 2315 qua
1477 2275 1550 2316 quis

849 2321 1078 2360 prohibeatur.
1113 2322 1220 2353 Immo
1243 2332 1309 2354 non
1325 2330 1501 2366 comparet
1516 2326 1549 2356 in

846 2369 1071 2411 integerrimis
1088 2372 1172 2402 Mss.
1207 2373 1548 2411 Petaviano‚Ursini-

846 2429 920 2460 ane,
943 2420 1092 2460 Andino,
1116 2421 1299 2453 Oxoniensi
1326 2433 1436 2465 neque
1460 2425 1548 2456 Edd.

845 2471 979 2503 Veneta
993 2475 1087 2504 1517.
1111 2472 1203 2513 Ami,
1216 2473 1319 2505 Basn.
1335 2484 1374 2506 ac
1393 2475 1550 2517 Gryplui,

847 2521 931 2552 adeo
954 2526 992 2552 ut
1017 2522 1166 2562 Scaliger
1194 2523 1278 2554 illud
1301 2533 1367 2554 non
1392 2525 1548 2565 ejecerit.

846 2570 927 2610 Alii,
943 2576 981 2602 ut
990 2572 1130 2605 Vascos.
1143 2573 1278 2612 Strada,
1291 2573 1332 2605 R.
1346 2576 1547 2615 Stephanus,

846 2626 882 2653 et
894 2621 958 2653 Ed.
977 2622 1111 2663 Gryph.
1125 2624 1294 2663 posterior
1308 2623 1433 2654 habent
1447 2625 1550 2664 prohi-

845 2670 945 2711 betur,
956 2673 1008 2711 ὅγε.
1022 2673 1259 2712 expellitur-que.
1288 2671 1334 2703 At
1351 2677 1421 2703 tum
1435 2674 1548 2706 malim

840 2721 1020 2761 prohibetur
1029 2721 1067 2752 ub
1082 2721 1125 2752 G.
1141 2723 1193 2760 8)·6.
1212 2721 1393 2761 reliquisque
1403 2732 1419 2752 ἰ
1431 2723 1549 2761 princi-

839 2771 930 2811 pibus
952 2771 1129 2812 expellitur.
1172 2770 1248 2801 Nisi
1272 2770 1346 2811 quis
1368 2772 1548 2810 prohibetur

842 2831 907 2853 nou
923 2821 965 2852 ad
975 2820 1279 2861 Vercingetorigen
1297 2819 1425 2854 referre
1446 2824 1548 2864 velit;
