1818 3131
301 250 393 282 LIB.
427 249 512 280 vlt.
542 248 648 278 CAP.
681 237 749 277 ll.
782 249 844 278 DF.
880 248 1032 277 RELLO
1059 247 1286 277 GALLICO.

74 347 161 378 Edu.
187 345 318 383 mnscrri
341 345 510 376 exhibent.
554 342 602 374 At
633 342 678 372 ibi
701 351 769 381 pro-

72 397 149 429 [ενι-ι’
180 397 312 428 omnino
342 396 483 433 retineo,
515 393 593 435 quia
632 392 769 432 Syllaba

72 457 127 476 cau
144 451 194 477 ter
204 446 276 486 jam
293 444 478 486 praecessit.

116 498 134 526 7
161 496 229 534 lpse
256 498 289 525 ue
319 494 538 534 quamprimum
568 493 630 523 iter
648 491 769 529 faceret

74 544 235 575 Cenabum
262 544 431 574 Carnutum
456 541 679 584 proficiscitur]
706 541 768 572 Mi-

73 604 128 625 rus
142 593 296 634 loquendi
313 593 428 624 modus
443 604 450 624 ι
477 593 715 634 proficiscitur,
732 598 768 624 ut

74 644 318 684 quamprimum
333 643 397 674 iter
414 644 528 675 saciat.
553 645 680 674 'I‘atnen
696 644 768 673 nul-

71 694 119 724 ius
135 698 438 725 commentatorum
465 693 583 731 (miror
607 698 675 724 tam
693 702 769 732 pur-

70 748 165 783 gatas
189 743 310 782 aures),
330 744 391 774 hac
419 744 586 774 locutione
619 741 769 773 offensus

72 797 134 824 est.
179 793 271 833 Lego
288 797 321 824 ut
344 794 569 833 quamprimum
592 793 652 824 iter
676 792 768 833 perfi-

72 846 175 878 ceret;
199 843 249 873 vei
274 843 337 883 ipse
356 853 444 883 quam
468 843 602 883 primum
619 841 770 878 iterfacit

72 897 102 924 et
140 892 297 923 Cenabum
343 894 516 923 Carnutum
551 892 769 933 praefieiscilur.

73 944 214 974 Graecus
232 943 417 981 transtulit,
439 941 529 973 αὐτὸς
552 941 584 972 δὲ
611 941 657 972 ὅτι
682 940 770 979 τάχι-

72 1003 133 1023 στα
146 991 324 1032 πορεύεσθαι
343 992 542 1030 βουλόμενος,
564 991 614 1022 ἐπὶ
639 991 696 1028 τὴν
719 990 770 1022 Γέ-

73 1044 178 1080 ναβον,
211 1041 302 1072 πόλιν
329 1044 390 1072 τῶν
418 1042 598 1082 Καρνούτων
621 1042 769 1082 ὥρμησεν.

74 1093 108 1124 Si
125 1093 215 1123 nulla
231 1101 273 1123 ex
291 1093 458 1133 prioribus
480 1092 770 1123 emendationibus

74 1143 202 1183 placet,
236 1143 361 1180 scribe,
395 1145 429 1172 ut
458 1142 682 1182 quamprimum
708 1142 770 1171 iter

71 1192 242 1234 perficeret.
294 1191 427 1223 Vossius.
464 1191 586 1222 Vossio
603 1190 704 1221 mirus
723 1191 769 1220 vi-

74 1241 172 1273 detur
192 1241 351 1283 loquendi
375 1241 494 1272 modus
518 1242 583 1281 ipse
604 1240 770 1282 proficisci-

75 1296 139 1332 tur,
158 1296 194 1323 ut
221 1292 448 1333 quamprimum
465 1292 528 1322 iter
547 1291 682 1329 faceret,
706 1300 771 1331 qua

75 1341 118 1372 de
141 1351 242 1373 causa
259 1341 392 1381 reponit
416 1343 451 1371 ut
474 1340 697 1380 quamprimum
711 1340 773 1370 iter

72 1391 247 1431 perficeret,
283 1391 336 1420 vei
371 1389 435 1430 ipse
464 1389 686 1428 quamprimum
713 1388 774 1418 iter

66 1441 151 1478 facit
175 1444 204 1472 et
231 1440 390 1471 Genabum
415 1440 586 1470 Carnutum
606 1438 774 1480 prqficisci-

76 1494 140 1522 tur.
185 1491 291 1522 Nobis
322 1494 443 1521 neutra
470 1490 587 1520 harum
619 1488 774 1520 emenda-

77 1542 204 1572 tionum
231 1541 356 1581 phcet,
381 1545 427 1579 et,
464 1540 526 1570 nisi
557 1539 774 1570 vehementer

76 1590 186 1630 fallor,
208 1590 302 1622 hicce
320 1591 412 1621 locus
430 1594 560 1620 mutata
581 1589 774 1628 interpunc-

78 1642 169 1673 tione
200 1644 311 1681 potest
335 1640 457 1670 sanari.
500 1640 556 1670 Sic
584 1639 685 1679 igitur
710 1639 774 1669 dis-

78 1692 213 1731 tingue:
255 1692 291 1721 C.
321 1690 500 1721 Trebonium
526 1690 660 1728 legatum
683 1689 775 1720 reliu-

78 1741 156 1780 quit,
177 1741 241 1780 ipse
260 1744 292 1770 ut
312 1740 534 1780 quamprimum
559 1740 620 1770 iter
641 1739 774 1778 faceret.

80 1791 239 1822 Genabum
255 1792 424 1821 Carnutum
433 1790 652 1831 prcficisct'tur.
671 1790 775 1820 Certe

79 1851 194 1872 sensus
218 1841 296 1872 hinc
319 1840 512 1872 commodus
528 1838 693 1878 exsurgit,
717 1839 774 1879 qui

78 1891 113 1922 in
130 1891 273 1932 vulgatis
297 1890 404 1920 nulius
421 1894 484 1919 est.
532 1888 646 1919 Datis.
691 1888 776 1928 Ipse,

80 1945 114 1973 ut
129 1943 352 1983 quamprimum
376 1942 436 1973 iter
454 1941 589 1980 faceret,
615 1940 776 1972 Cenabum

83 1993 254 2033 Carnutum
273 1993 491 2034 prqficiscitur.
510 1993 518 2008 ‘
534 1991 653 2022 Mirus'
669 1991 779 2032 inquit

83 2042 225 2083 Dionys.
249 2043 402 2081 Vossius,
435 2041 619 2082 ‘loquendi
650 2040 778 2079 modus,

79 2092 297 2133 proficiscitur,
332 2094 366 2122 ut
396 2091 619 2131 quamprimum
641 2091 701 2121 iter
724 2090 778 2128 fa-

82 2141 154 2172 ciat.
219 2142 343 2173 Tamen
384 2142 494 2172 nullus
539 2144 779 2171 commentato-

84 2201 156 2221 rum
192 2190 324 2232 (miror,
365 2196 433 2221 tam
472 2197 630 2231 purgatas
669 2191 780 2230 aures)

84 2241 145 2272 bac
181 2241 351 2272 locutione
378 2239 521 2271 offensus
555 2246 617 2270 est.
677 2240 781 2280 Lego,

86 2296 118 2323 ut
155 2292 378 2332 quamprimum
412 2292 473 2322 iter
502 2290 684 2332 perficerem
728 2291 781 2321 vel

85 2343 148 2382 ipse
171 2342 394 2382 quamprimum
428 2341 489 2371 iter
517 2341 614 2379 fucit,
650 2344 680 2370 et
719 2340 782 2371 Ge-

86 2390 198 2422 nubum
229 2392 401 2421 Carnutum
427 2389 643 2431 prqficiscitur.
695 2389 781 2420 Hire

86 2440 152 2471 iile.
211 2440 259 2470 At
303 2450 383 2470 vero
432 2439 609 2469 ridiculum
648 2448 782 2478 prorsus

88 2500 232 2522 errorent
263 2499 392 2521 errasse
418 2488 552 2519 videtur
575 2489 636 2518 vir
659 2487 784 2518 doctis-

88 2541 200 2573 simus.
246 2542 302 2572 lta
317 2541 405 2572 enim
423 2541 494 2571 haec
517 2540 666 2579 accepit,
689 2549 729 2570 ac
756 2539 784 2570 si

90 2591 228 2622 dixisset
244 2592 376 2622 Caesar:
413 2591 482 2630 Ipse
505 2590 665 2620 Geuubum
692 2590 785 2631 profi-

89 2641 227 2680 ciscitur,
261 2645 295 2672 ut
332 2641 554 2681 quamprimum
582 2641 642 2670 iter
662 2639 785 2677 suoerct

93 2699 287 2723 οεΝΑΒυΜ.
345 2692 444 2725 Quod
476 2692 576 2732 plane
607 2691 784 2722 ridiculum

93 2744 155 2770 est.
198 2740 302 2782 Atqui
318 2742 415 2783 longe
433 2743 499 2773 aiia
514 2746 587 2772 erat
603 2751 697 2772 mens
712 2742 784 2772 Car-

95 2790 186 2821 saris.
240 2791 407 2825 Nimirum
436 2793 518 2832 ipse;
553 2792 677 2834 inquit,
712 2792 783 2822 sine

861 194 880 210 5

1402 237 1513 277 1199

819 352 911 373 mora
943 343 1102 374 Cenabum
1130 343 1346 385 proficiscitur,
1371 346 1405 373 ut
1434 343 1513 373 inde

818 403 908 431 quam
933 395 1063 433 primum
1088 395 1147 424 iter
1173 395 1362 425 institutum
1379 393 1516 431 faceret,

818 442 1053 482 (aencorum
1073 445 1201 474 ¹scilicet
1217 445 1374 475 adversus
1391 444 1515 475 Vercin-

815 493 1015 531 getorigem.)
1060 494 1126 525 Qui
1160 503 1274 523 sensus
1302 499 1336 525 et
1367 493 1514 534 optimus

819 547 883 581 est,
906 547 941 573 et
956 543 1036 572 sati.
1061 544 1271 583 perspiritum.
1319 546 1434 576 Quare
1459 553 1516 574 ne-

820 602 886 632 que
928 592 1060 622 omnino
1097 593 1265 623 audienda
1299 594 1426 624 Davisii
1465 597 1518 624 est

819 642 1024 679 emendatio,
1064 642 1119 682 qui
1165 644 1283 673 Vossio
1328 643 1516 681 confidens,

820 701 952 723 sensnm
987 692 1102 732 utique
1146 692 1178 722 in
1209 693 1353 731 vulgatis
1390 694 1515 723 nullum

819 750 904 780 csse,
952 741 1131 781 legendum
1166 743 1349 781 existimat,
1385 748 1517 773 mutata

821 791 1048 828 distinctione,
1065 792 1073 807 ‘
1087 791 1291 822 Trebonium
1308 792 1451 831 legatum
1466 801 1517 822 re-

820 841 953 881 linquit,
976 841 1050 880 ipse
1068 846 1104 871 ut
1128 841 1371 881 quamprimum
1389 841 1454 872 iter
1470 841 1518 871 sa-

820 896 921 922 cen-vt.
968 891 1146 922 Cenabum
1164 892 1348 922 Carnutum
1370 891 1519 931 proficis-

820 941 932 972 citur.'
970 942 1053 974 Quae
1071 946 1123 972 est
1140 942 1250 972 hiulca
1269 942 1363 972 vaide
1380 941 1518 973 locutio.

823 992 927 1021 Clark.
972 991 1088 1021 Probo
1113 991 1238 1022 Ciarkii
1262 991 1519 1031 expositionem.

821 1042 868 1073 At
881 1051 960 1072 vero
973 1042 1085 1072 Vossii
1101 1042 1370 1072 emendationem
1381 1041 1519 1081 egregie

820 1091 997 1121 confirmat
1022 1090 1197 1121 Leidensis
1224 1090 1363 1130 primus,
1392 1090 1425 1119 in
1453 1099 1519 1129 quo

819 1140 991 1180 conficeret,
1027 1139 1169 1169 clariore
1200 1139 1382 1169 locutione.
1443 1138 1520 1169 Nec

821 1190 972 1220 obstaret
989 1188 1079 1229 quod
1105 1188 1138 1217 id
1163 1188 1302 1218 verbum
1320 1186 1496 1227 praecedat
1511 1197 1520 1225 ;

819 1241 876 1280 (ea
905 1239 993 1269 enim
1021 1238 1181 1278 repetitio
1213 1237 1338 1268 Caesari
1365 1241 1419 1267 est
1453 1235 1521 1266 fre-

823 1290 1054 1331 quentissima,
1089 1294 1126 1320 ut
1150 1288 1230 1320 alibi
1252 1286 1432 1327 monitum)
1458 1287 1522 1317 nisi

823 1340 900 1370 inde
918 1339 1051 1370 omnino
1066 1339 1256 1379 judicarem
1274 1337 1521 1368 emendandum

823 1389 976 1430 coufieret.
1033 1388 1133 1420 Quod
1171 1388 1309 1418 verbnm
1354 1391 1389 1418 et
1430 1386 1521 1427 apud

824 1439 907 1470 alios
923 1438 954 1468 in
971 1438 1116 1479 conficere
1138 1438 1235 1468 abiit.
1282 1437 1428 1469 Consule
1453 1446 1522 1467 om-

824 1489 902 1520 nino
919 1489 1090 1520 Graevium
1109 1488 1150 1518 ad
1166 1488 1304 1518 Sueton.
1321 1487 1407 1517 Caes.
1421 1495 1450 1516 c.
1467 1488 1523 1516 20.

825 1540 834 1556 ‘
853 1538 983 1570 Diuma
1007 1543 1084 1569 acta
1105 1536 1315 1568 confierent?
1362 1536 1468 1567 Immo
1485 1540 1522 1567 et

825 1589 1001 1620 Brantium
1033 1589 1074 1619 ad
1105 1589 1214 1628 ipsum
1242 1588 1427 1617 Auctorem
1450 1595 1524 1616 nos—

826 1644 914 1670 trum
930 1639 1027 1679 hujus
1043 1638 1118 1669 libri
1134 1648 1163 1668 c.
1180 1641 1232 1668 58.
1261 1638 1271 1653 ⁴
1286 1636 1327 1667 Id
1353 1634 1522 1667 difficilius

825 1688 962 1720 confieri
986 1687 1244 1719 animadvertit!
1268 1696 1331 1717 vu.
1349 1690 1402 1717 65.
1429 1686 1523 1716 ‘iter

825 1739 943 1770 confici
959 1749 1025 1770 non
1039 1748 1136 1779 posse
1148 1737 1167 1768 ε’
1192 1737 1249 1767 ubi
1262 1737 1295 1767 in
1309 1735 1424 1766 multis
1436 1735 1522 1765 Mss-

817 1788 944 1825 sacere:
979 1789 1068 1819 unde
1095 1794 1224 1828 putem,
1247 1791 1282 1818 et
1307 1787 1375 1817 illic
1399 1785 1524 1827 confieri

826 1839 976 1869 relictum
991 1848 1009 1868 a
1022 1839 1167 1869 Caesare.

868 1892 889 1920 9
914 1889 1018 1923 Quum
1040 1889 1159 1927 longius
1174 1898 1239 1919 eam
1256 1898 1319 1918 rem
1340 1888 1466 1918 ductum
1481 1887 1527 1916 iri-

825 1938 1055 1978 existimarent]
1077 1938 1358 1978 Corruptissimus
1381 1940 1434 1967 est
1453 1936 1525 1969 Jul.

828 1989 958 2027 Celsus,
982 1989 1039 2019 ubi
1055 1989 1127 2019 haec
1144 1988 1268 2026 refert3
1292 1987 1418 2027 legitur
1434 1986 1525 2017 enim

829 2048 860 2077 p.
875 2042 946 2069 121.
972 2039 980 2055 ‘
999 2038 1054 2068 Ad
1071 2038 1168 2078 hujus
1183 2038 1252 2068 loci
1273 2036 1444 2077 (Genabz')
1467 2037 1526 2067 de·

827 2088 1012 2119 sensionem
1039 2089 1204 2119 Carnutes
1227 2087 1366 2118 consilia
1388 2085 1527 2127 conqui-

829 2139 971 2177 rebant;
1000 2148 1039 2169 eo
1062 2143 1174 2169 tamen
1206 2138 1341 2175 lentius,
1365 2146 1431 2177 quo
1454 2136 1526 2167 diu-

830 2190 893 2221 tius
911 2188 1104 2220 bellandum
1127 2188 1308 2219 crederent
1334 2197 1404 2218 rem
1419 2187 1526 2218 haesu-

829 2250 912 2279 ram,
936 2245 970 2270 et
985 2239 1193 2271 simillimum
1215 2238 1278 2268 viri
1293 2242 1385 2268 esset
1400 2247 1526 2269 morem

830 2289 1048 2330 impigerrimi
1106 2289 1214 2320 Ducis
1266 2286 1526 2328 ignorantibus!

831 2339 957 2370 Omnes
987 2339 1100 2370 vident
1127 2340 1220 2370 ulcus
1251 2347 1323 2368 esse
1345 2337 1378 2367 in
1403 2337 1526 2374 verbis,

831 2390 882 2420 cui
897 2394 1008 2420 tamen
1023 2390 1170 2420 sanando
1187 2388 1387 2419 medicinam
1401 2396 1466 2417 non
1481 2386 1529 2416 in-

833 2441 922 2471 venit
940 2441 973 2473 J.
991 2440 1034 2470 G.
1050 2440 1217 2470 Graevius.
1263 2437 1527 2469 Rescribendum

832 2489 933 2520 credo
969 2490 1046 2520 ‘Ad
1073 2490 1172 2530 hujus
1200 2489 1266 2519 loci
1296 2487 1527 2518 defensionem

834 2540 999 2571 Carnutes
1035 2540 1155 2570 auxilia
1184 2538 1450 2579 couquirebant;
1488 2545 1529 2566 eo

835 2595 945 2620 tamen
960 2590 1093 2627 lentius,
1116 2599 1182 2630 quo
1208 2588 1336 2619 diutius
1357 2585 1529 2617 Vellemiiui

833 2639 898 2681 (sic
911 2639 1000 2670 enim
1010 2648 1130 2670 nomen
1142 2640 1204 2669 hoc
1216 2648 1318 2678 supra
1326 2636 1445 2666 extulit
1455 2635 1529 2665 Cei-

835 2690 906 2727 sus)
931 2689 1113 2721 crederent
1137 2699 1206 2719 rem
1230 2688 1408 2723 haesuram,
1431 2689 1467 2716 et
1489 2685 1530 2714 si-

834 2740 1007 2771 millimum
1047 2741 1110 2770 reri
1149 2742 1240 2770 esset
1278 2734 1429 2775 morem,‘
1466 2736 1530 2765 &c.

834 2790 946 2820 Duris.
