1818 3131
347 195 440 224 ιη»
476 183 1047 224 ν.υΑν.53.ῐηζΒκιιο
1079 195 1304 225 οΑιιηκι

141 291 181 320 lo
200 288 326 321 Virtute
339 298 441 319 eorum
456 287 580 328 expiato
590 286 797 325 incommodo]

96 338 156 370 Ait
180 340 360 370 Suetonius
386 340 418 369 in
444 337 514 370 Jul.
529 346 560 367 c.
575 339 629 366 67.
653 338 661 352 ‘
681 338 795 367 Carsai-

96 390 220 421 milites
244 390 406 429 diligebat
430 396 533 429 usque
558 388 654 425 adeo,
679 392 716 418 ut
741 397 796 417 au-

96 441 169 472 dita
198 441 295 471 clade
320 439 505 477 Tituriana,
530 437 667 468 barbam
691 438 796 477 capil-

96 490 232 531 lumque
261 488 478 527 summiserit,
507 497 569 517 nec
597 492 676 518 ante
704 486 794 517 dem-

95 539 191 578 κήκ,
220 548 318 579 quam
341 537 567 569 vindicasset!
608 538 680 577 Ego
713 537 795 568 nibil

94 588 148 621 bie
172 588 340 628 singulare
358 588 468 618 viden.
515 588 603 619 Nam
628 587 796 628 perbreve

94 636 177 670 illud
202 641 335 678 tempus
367 637 445 676 fuit,
477 637 567 678 quod
600 638 796 669 intercessit

94 686 186 719 iuter
216 688 345 718 cladem
373 689 592 727 Titurianarn,
623 693 658 719 et
690 697 796 719 caesos

94 737 226 769 Gallos.
271 736 352 778 Ipse
385 739 498 770 Cacsar
528 738 675 770 affirmat
703 739 796 778 prius

95 786 328 827 Ambiorigem
345 789 387 819 ad
413 794 527 819 castra
552 789 727 820 Ciceronis
744 798 798 819 ve·

96 838 197 879 nisse,
222 849 322 880 quam
346 839 453 870 uuutii
477 839 519 870 de
546 844 654 870 morte
680 838 796 869 Sabini

97 888 141 919 ad
167 898 243 920 eum
262 890 355 921 allati
381 895 506 921 essent.
552 889 674 931 Itaque
697 889 797 921 facile

97 938 172 978 quis
189 939 363 978 conjectet
380 940 613 971 brevissimum
630 939 732 970 fnisse
749 940 797 971 iu-

95 989 296 1020 termedium
313 989 394 1020 illud
415 995 564 1031 tempus.
599 990 666 1021 Sed
684 990 798 1021 dicere

95 1039 261 1079 possimus
290 1040 415 1071 Caesari
451 1050 491 1072 eo
524 1046 690 1081 tempore,
731 1051 797 1081 quo

96 1098 203 1120 caesus
218 1090 380 1130 Titurius,
396 1091 648 1131 promissiorem
660 1091 797 1122 barbam

96 1144 133 1171 et
147 1141 288 1181 capillos
304 1139 422 1179 fuisse,
438 1150 501 1172 nec
525 1140 669 1172 voluisse
684 1141 798 1172 deme-

97 1199 132 1221 re
165 1192 276 1232 (cnjus
308 1191 356 1223 rei
387 1191 511 1233 alioqui
539 1191 798 1223 observantissi-

96 1249 187 1272 mum
225 1241 327 1272 fuisse
365 1243 445 1273 alibi
483 1242 699 1284 Tranquillus
735 1241 798 1283 ait)

96 1291 293 1333 priusquam
310 1293 399 1324 ultus
415 1297 518 1324 esset.
562 1293 630 1324 Sed
647 1293 799 1324 notabile

98 1341 188 1382 quod
205 1343 387 1382 Polyaenus
404 1344 424 1374 l.
442 1352 522 1374 vin.
540 1343 589 1374 ait
604 1342 646 1373 de
664 1343 801 1373 Rhodo-

99 1401 188 1431 gune
218 1391 355 1429 femina,
395 1402 471 1433 quae
509 1392 652 1433 capillos
684 1393 799 1423 lavans

99 1443 263 1482 cognovit
286 1443 440 1474 subditos
468 1442 660 1482 defecisse3
685 1443 800 1484 itaque

99 1502 166 1524 non
186 1493 348 1525 abstersis
373 1494 453 1533 illis,
483 1494 542 1525 sed
572 1494 735 1525 revinctis
763 1499 801 1524 ut

98 1549 211 1584 erant,
239 1545 427 1575 exercitum
458 1544 590 1584 eduxit,
606 1544 800 1584 juravitque

99 1603 165 1625 non
179 1599 258 1626 aute
275 1605 310 1626 se
327 1596 437 1627 crines
453 1600 684 1636 purgaturum,
701 1604 799 1635 quam

99 1644 246 1676 rebelles
285 1645 441 1676 vicisset:
483 1645 687 1686 tandemque
725 1649 802 1684 post

101 1695 236 1736 longum
259 1700 391 1735 tempus
408 1695 554 1726 victoria
568 1695 678 1736 potita
693 1695 802 1726 abluit

100 1746 212 1777 crines
239 1750 275 1777 et
301 1746 452 1786 collegit.
487 1745 587 1777 Unde
622 1746 800 1776 Persarum

100 1795 234 1836 Regum
249 1796 396 1835 sigillum
413 1796 597 1827 etiamnum
619 1795 801 1835 imaginem

100 1846 297 1887 impressam
328 1847 431 1879 habet
463 1847 708 1887 Rhodogunem
737 1846 801 1876 dis-

94 1897 199 1939 jectis
225 1898 370 1939 capillis.
416 1898 458 1929 In
488 1898 612 1930 Graeco
637 1901 711 1929 est:
734 1898 802 1928 Τοῖς

100 1949 226 1989 Περσῶν
252 1950 416 1984 βασιλεῦσι
440 1949 574 1990 σφραγὶς
588 1949 738 1986 βασιλικὴ
765 1947 803 1979 εἲ-

102 1998 162 2029 κών
174 1999 259 2029 ἐστιν
273 1998 476 2039 ἆναδεδυμένη
490 2000 547 2031 τὰς
560 1999 672 2041 τρίχας
685 1999 803 2039 ἔχουσα

100 2048 311 2088 Ῥοδογούνην.
357 2050 399 2081 In
422 2051 496 2082 aliis
513 2050 637 2091 legitur
652 2050 803 2080 ἆναλελυ-

104 2099 209 2140 μένην,
224 2101 394 2132 abluentem
408 2111 420 2137 ,·
436 2111 499 2142 ego
513 2101 601 2133 malo
623 2100 803 2139 ἆναδεδυμέ-

104 2160 174 2187 νηνε
198 2160 276 2182 nam
303 2151 392 2183 dixit
408 2156 488 2183 ante
513 2152 708 2192 Polyaenus,
736 2161 804 2182 non

104 2199 296 2231 occultasse
324 2210 399 2231 eam
428 2200 583 2241 capillos,
610 2201 670 2232 sed
696 2201 744 2232 ita
766 2205 805 2232 ut

103 2248 242 2280 demissi
279 2255 387 2289 erant,
424 2250 584 2282 celeriter
614 2251 803 2292 colligasse.

106 2300 170 2331 Est
185 2303 298 2331 autem
312 2300 387 2332 haec
411 2300 621 2342 Rhodogune
635 2300 704 2332 filia
721 2301 806 2332 Xer-

105 2351 158 2382 xis
173 2350 356 2382 Persarum
382 2351 497 2392 Regis,
524 2350 805 2392 quemadmodum

105 2409 148 2432 ex
165 2401 280 2433 Ctesia
295 2401 466 2432 discimus.
514 2401 644 2432 Vossius.

149 2452 190 2481 17
213 2450 365 2490 Laetatio]
397 2450 633 2492 Praeterquam
650 2451 683 2481 in
707 2450 807 2482 Fa'er·

106 2500 155 2541 ni,
186 2500 410 2540 Hotomanni,
424 2506 461 2532 et
488 2501 622 2532 Brantii
645 2502 730 2533 Mss.
757 2502 806 2534 sic

104 2554 268 2582 exaratur
296 2560 433 2592 quoque
457 2551 492 2581 in
518 2551 627 2592 Bong.
658 2561 709 2592 pr.
737 2561 805 2583 sec.

104 2601 207 2633 Voss.
221 2611 275 2642 pr.
295 2602 464 2643 Egmund.
481 2603 593 2635 Oxon.
610 2603 720 2634 Palat.
738 2604 809 2634 Du-

109 2649 184 2682 ker.
202 2651 349 2684 Dorvill.
364 2656 400 2683 et
416 2652 529 2693 Marg.
546 2652 704 2693 Gryphii.
739 2653 807 2684 1„ae-

109 2699 184 2731 titio
210 2701 307 2732 Voss.
337 2711 406 2733 sec.
460 2703 665 2744 Exemplum
696 2708 808 2734 tamen

115 2759 229 2791 quaero
240 2752 328 2792 apud
343 2753 520 2785 classicum
533 2753 730 2785 Auctorem.
754 2754 809 2785 In-

115 2806 168 2833 ter
195 2801 405 2836 Glossemata
433 2805 570 2847 reponit
598 2805 737 2839 Vossius
765 2804 808 2838 de

1432 186 1544 228 1131

845 287 945 317 Vitii-2⁴
973 290 1135 320 sermonis
1164 289 1186 320 l.
1212 297 1269 320 ιιι.
1300 298 1332 329 p.
1356 291 1430 319 469.
1491 289 1547 321 ΑΙ.

844 337 968 368 henna.

889 396 963 417 Liri.
977 392 994 418 3
1018 389 1159 428 Alte-sset]
1177 390 1261 420 ms.
1278 394 1314 420 et
1329 389 1434 421 Editt.
1448 390 1545 422 Vett.

844 437 969 466 circiter
999 446 1056 468 Lx.
1104 439 1208 469 s'lm-lr.
1271 440 1479 471 Hotomanni
1509 445 1547 472 et

846 486 977 516 Brantii
1011 488 1091 517 Mss.
1123 489 1202 519 item
1235 500 1350 521 omncs
1376 491 1546 531 Vossiani‚

847 536 1044 579 Lente-uses,
1061 538 1224 577 ltongars.
1244 540 1364 571 l'ctav.
1383 541 1456 572 Pal.
1485 542 1549 573 Lo·

847 598 921 618 van.
940 587 1034 618 Duk.
1054 590 1195 619 Dorvill.
1222 590 1298 620 Aac.
1326 592 1442 623 abesset
1459 593 1549 623 circi-

846 641 894 668 ter
913 647 973 669 Lx.
997 649 1105 679 neque
1123 640 1223 670 aliter
1241 641 1368 671 Celsus.
1419 642 1547 673 Verum

847 688 1100 728 Metaplirastes
1125 688 1228 720 habet
1245 690 1386 721 σταδίους
1401 703 1551 731 τετρακο-

846 737 930 769 σίους
951 738 1001 768 καὶ
1030 738 1221 777 ὀγδοήκοντα
1252 740 1272 770 i.
1289 750 1319 770 e.
1347 741 1449 771 millia
1477 751 1551 781 pas-

848 797 942 818 suum
960 796 1073 819 Χωίι.
1090 793 1125 819 et
1141 789 1186 819 D.
1211 789 1363 829 adeoque
1379 790 1505 820 circiter
1518 800 1548 821 L.

848 838 973 868 Verum
991 847 1021 869 1..
1039 838 1143 869 solum
1162 838 1264 869 habet
1287 839 1398 871 Oxou.
1424 840 1550 871 circiter

847 888 942 919 abest
959 898 1090 929 quoquc
1108 899 1126 919 a
1143 889 1264 928 Scalig.
1293 894 1328 920 et
1354 890 1551 931 Cujaciano.

848 937 904 968 Ob
932 948 1031 979 quam
1058 939 1320 970 inconstantiam
1350 940 1550 979 rescribere,

848 989 989 1029 placuit,
1017 990 1105 1030 quod
1130 995 1181 1020 est
1209 990 1242 1020 in
1271 991 1371 1031 longe
1397 991 1552 1031 plurimis

848 1039 963 1070 abesset
976 1040 1102 1070 circiter
1118 1049 1174 1072 LX.

892 1094 931 1121 10
957 1092 1035 1121 Cum
1051 1091 1171 1130 legione
1187 1093 1218 1122 in
1232 1093 1303 1133 sua]
1327 1092 1382 1123 Sic
1404 1098 1440 1123 et
1457 1093 1553 1124 Grae-

848 1150 926 1172 eus:
952 1140 994 1172 εἷς
1014 1142 1055 1172 τὰ
1071 1141 1186 1172 ἐκείνου
1208 1140 1354 1181 χειμάδια
1370 1142 1555 1182 ἀποπεμψά·

847 1202 948 1229 μενος.
988 1192 1071 1223 Mss.
1101 1199 1214 1223 autem
1245 1193 1329 1234 Reg.
1360 1194 1489 1224 Eliens.
1517 1199 1555 1226 et

853 1242 975 1281 Vossii‚
992 1247 1028 1285 et
1044 1243 1136 1273 Edit.
1153 1243 1248 1273 Rom.
1263 1253 1331 1273 cum
1346 1244 1466 1283 legione
1481 1253 1553 1283 sua,

848 1293 983 1323 remittit
1013 1293 1046 1323 in
1076 1293 1215 1324 hiberna.
1265 1295 1373 1326 Clark.
1440 1295 1553 1326 Etiam

851 1344 935 1373 Mss.
953 1345 1017 1374 mei
1032 1354 1148 1375 omnes
1162 1355 1237 1376 cum
1254 1345 1341 1376 Edd.
1354 1346 1441 1376 Ven.
1460 1347 1554 1377 Med.

851 1398 887 1424 et
920 1394 990 1424 Inc.
1019 1399 1144 1434 praeter
1171 1395 1268 1426 Leid.
1286 1396 1399 1427 Oxon.
1427 1397 1553 1436 Scalig.

851 1443 910 1474 sed
936 1444 1079 1484 perinde
1105 1450 1177 1482 est3
1202 1446 1266 1476 uisi
1293 1446 1388 1476 malis
1411 1446 1555 1477 credere

851 1503 908 1524 sua
932 1493 1139 1534 superfluum
1155 1504 1242 1533 esse,
1270 1505 1309 1526 ac
1337 1496 1554 1528 scribendum

851 1554 921 1575 cum
947 1545 1069 1583 legione
1094 1546 1232 1576 remittit
1260 1546 1293 1576 in
1319 1546 1469 1577 hiberna:
1517 1551 1556 1577 ut

853 1595 1005 1635 reposuit
1029 1595 1211 1636 Amardus,
1253 1605 1295 1626 au
1326 1606 1345 1626 e
1377 1597 1472 1628 Msto
1498 1606 1556 1628 ne-

853 1645 933 1676 scio.

896 1697 937 1725 IS
965 1695 1069 1734 Neque
1084 1695 1179 1725 ullum
1200 1694 1288 1735 fere]
1312 1695 1476 1727 Ultimam
1500 1706 1558 1728 vo-

853 1754 928 1775 cem
954 1755 974 1775 a
1005 1745 1264 1776 Recentioribus
1293 1746 1451 1777 omissam
1480 1756 1558 1777 con-

852 1805 952 1827 sensu
976 1801 1130 1827 veterum
1167 1797 1330 1828 Codicum
1358 1801 1427 1827 tam
1458 1807 1559 1828 manu

854 1855 955 1886 quam
972 1846 1061 1886 typis
1078 1846 1326 1886 descriptorum
1347 1847 1557 1878 reduximus.

854 1896 1111 1936 Metapln·astes
1129 1901 1241 1928 tamen
1257 1906 1332 1928 eam
1349 1897 1382 1928 in
1398 1907 1456 1928 suo
1471 1897 1558 1929 libro

853 1956 920 1977 non
946 1947 1099 1984 invenit;
1131 1947 1240 1978 locum
1268 1947 1359 1978 enim
1383 1947 1431 1978 sic
1456 1948 1560 1979 inter-

855 2001 1014 2036 pretatur
1040 1995 1138 2028 Οὐδὲν
1160 2001 1392 2029 ΠΑΝΤΑΠΑΣΙ
1420 1999 1475 2028 τοῦ
1494 2009 1559 2037 χει-

853 2047 952 2084 μῶνος
974 2044 1065 2087 μέρος
1088 2047 1300 2087 ἀφροντιστῶν
1315 2049 1331 2078 ὁ
1355 2050 1475 2089 Καῖσαρ
1502 2050 1560 2080 διε·

853 2095 980 2134 τέλησε.
1026 2097 1142 2129 Daris.

900 2150 941 2178 19
966 2147 1115 2178 Com-iliis
1130 2150 1161 2178 et
1175 2148 1274 2189 motu]
1296 2148 1383 2180 Edd.
1400 2149 1561 2190 antiquis-

857 2196 947 2228 simae
964 2206 1038 2228 cum
1054 2197 1137 2228 Mss.
1153 2197 1308 2229 omnibus
1324 2203 1454 2239 praeter
1470 2199 1559 2230 Scal.

858 2247 972 2278 Oxou.
987 2247 1082 2278 Leid.
1100 2257 1151 2288 pr.
1169 2252 1204 2279 et
1217 2248 1478 2287 And-consiliz'35
1493 2259 1561 2281 non

856 2299 945 2329 male
960 2298 1024 2329 hoc
1050 2299 1125 2330 loco
1141 2298 1351 2340 Ἐπιχείρησιν
1379 2300 1492 2331 Graec.
1521 2305 1561 2331 ut

855 2358 923 2380 non
940 2353 1046 2391 coetus
1061 2349 1243 2390 intelligat,
1257 2350 1315 2381 sed
1328 2350 1418 2391 ipsas
1429 2350 1562 2382 consul-

858 2400 1017 2431 tationes.
1060 2400 1159 2431 Talia
1182 2405 1261 2432 sunt
1283 2402 1292 2418 ‘
1309 2401 1455 2433 militum
1483 2410 1561 2432 con-

858 2449 954 2481 silia’
980 2451 1021 2482 B.
1038 2451 1111 2482 Civ.
1137 2460 1180 2482 11.
1207 2454 1261 2483 30.
1306 2452 1469 2483 Ceterum
1498 2460 1560 2491 pro

857 2503 888 2530 et
905 2501 1068 2542 rescripsi
1083 2511 1120 2532 ac
1136 2501 1283 2533 unanimi
1299 2502 1466 2533 Mstorum
1481 2509 1560 2532 con-

857 2559 969 2581 sensu.

901 2604 941 2632 21
964 2601 1098 2643 Legata]
1121 2600 1263 2634 Codices
1289 2600 1442 2632 nonnulli
1466 2609 1561 2639 quaes-

858 2654 933 2683 tore.
973 2652 1080 2683 Clark.
1127 2653 1250 2691 Legato
1267 2651 1412 2691 primum
1428 2650 1561 2682 invenio

858 2701 893 2733 in
908 2701 969 2734 Ed.
987 2702 1122 2734 Veneta
1138 2702 1180 2732 A.
1198 2704 1291 2732 1517.
1319 2699 1409 2740 quod
1423 2708 1561 2741 recepe-

860 2758 940 2785 runt
975 2754 1096 2794 Aldus,
1142 2752 1329 2793 Gryphins,
1366 2751 1559 2793 Plautinus,

857 2805 949 2839 Scal.
974 2809 1011 2838 et
1034 2805 1083 2839 ita
1111 2813 1207 2846 seqq.
1264 2803 1311 2835 Et
1338 2800 1493 2844 profecto
1519 2812 1561 2837 ea

1013 2899 1032 2911 A
