1818 3131
299 230 411 272 1:204

299 335 334 367 id
379 334 550 375 displicet,
590 335 804 367 Ciacconinm
843 346 998 378 sequere,

299 386 354 427 qui
367 389 534 426 parentare
550 385 764 418 emendabat.
814 387 899 418 Voss.
946 388 999 418 Ci-

298 435 455 466 noconius
486 436 570 476 legit
593 441 780 476 parenturi¹;
819 438 866 469 D.
884 442 998 469 autem

297 485 419 517 Vossio
434 486 548 526 placet
563 497 651 526 quum
667 492 704 518 ut
727 497 783 518 non
796 488 914 519 cii-ibus
937 488 999 519 Ro-

297 537 398 566 manis
415 539 628 576 parentare-nt.
673 537 738 568 Sed
757 537 897 569 sortasse
915 548 997 568 sana

297 591 350 616 est
366 587 469 617 lectio
482 587 643 627 vulgata;
674 594 708 619 et
725 596 802 625 xox,
825 598 922 628 qnam
939 588 996 618 ad-

296 635 442 666 dendam
473 637 619 676 censuit,
635 643 747 678 potest
773 638 996 678 subintelligi.

296 684 375 716 Nisi
397 685 446 716 ita
461 696 496 717 se
513 696 564 717 res
582 687 717 725 habeat,
735 689 861 719 minore
889 694 994 718 nnita-

299 737 391 767 tione
423 737 640 769 scribendum
673 739 875 769 crediderim
905 749 995 778 quiam

295 796 332 817 ne
361 787 479 819 civibus
513 789 604 819 Rom.
635 792 846 829 pareuturenl.
892 790 995 819 (lei-te

296 838 413 869 Celsus
437 848 469 879 p.
488 841 559 869 125.
583 838 638 868 ubi
663 839 747 869 hanc
764 838 908 869 Caesaris
923 848 994 869 ora-

295 888 424 918 tionem
450 886 566 926 refert,
582 888 695 927 omnia,
714 888 831 928 inquit,
847 889 915 928 pati
932 899 995 919 ma-

294 938 393 967 lumus
409 947 510 978 quam
526 947 568 968 ne
584 940 689 968 nostra
712 939 840 969 mollitie
857 939 995 970 munibus

296 987 704 1030 R‹›7n.c1'vium-sali.5fiat.
741 988 855 1019 Dari&
901 989 993 1020 Nihil

292 1037 347 1069 hic
385 1038 594 1069 mutandum.
654 1038 927 1079 Subinteliigitur
957 1044 992 1071 ut

295 1097 357 1127 per
380 1088 469 1118 modi
486 1088 721 1128 variationem,
740 1089 782 1120 de
797 1100 863 1130 qna
879 1091 932 1130 egi
949 1090 991 1121 ad

295 1147 335 1169 ιι.
354 1141 404 1170 10.
427 1140 435 1154 ‘
454 1140 711 1170 Constituerunt
728 1141 890 1180 optimum
904 1150 991 1181 esse,

293 1187 427 1218 domum
454 1188 592 1227 reverti,
608 1193 644 1219 et
671 1189 713 1220 ad
736 1200 793 1220 eos
811 1190 992 1221 defenden-

292 1239 352 1269 dos
370 1239 517 1280 undique
532 1241 777 1271 convenirent?
819 1242 877 1273 Sic
904 1242 992 1273 enirn

293 1289 378 1320 Mss.
403 1299 470 1320 non
497 1290 665 1321 convenire.
711 1291 778 1321 Hic
796 1302 928 1332 qnoque
956 1293 993 1322 li-

293 1339 396 1370 brarii
430 1341 596 1371 inmutare
631 1342 742 1372 conati
779 1347 880 1373 sunt:
916 1353 992 1374 nam

289 1393 457 1430 proestaret
480 1391 573 1430 legas
588 1390 622 1420 in
640 1391 747 1431 Bong.
763 1401 812 1431 pr.
828 1392 926 1424 Voss.
942 1403 992 1434 pr.

291 1450 361 1472 sec.
381 1442 460 1471 Lov.
479 1442 576 1481 Egm.
594 1444 629 1471 et
652 1442 798 1473 Dorviil.
818 1446 993 1483 prteoptare

291 1492 408 1522 mallet
430 1491 534 1522 etiam
551 1491 763 1523 Ciacconius.

336 1550 441 1572 xvnr.
465 1544 483 1572 5
510 1542 557 1571 Eo
569 1541 762 1581 prosa-tunm
784 1553 839 1583 qno
857 1543 991 1574 arbitra-

291 1591 398 1631 batur]
431 1592 515 1623 Cum
532 1592 566 1622 in
584 1592 709 1623 Lovan.
727 1598 759 1623 et
776 1593 906 1624 Brantii
923 1594 989 1625 Ms.

291 1651 353 1682 pro
370 1652 403 1672 eo
420 1642 464 1673 sit
475 1652 550 1681 esse,
565 1652 707 1683 eamque
725 1653 838 1674 vocem
857 1643 990 1675 omnino

290 1700 358 1722 non
374 1697 559 1733 agnoscant
578 1692 704 1724 Audin.
725 1693 821 1724 Leid.
845 1704 893 1734 pr.
909 1695 988 1726 Sca-

289 1742 349 1782 lig.
373 1747 409 1773 ct
435 1742 548 1774 Oxon.
577 1754 652 1774 cum
679 1744 882 1776 13‹1‹1.R0m.
901 1745 986 1775 Ven.

289 1791 434 1823 Mediol.
450 1793 603 1834 aliisque,
619 1794 753 1825 omnino
777 1799 892 1834 putem
915 1804 988 1826 esse

292 1851 595 1881 supervacaneam,
622 1847 657 1872 et
687 1843 767 1873 satis
794 1853 813 1874 e
843 1854 914 1884 seq.
931 1854 987 1883 qno

289 1890 556 1930 intelligendam.
610 1891 701 1922 Dein
717 1892 922 1924 arbitraretur
939 1904 989 1924 re-

290 1941 387 1981 posui
404 1942 610 1973 auctoritate
624 1942 792 1973 Mstormn
809 1944 916 1983 Bong.
936 1954 987 1983 pr.

287 1990 388 2022 Voss.
414 2001 464 2032 pr.
492 1993 618 2023 Lovan.
651 1993 728 2032 Cuj.
757 1992 846 2024 And.
874 1994 987 2024 Oxon.

287 2040 383 2072 Leid.
397 2051 448 2082 pr.
462 2041 628 2082 Egmund.
640 2042 764 2081 Scalig.
779 2043 987 2084 aliorumque

289 2099 412 2131 magno
441 2102 591 2133 numero,
608 2098 643 2123 et
674 2093 762 2125 Edd.
792 2094 891 2126 Vasc.
919 2095 986 2125 Str.

290 2142 410 2182 steph.
427 2143 488 2174 διο.

332 2196 353 2223 9
377 2193 538 2224 Arctiores
560 2194 666 2235 silvas]
710 2194 765 2225 Ita
791 2197 892 2225 vocat
908 2193 987 2224 den-

288 2242 406 2282 siores,
423 2243 502 2283 quia
529 2244 657 2274 crebris
673 2243 849 2274 arboribus
864 2244 986 2274 arceba-

287 2296 341 2323 tur·
366 2293 535 2324 hominnm
561 2294 683 2324 aditus.
738 2294 864 2324 Locum
892 2298 985 2324 recte

288 2343 381 2383 cepit
404 2343 547 2374 Graecns
565 2343 747 2383 interpreS,
774 2343 878 2373 vertit
898 2344 987 2374 enim

288 2391 448 2424 δασύτατα
464 2392 570 2433 δρυμά.
617 2393 728 2424 Ducis.

333 2451 411 2473 xrx.
435 2445 454 2473 8
499 2443 923 2482 Videreut‚—e.rislinmrent
932 2453 986 2479 ;——

286 2493 779 2534 perspicerent,—cvguoscercnt]
813 2494 866 2524 Ita
879 2494 988 2525 edidit

286 2542 448 2583 Scaliger,
471 2543 606 2584 aliique.
650 2543 717 2574 Sed
734 2553 776 2574 ex
800 2544 883 2574 Mss.
903 2545 986 2584 Reg.

288 2592 414 2624 Eiiens.
441 2598 478 2625 et
500 2594 622 2632 missii,
647 2594 779 2624 omnino
807 2595 985 2626 restituen-

287 2643 366 2674 dum
404 2644 561 2674 existimo
594 2644 986 2682 videret‚maristimaret;

285 2694 771 2734 —zierspiceras—cognosceret.
820 2696 869 2724 lla
898 2695 986 2725 enim

286 2744 393 2774 multo
431 2743 620 2784 elegantior
655 2748 706 2774 est
743 2744 881 2775 locutio.
941 2745 987 2775 Et

287 2793 429 2826 Graecus
455 2794 568 2835 habet,
591 2794 671 2826 ὥστε
696 2795 772 2835 ὁρῶν
789 2793 826 2826 ἄν
849 2806 908 2836 τις,
923 2797 987 2827 &c-

766 241 907 273 No'rAE
940 241 1160 273 VAR10RU
1170 243 1202 272 M
1237 242 1288 272 ΙΝ

1051 338 1158 369 Clark.
1203 337 1282 368 Non
1298 336 1347 368 ita
1363 335 1490 377 primns
1505 336 1670 377 Scaliger,
1686 337 1746 370 sed

1048 388 1144 419 multi
1163 387 1233 426 jam
1258 393 1337 419 ante
1359 386 1562 425 ediderunt3
1588 386 1637 417 nii
1665 386 1745 418 Edi·

1049 442 1138 469 tores
1154 439 1358 479 priini,item
1376 437 1536 469 Beroald.
1559 437 1646 468 Ven.
1663 436 1743 470 Ald.

1049 488 1178 528 Gryph.
1197 490 1310 520 Plant.
1335 489 1470 530 aliique,
1485 493 1520 519 et
1539 492 1649 518 exstat
1666 496 1746 528 quo-

1047 548 1112 578 que
1131 539 1162 568 in
1180 539 1264 569 Mss.
1282 538 1407 569 Andin.
1431 539 1543 569 Oxou.
1559 542 1593 568 et
1615 536 1742 577 scalig.

1047 587 1197 627 aliisque.
1228 589 1375 619 Viderent
1395 593 1429 619 et
1456 588 1670 618 existimarent
1691 587 1747 617 ha-

1047 637 1106 668 bet
1123 647 1253 678 qnoque
1289 638 1382 668 Leid.
1410 648 1461 678 pr.
1479 638 1537 668 scd
1563 638 1596 668 in
1613 636 1744 668 duabus

1046 688 1171 718 ultimis
1199 687 1336 718 vocibus
1353 688 1523 718 consentit
1545 697 1619 718 cnm
1636 688 1746 727 Bong.

1046 737 1234 777 voss-lanis,
1263 736 1485 768 Leidensibus
1510 737 1661 777 reliquis,
1680 736 1746 767 Pe-

1045 792 1114 818 tav.
1139 787 1306 827 Egmuud.
1335 787 1497 826 Gottorp.
1526 787 1653 816 Lovan.
1679 787 1745 817 &c-

1045 837 1132 878 quod
1159 838 1286 868 idcirco
1304 837 1449 877 reposui.
1494 835 1585 866 Dein
1611 835 1746 875 elegan-

1046 889 1112 918 tius
1129 888 1235 918 multo
1264 888 1348 918 Mss.
1378 891 1509 917 tantum
1525 895 1591 916 non
1615 894 1745 925 omnes,

1044 941 1080 968 et
1108 937 1194 968 Edd.
1212 937 1343 977 primm,
1370 946 1408 966 ac
1433 934 1603 974 Beroaldi‚
1630 944 1745 967 necesse

1042 988 1083 1018 sit
1101 997 1163 1027 pro
1178 990 1275 1018 esset:
1296 987 1378 1018 item
1394 987 1496 1017 videat
1524 985 1617 1016 Leid.
1644 985 1743 1025 prim.

1043 1038 1167 1070 Audin.
1194 1044 1229 1070 et
1255 1038 1369 1070 Oxon.
1396 1048 1434 1069 ac
1461 1040 1597 1068 recusent
1624 1035 1744 1068 Leidd.

1043 1098 1168 1128 omnes,
1195 1090 1292 1120 Voss.
1323 1089 1418 1129 prim.
1450 1092 1485 1118 et
1514 1091 1592 1118 tert.
1616 1087 1739 1118 Petav.

1043 1139 1139 1179 Egm.
1152 1140 1262 1171 Oxon.
1277 1138 1364 1170 And.
1375 1139 1473 1169 Gott.
1490 1136 1554 1167 Ed.
1568 1136 1641 1166 Ine.
1652 1137 1743 1167 aliae·

1043 1199 1118 1229 qne.
1144 1190 1332 1220 Recusascnt
1351 1189 1462 1228 Bong.
1479 1197 1528 1227 pr.
1553 1189 1744 1218 recusassent

1044 1239 1167 1270 Lovan.

1088 1291 1126 1319 17
1151 1290 1215 1319 Sua
1241 1290 1338 1319 salute
1369 1288 1479 1318 habeat
1506 1287 1668 1327 cariorem]
1692 1286 1746 1318 Sic

1043 1347 1159 1368 omnes
1191 1339 1299 1370 Codd.
1333 1348 1396 1369 nec
1434 1338 1532 1368 aliter
1560 1336 1645 1376 legit
1675 1336 1745 1368 Jul.

1043 1387 1174 1427 Celsus,
1192 1388 1249 1428 qui
1265 1399 1298 1428 p.
1315 1391 1388 1419 126.
1412 1387 1462 1418 iia
1478 1387 1638 1427 loquitur,
1655 1387 1663 1403 ‘
1681 1386 1745 1417 nisi

1042 1446 1191 1472 vestram
1209 1441 1312 1471 vitam
1325 1450 1410 1471 meae
1425 1438 1604 1480 praeferam
1620 1437 1743 1469 saluti!

1044 1492 1128 1521 Cum
1158 1495 1270 1522 autem
1302 1491 1344 1522 de
1370 1490 1512 1522 Caesaris
1541 1489 1649 1520 salute
1678 1498 1744 1520 non

1044 1545 1177 1581 agatur,
1201 1541 1260 1572 sed
1278 1545 1409 1572 tantum
1431 1540 1473 1571 de
1497 1539 1614 1580 gloria,
1633 1548 1745 1579 quam,

1043 1590 1165 1621 omisso
1183 1591 1313 1631 proelio,
1327 1599 1391 1620 non
1410 1589 1594 1629 reciperet,
1607 1588 1744 1620 omnino

1042 1639 1222 1679 legendnm
1251 1639 1466 1678 crediderim,
1486 1649 1541 1669 sua
1565 1638 1663 1669 lande
1689 1638 1743 1668 lia-

1042 1689 1111 1720 beat
1140 1690 1298 1720 cariorem.
1360 1691 1467 1721 Faxet
1500 1690 1655 1727 Gra-cus,
1687 1688 1745 1729 qni

1041 1739 1144 1771 habet
1169 1740 1206 1781 ῆι(
1223 1740 1266 1778 μὴ
1290 1740 1347 1770 τοῦ
1364 1739 1473 1770 ἑαυτοῦ
1486 1739 1672 1769 'EI'IAINOT
1686 1737 1744 1775 τὴν

1041 1790 1141 1820 αὐτῶν
1150 1789 1231 1829 ζωὴν
1246 1790 1312 1830 περὶ
1328 1789 1469 1821 πλείονος
1483 1788 1606 1830 ποιήσῃ.
1630 1788 1743 1820 Datis.

1040 1839 1105 1869 Sua
1119 1841 1218 1871 salute
1234 1840 1376 1871 Graecus
1403 1841 1535 1880 Interp.
1559 1840 1615 1869 τοῦ
1635 1838 1745 1869 ἑαυτοῦ

1039 1890 1234 1922 ἘΠΑΙΝΟΤ.
1279 1890 1378 1923 Quod
1397 1900 1471 1921 enm
1489 1895 1522 1921 et
1541 1899 1657 1920 sensus
1673 1898 1742 1920 ma-

1040 1940 1165 1971 nifesto
1190 1942 1361 1981 postulet;
1387 1940 1542 1982 equidem
1567 1950 1645 1971 enin
1670 1940 1742 1970 Da·

1040 1990 1122 2022 visio
1144 1993 1253 2022 nullus
1276 1991 1408 2029 dubito,
1425 1991 1505 2032 quin
1528 1989 1667 2021 rescribi
1685 1989 1742 2021 de-

1040 2040 1119 2072 beat
1138 2052 1193 2072 sua
1221 2043 1321 2073 laude.
1347 2042 1455 2072 (lm-lc.
1494 2042 1601 2079 Bene,
1617 2039 1675 2071 sed
1691 2049 1741 2070 sa-

1040 2092 1103 2123 lute
1119 2092 1287 2123 mordicus
1311 2092 1459 2123 retinent
1478 2092 1562 2123 Mss.
1583 2091 1655 2121 sine
1672 2090 1740 2121 ulio

1040 2151 1151 2173 sensu.
1198 2143 1322 2173 Forsan
1354 2142 1583 2182 reponendum
1610 2146 1661 2172 est
1686 2150 1722 2172 su

1039 2193 1116 2224 rita.
1161 2193 1217 2224 Sic
1238 2199 1333 2224 certe
1359 2193 1493 2223 variant.
1516 2191 1623 2223 Codd.
1639 2201 1668 2222 c.
1686 2193 1737 2222 50.

1040 2253 1116 2274 cum
1140 2244 1255 2274 virtute
1272 2243 1492 2275 confunditur
1507 2243 1589 2273 salus
1605 2251 1669 2273 vn.
1686 2244 1738 2273 84.

1040 2293 1094 2324 An
1122 2294 1237 2325 virtute
1264 2294 1318 2325 hic
1344 2293 1431 2324 dixit
1455 2293 1581 2331 Caesar,
1598 2301 1639 2322 ue
1664 2291 1716 2331 ips

1039 2344 1078 2374 iis
1110 2344 1284 2375 videretur
1312 2343 1472 2375 timidus?
1507 2343 1662 2373 Estiment
1678 2348 1739 2381 pro

1039 2394 1147 2425 habeat
1164 2399 1214 2425 est
1227 2395 1260 2425 in
1278 2394 1375 2425 Leid.
1394 2404 1444 2434 pr.
1461 2403 1479 2423 a
1495 2403 1538 2423 m.
1556 2401 1608 2432 pr.

1083 2453 1144 2475 xx.
1165 2449 1179 2475 l
1208 2444 1422 2483 Insimulatus]
1448 2441 1599 2474 Praefero
1622 2439 1739 2471 lectio-

1038 2503 1114 2524 nem
1128 2494 1281 2524 Vossiani
1292 2504 1358 2524 sec.
1371 2502 1469 2533 quam
1481 2490 1619 2521 exhibet
1633 2489 1742 2520 etiam

1039 2545 1198 2576 Ciaccon.
1237 2545 1322 2574 liber
1355 2548 1390 2574 et
1419 2543 1518 2572 vase.
1548 2539 1660 2571 Strad.
1693 2539 1737 2570 R.

1036 2594 1155 2635 steph.
1173 2600 1208 2626 et
1226 2595 1358 2634 Gryph.
1376 2597 1463 2632 post.
1499 2590 1715 2621 Insimulatur.

1081 2649 1099 2675 5
1125 2644 1282 2683 fortuito]
1299 2643 1355 2674 Ita
1373 2641 1542 2680 R.Steph.
1560 2639 1685 2679 Scalig.
1701 2641 1739 2668 et

1038 2694 1094 2725 alii
1107 2694 1298 2725 ediderunt.
1343 2692 1457 2732 Atque
1479 2691 1511 2721 id
1529 2700 1609 2721 sane
1623 2686 1736 2720 iuveni

1037 2744 1072 2774 in
1095 2744 1195 2774 Voss.
1222 2753 1271 2783 pr.
1298 2741 1394 2774 Leid.
1419 2751 1469 2781 pr.
1495 2739 1617 2779 Scalig.
1640 2737 1733 2770 Leid.

1038 2803 1107 2826 sec.
1123 2797 1159 2826 ct
1179 2794 1286 2834 Bong.
1310 2802 1362 2834 pr.
1390 2801 1410 2823 a
1424 2801 1469 2824 m.
1494 2800 1562 2822 sec.
1575 2793 1611 2821 et
1625 2789 1733 2828 Bong-
