1818 3131
245 180 359 220 1020

248 289 427 323 utrumque
444 283 596 312 Grmcus.

291 336 330 364 :23
356 331 538 369 fleu-eticae]
574 330 655 359 Mss.
677 329 805 368 Ursini,
824 329 945 361 Petav.

252 395 268 413 η
292 393 335 414 ιιι.
362 392 429 412 sec.
462 381 559 412 Gott.
583 380 678 411 Voss.
705 389 772 410 sec.
803 384 837 410 et
865 384 946 410 tert.

250 433 376 463 ,edictam
423 430 467 460 Et
495 439 575 460 sane
603 433 698 459 recte
719 429 848 469 relinqui
878 429 948 459 sive

251 481 420 520 =2crelinqui
438 490 540 510 naves
557 478 715 509 dicuntur
731 479 773 508 ab
790 485 874 509 oestu
901 488 949 508 re-

251 530 407 567 cedente,
428 538 503 559 cum
529 528 561 558 in
580 527 672 557 vadis
695 527 846 564 liaei·ent;
871 538 949 567 quo-

251 580 348 610 modo
366 585 400 610 et
424 579 522 610 deseri
545 584 580 608 ct
606 578 734 609 destitui
760 578 882 617 passim
905 576 952 606 di-

252 634 388 668 cuntur,
419 639 493 670 qnae
529 629 561 659 in
585 628 676 659 sicco
703 628 952 667 relinquuntur,

253 690 341 720 aqua
375 679 563 717 minuente,
590 678 657 708 sive
682 677 844 715 ἀμπώτεως
866 686 953 713 ’γενο-

253 728 357 768 Γιένης,
375 734 410 760 ut
426 729 531 759 vertit
548 729 699 759 Graecus.
746 727 873 757 Verum
891 726 953 756 boc

252 780 386 811 dixerat
409 783 526 810 auctor
540 787 642 817 supra
656 778 688 808 in
710 776 796 806 radis
812 776 955 806 consiste-

251 833 330 860 rent.
377 829 554 859 Praeterea
566 827 686 867 optimi
705 826 851 858 Codices
867 826 956 855 Bon-

256 889 345 921 gars.
380 879 533 910 Vossian.
555 878 652 918 prim.
678 877 772 908 Leid.
798 877 896 917 prim.
923 882 957 908 et

255 934 337 960 tert.
356 929 483 960 Lovan.
501 927 668 968 Egmund.
684 933 719 958 et
736 926 801 958 Ed.
818 927 959 958 Incerta

255 978 383 1010 habent
408 978 456 1008 rei
489 978 617 1008 relictae.
662 978 777 1008 Quare
802 986 878 1008 cum
903 976 958 1007 111.

257 1028 400 1060 Heinsio
439 1027 552 1059 malim
591 1026 725 1064 reJ'ecta’.
787 1026 959 1057 Saeviente

257 1084 372 1116 veum,
407 1083 442 1109 et
465 1083 550 1109 :estu
583 1077 768 1108 recedente
801 1077 835 1106 in
864 1074 958 1106 vadis

258 1128 490 1160 consistebant
509 1127 678 1165 tutius‚·et
695 1127 738 1157 ab
763 1131 848 1157 aestu
865 1125 960 1156 rede-

260 1183 339 1209 unte
367 1187 429 1218 per
461 1181 701 1217 tempestatem
731 1176 865 1215 restem,
896 1176 960 1206 &c.

260 1228 359 1261 Quod
377 1227 515 1258 verbum
528 1227 588 1257 hac
603 1226 634 1256 in
650 1235 685 1256 re
697 1226 869 1266 proprium
885 1234 961 1256 cum

259 1279 332 1310 aliis
355 1288 421 1309 non
451 1287 526 1309 raro
547 1277 688 1308 adhibet
710 1281 827 1307 noster
853 1277 893 1306 B.
919 1276 961 1306 G.

261 1337 297 1360 v.
325 1332 356 1359 5.
389 1329 397 1345 ‘
418 1328 533 1360 Naves
575 1332 782 1368 tempestate
814 1325 964 1365 rejectas

263 1388 397 1410 cursum
421 1383 539 1409 tenere
562 1387 627 1408 non
652 1375 828 1417 potuisse!
861 1385 891 1407 c.
909 1377 964 1406 23.

260 1437 268 1444 ·
289 1426 871 1469 paucaelocumcapercnt‚reliquae
893 1424 966 1455 fere

263 1487 378 1509 omues
396 1476 640 1519 rejicerentur!
662 1476 705 1507 V.
723 1476 775 1507 Cl.
792 1476 907 1506 Burm.
925 1474 967 1504 ad

264 1527 351 1558 Ven.
380 1536 405 1558 1.
431 1530 460 1558 1.
491 1527 500 1543 ‘
517 1527 742 1566 Tempestate
771 1525 803 1555 in
830 1526 968 1556 Cretam

265 1576 434 1617 rejectus!
460 1575 588 1614 Referri
604 1580 640 1605 et
652 1574 742 1612 dejici
755 1574 801 1605 ait
819 1583 867 1604 ιν.
882 1576 935 1604 28.

307 1630 347 1657 ’25
374 1627 477 1657 Erant
521 1624 756 1664 extimescendi]
806 1625 889 1655 Mss.
933 1627 970 1655 et

267 1676 376 1708 Editt.
394 1677 490 1706 Vett.
507 1678 573 1706 erat
590 1674 842 1705 extimescendas.
866 1672 967 1705 Quod

267 1726 421 1767 perinde.
442 1727 548 1756 Clark.
589 1725 764 1755 pluralem
780 1733 857 1754 cum
872 1723 970 1754 Faer-

267 1787 310 1809 uo
327 1782 364 1808 et
380 1777 503 1807 Ursino
518 1776 647 1816 recepit
663 1775 815 1815 Scaliger
828 1780 862 1805 ct
874 1783 968 1814 seqq.

269 1836 414 1868 eumque
450 1825 653 1858 confirmant
684 1824 840 1856 Leidens.
870 1824 967 1864 prim.

270 1882 306 1908 et
343 1877 467 1916 Scalig.
504 1886 580 1908 cum
611 1876 734 1906 Graeco
764 1874 970 1914 Interpretr.

272 1928 388 1959 Ceteri
404 1937 519 1958 omues
549 1934 614 1957 tam
643 1925 727 1957 Msti
754 1934 855 1966 quam
878 1925 972 1955 Editi

270 1977 478 2017 singularem
518 1981 724 2016 augumentum
766 1983 866 2016 quem
909 1983 972 2014 ego

272 2034 400 2058 temere
414 2037 478 2058 non
496 2031 661 2058 mutatum
678 2025 821 2057 mallem.

317 2086 389 2109 xlv.
414 2081 432 2109 4
458 2078 704 2118 Exspectandum
727 2075 871 2115 classem]
913 2075 975 2106 Ce-

274 2130 341 2160 leb.
369 2130 610 2166 Drakenburg.
641 2138 659 2159 e
692 2128 785 2158 Msto
810 2126 973 2167 Gottorp.

273 2182 384 2212 forsan
396 2181 642 2212 restituendum
658 2179 844 2211 arbitratur
853 2187 975 2218 exspec-

275 2232 400 2262 tandum
415 2230 456 2261 ad
471 2231 586 2261 Silium»
604 2239 663 2261 xv.
684 2233 756 2262 105.
773 2234 781 2249 ‘
798 2232 870 2262 Nec.
889 2230 977 2261 bona

276 2281 502 2313 censendum.'
528 2280 628 2312 Adde
653 2281 788 2312 Erudit.
815 2281 976 2311 Arntzen.

276 2333 318 2363 ad
346 2333 462 2363 Anu-01.
496 2333 629 2363 Victor.
665 2332 708 2362 de
742 2332 832 2363 Viris
865 2332 975 2363 Illust.

279 2393 311 2414 e.
330 2386 379 2414 10.
398 2387 406 2400 ⁸
426 2383 467 2414 ad
492 2382 724 2423 recipiendum
740 2382 944 2423 Tarquinios
958 2380 978 2411 :'

279 2442 359 2463 sane
377 2434 425 2464 ita
441 2437 600 2464 exaratur
617 2442 750 2473 quoque
768 2433 801 2463 in
813 2433 979 2463 Vossiano

281 2483 395 2517 tertio,
412 2483 467 2522 qui
480 2492 626 2529 ⁴semper
639 2481 711 2513 fere
727 2483 772 2512 ιΙΙί
797 2482 980 2519 consentit,

281 2537 317 2564 et
344 2533 404 2563 Ed.
437 2533 587 2564 Incerta.
649 2534 686 2563 ln
715 2532 833 2563 iisdem
857 2532 981 2572 legitur

282 2592 416 2624 quoque
431 2593 459 2614 v.
473 2586 501 2613 l.
518 2584 527 2598 ‘
541 2583 582 2613 ad
598 2582 850 2613 multitudinem
876 2588 979 2613 trans-

282 2632 507 2674 portandum?
532 2642 597 2664 vn.
624 2636 674 2664 14.
700 2633 765 2663 ‘ad
789 2632 982 2663 detractau-

284 2683 361 2713 dam
388 2683 567 2721 muluatus
599 2682 687 2714 Edd.
716 2683 810 2713 Rom.
834 2683 918 2713 Ven.
947 2690 982 2714 et

286 2732 380 2764 Med.
405 2742 467 2773 per
490 2743 520 2765 te.
542 2732 641 2766 Adde
658 2733 697 2764 B.
713 2733 812 2766 Alex.
831 2741 913 2764 vm.
932 2735 982 2765 18.

710 185 848 215 Nss'l'AE
885 183 1143 214 x'ARmRL‘x!
1180 182 1226 211 IN

996 281 1025 308 9.
1071 277 1136 307 Sed
1156 277 1177 306 ii
1196 275 1272 306 libri
1290 279 1395 305 tantm
1411 284 1474 305 non
1501 280 1578 306 sunt
1604 275 1695 316 apud

998 337 1049 357 me
1081 326 1305 364 auctoritatis,
1323 332 1356 355 ut
1382 331 1573 355 cvm-orum
1595 326 1700 356 omni-

1000 387 1053 408 um
1064 377 1227 407 Codicum
1240 376 1422 406 lectionem
1437 375 1512 405 ideo
1525 385 1699 415 speruam;

999 428 1080 458 licet
1097 427 1198 457 scium
1217 427 1329 465 xulgo,
1345 425 1403 455 svd
1429 426 1526 464 vulgo
1552 429 1700 463 tantum,

1001 483 1037 508 et
1067 476 1178 506 forsan
1204 476 1237 506 iu
1261 486 1325 506 uno
1357 476 1530 514 alteroque
1559 475 1624 505 Ms.
1655 474 1703 503 ita

1003 526 1398 567 ‹1110qu1·sc1·ibiB.Civ.
1417 534 1440 555 1.
1455 528 1508 555 3-1.
1526 528 1534 541 ‘
1549 524 1591 556 ad
1604 533 1701 555 oceu-

1004 576 1149 615 paudum
1167 574 1374 605 Massiliam!
1398 574 1484 604 Vide
1502 575 1562 613 ibi,
1575 579 1608 604 ct
1625 582 1701 613 qum

1004 626 1195 656 notavimus
1224 624 1267 654 ad
1303 625 1455 655 Frontin.
1488 634 1543 655 ιιι.
1575 627 1606 654 6.
1631 625 1648 663 ξ
1671 626 1703 653 7.

1005 676 1013 691 ‘
1043 675 1086 705 ad
1119 674 1331 705 liberandum
1369 683 1484 704 eorum
1519 672 1702 713 rempubli-

1006 724 1110 762 ca1n3'
1148 730 1184 755 et
1222 724 1294 754 Cel.
1324 723 1458 754 Duker.
1491 723 1534 754 ad
1568 723 1705 753 Florum

1007 784 1032 806 ι.
1048 777 1078 805 9.
1103 774 1112 790 ‘
1129 774 1171 805 ad
1197 773 1387 813 augendum
1407 773 1523 814 populi
1553 773 1706 812 majesta-

1008 830 1076 855 tem
1091 824 1109 855 2’
1133 823 1191 855 sed
1206 828 1275 854 tres
1302 823 1383 853 Mss.
1401 823 1521 853 Leidd.
1538 829 1575 853 ut
1599 821 1708 853 edidit

1008 874 1140 906 Duker.
1174 874 1359 913 augendum.
1428 873 1516 904 Nam
1546 872 1578 902 in
1614 872 1707 903 hisco

1009 924 1120 955 dubiis
1136 924 1215 954 nihil
1235 923 1339 954 tutius
1360 927 1421 962 est,
1437 933 1537 964 quam
1563 923 1708 963 optimos

1009 975 1105 1015 sequi
1132 973 1297 1012 Codices3
1322 978 1360 1004 ut
1389 973 1478 1014 apud
1499 973 1602 1012 Apul.
1636 972 1711 1003 Me-

1011 1030 1092 1055 tam.
1111 1025 1131 1054 l.
1150 1034 1182 1055 x.
1195 1034 1226 1064 p.
1243 1026 1318 1055 222.
1337 1024 1400 1055 Ed.
1415 1023 1524 1054 1’ric.‘
1539 1023 1581 1053 ad
1595 1023 1711 1063 explo-

1011 1074 1150 1105 randum
1174 1073 1492 1105 mansuetudinem!
1537 1074 1594 1105 Sic
1623 1073 1712 1104 enim

1011 1124 1131 1165 optimi
1147 1125 1231 1155 Mss.
1250 1125 1401 1155 Florent.
1427 1129 1462 1155 et
1478 1124 1610 1155 Bertin.
1635 1133 1712 1154 cum

1011 1174 1284 1215 E‹ld.Autiquis.
1315 1175 1412 1214 vulgo
1427 1175 1654 1215 explorandam.
1673 1173 1714 1204 In

1013 1224 1215 1265 quibusdam
1238 1224 1350 1261 editis,
1372 1230 1409 1255 ut
1426 1225 1564 1255 Vascos.
1583 1223 1715 1264 Gryph.

1012 1275 1133 1315 Steph.
1172 1276 1233 1306 Sec.
1268 1279 1320 1305 est
1355 1278 1543 1316 exspectare.
1595 1274 1716 1314 Margo

1015 1325 1131 1356 Plant.
1151 1324 1214 1356 Ed.
1232 1326 1417 1364 exspectari.

1060 1378 1078 1405 5
1106 1374 1242 1405 circiter
1264 1383 1359 1405 ccxx
1382 1384 1474 1405 nares
1495 1374 1717 1415 paratissimoe]

1016 1425 1126 1464 Bong.
1153 1425 1251 1464 prim.
1276 1425 1398 1456 Petav.
1413 1426 1569 1456 Vossiani
1594 1433 1720 1466 omnes,

1019 1473 1187 1515 Egmund.
1211 1474 1372 1515 Gottorp.
1402 1475 1572 1515 expressis
1593 1475 1719 1506 litteris

1017 1523 1146 1554 dantin
1162 1523 1357 1555 accusativo
1368 1525 1513 1555 ducentas
1530 1533 1593 1555 xx.
1620 1523 1721 1557 Quod

1018 1572 1215 1612 videndum,
1246 1583 1324 1604 num
1361 1574 1441 1605 alibi
1479 1574 1528 1605 ita
1563 1574 1721 1605 adhibeat

1020 1628 1136 1654 noster
1168 1633 1244 1654 cum
1271 1623 1485 1656 substantivo
1516 1625 1550 1655 in
1579 1624 1719 1657 Nomin.

1021 1682 1114 1704 casu.

1066 1724 1280 1754 Paratissimus
1295 1728 1385 1765 atque
1400 1726 1483 1756 omni
1497 1735 1652 1757 armorum
1667 1735 1721 1765 gc-

1020 1785 1092 1806 nere
1107 1776 1328 1816 ornatissimoe]
1372 1777 1440 1808 Dio
1464 1779 1614 1809 Venetos
1638 1777 1721 1809 fidu-

1022 1825 1077 1856 cia
1093 1827 1228 1858 navium
1244 1836 1379 1858 suarum
1397 1828 1490 1858 nulla
1511 1829 1543 1858 in
1568 1828 1724 1868 proelium

1022 1885 1115 1905 arma
1132 1876 1286 1907 attulisse
1311 1877 1370 1908 ait.
1409 1878 1509 1910 Quod
1527 1878 1727 1908 adversatur

1024 1925 1169 1957 Caesaris
1187 1926 1310 1958 verbis.
1358 1929 1402 1960 Et
1415 1927 1558 1959 sortasse
1578 1928 1725 1967 veriora,

1026 1987 1101 2018 quae
1122 1977 1210 2008 Dion
1235 1977 1296 2017 ait,
1319 1979 1540 2020 hauseritque
1553 1988 1596 2010 ex
1615 1978 1727 2020 Ephe-

1026 2028 1223 2067 meridibus,
1241 2038 1315 2069 qua>
1328 2029 1458 2060 meliori
1474 2029 1554 2067 fide,
1569 2034 1607 2060 ut
1623 2039 1727 2070 supra

1027 2078 1251 2117 ostendimus,
1277 2081 1481 2120 conscripta»
1510 2085 1617 2111 erant.
1655 2081 1726 2111 Vos-

1027 2129 1099 2159 sius.
1145 2129 1238 2159 Dion
1257 2130 1278 2159 1.
1297 2138 1429 2160 xxxix.
1445 2141 1478 2171 p.
1497 2134 1568 2161 110.
1587 2131 1633 2162 ait
1661 2132 1726 2162 Vc-

1028 2183 1125 2209 netos
1149 2177 1274 2209 fidncia
1298 2189 1432 2210 navium
1450 2190 1584 2211 suarum
1602 2181 1727 2212 nullum

1030 2230 1170 2260 telorum
1195 2239 1300 2270 genus
1314 2240 1428 2261 secum
1445 2231 1639 2271 adduxisse,
1662 2241 1728 2272 qm:

1029 2279 1072 2310 de
1088 2289 1189 2311 causa
1202 2281 1242 2311 P.
1261 2281 1444 2312 Ciacconio
1456 2287 1491 2313 et
1507 2281 1626 2312 vossio
1642 2281 1731 2313 fron-

1030 2330 1120 2362 tibus
1148 2330 1299 2362 adversis
1316 2331 1403 2362 inter
1430 2341 1465 2362 sc
1491 2340 1639 2372 pugnare
1667 2331 1729 2362 visi

1029 2385 1108 2411 sunt
1124 2384 1239 2411 noster
1262 2385 1298 2412 et
1325 2381 1564 2412 celeberrimus
1586 2381 1730 2412 Histori-

1031 2440 1101 2461 cus.
1141 2430 1226 2462 Mihi
1245 2440 1325 2462 vero
1343 2440 1409 2462 non
1426 2431 1539 2471 placet
1562 2440 1731 2462 commen-

1033 2486 1125 2512 tum:
1150 2481 1352 2512 crediderim
1377 2482 1463 2511 enim
1485 2491 1572 2511 arma
1600 2482 1653 2513 luc
1676 2481 1733 2512 de-

1033 2537 1151 2563 notare
1177 2533 1264 2570 vela,
1287 2531 1396 2569 funes,
1421 2533 1614 2572 reliquaque
1639 2532 1731 2564 navi-

1034 2583 1093 2612 bus
1116 2581 1275 2612 ornandis
1300 2582 1501 2612 necessaria.
1549 2584 1602 2612 Su·
1629 2591 1732 2623 supra

1033 2641 1062 2663 c.
1086 2634 1132 2662 13.
1149 2634 1157 2648 ‘
1181 2632 1289 2662 &aves
1311 2631 1352 2661 ad
1376 2632 1462 2662 bunc
1481 2632 1614 2663 modum
1630 2632 1731 2663 factae

1033 2684 1218 2721 urrnutoeque
1240 2681 1361 2712 erant!
1401 2682 1456 2713 Sic
1481 2689 1512 2712 el
1537 2691 1570 2712 v.
1599 2685 1629 2714 l.
1657 2682 1732 2713 ‘Ea

1032 2741 1106 2773 qua:
1123 2737 1201 2764 sunt
1217 2731 1292 2765 usui
1320 2733 1359 2763 mi
1382 2733 1546 2766 armandas
1566 2739 1728 2773 navem*
