1818 3131
427 245 519 275 Lm.
556 244 585 273 1.
617 243 724 273 CAP.
745 234 787 272 7.
823 243 883 272 DE
921 243 1072 272 uicum
1104 242 1276 272 Civlm.

124 343 160 369 et
177 337 351 370 adiudam
377 338 420 370 de
444 339 557 370 Morte
582 336 726 370 Claudii.
765 337 825 367 Di-

123 389 233 420 ducere
265 394 378 420 tamen
407 389 463 430 qui
494 389 575 420 velit
607 387 770 426 retinere,
795 386 825 417 ei

124 440 282 480 exempla
310 439 407 480 plura
445 437 680 479 suppeditabit
711 436 826 468 Celeb.

124 489 242 520 Burni.
282 489 323 519 ad
356 488 458 519 ovid.
501 487 641 518 Metam.
672 495 720 518 ιν.
750 488 824 517 372.

124 539 133 555 ‘
156 539 231 570 Nec
245 548 297 569 me
311 537 456 569 seducat
471 537 513 568 ab
531 535 618 568 isto.’
650 537 706 567 Do
724 536 826 567 verbo

122 589 263 618 seducere
278 587 354 618 vide
370 587 473 618 etiam
491 587 533 618 ad
554 588 678 618 Lucan.
696 595 735 618 ιι.
751 589 826 617 474.

123 641 160 668 et
193 636 313 668 Heius.
343 636 385 666 ad
424 635 527 667 Ovid.
561 637 649 667 Fast.
679 645 726 667 iv.
754 638 826 667 384.

123 687 132 703 ‘
150 687 254 718 Plura
271 687 413 718 locuturi
430 687 544 718 subito
560 687 751 718 seducimur
768 686 826 717 im-

124 737 208 768 bre.¹
247 738 337 769 Dein
354 749 390 769 ac
404 748 465 779 pro
480 742 510 769 et
527 738 696 778 rescripsi,
712 742 827 769 aucto-

124 788 226 820 ritate
252 789 334 820 Mss.
359 789 505 820 omnium
530 794 566 820 et
589 788 676 820 Edd.
705 789 827 829 prima-

125 847 214 869 rum.

168 892 188 920 6
215 888 258 919 Ut
269 888 434 920 tribunitia
448 888 626 920 intercessio
639 889 733 920 armis
742 892 828 919 nota-

124 941 226 978 retur,
239 942 330 978 atque
344 939 579 979 opprimeretur,
591 950 656 979 quoe
667 939 830 979 superiori·

124 988 181 1019 bus
210 988 302 1019 annis
330 992 407 1020 esset
435 990 597 1031 restituto]
626 990 828 1021 Ciacconius

125 1039 230 1079 legit:
254 1042 289 1069 ut
312 1040 477 1070 tribunitio
500 1043 637 1080 potestas
659 1040 697 1070 ab
717 1039 758 1070 iis
777 1049 828 1070 no-

125 1092 259 1127 taretur,
288 1092 378 1129 atque
411 1090 647 1130 opprimeretur,
674 1100 693 1133 ᾳ
721 1089 830 1130 quibus

124 1139 329 1178 super-imbus
345 1139 434 1169 annis
448 1142 522 1169 esset
534 1139 691 1169 restituta.
727 1139 828 1177 Nam,

127 1189 252 1229 inquit,
264 1189 291 1218 si
310 1189 483 1220 tribunitia
497 1189 696 1220 intercessio
709 1189 830 1220 amissa

128 1247 196 1269 non
229 1242 292 1277 est,
322 1238 490 1279 quomodo
522 1239 655 1269 restitui
691 1239 829 1279 potuit?

124 1287 193 1320 Sed
208 1297 273 1319 non
301 1288 478 1329 distinguit
509 1288 708 1320 Ciacconius
742 1289 831 1319 inter

128 1338 416 1377 intercessionem,
444 1348 543 1379 quam
571 1339 631 1369 sub
655 1339 749 1369 Sulla
774 1339 830 1369 ha-

127 1391 275 1423 bueruut
297 1391 451 1430 Tribuni,
468 1391 509 1422 ab
527 1400 566 1421 ea
584 1400 681 1432 quam
698 1396 777 1422 ante
797 1396 832 1422 et

128 1446 207 1482 post
222 1442 313 1473 illum
330 1442 532 1474 habuerunt.
558 1443 646 1474 Nam
663 1443 725 1475 sub
740 1444 834 1475 Sulla

129 1491 276 1523 tribunis
292 1492 427 1523 ademta
440 1498 495 1524 est
511 1494 654 1525 nocendi
670 1499 831 1534 potestas.

129 1541 315 1582 Pompeius
333 1551 407 1573 eam
420 1543 582 1574 reddidit.
613 1543 748 1585 Alioqui
765 1555 832 1576 non

130 1592 220 1624 mala
234 1592 307 1632 ejus
323 1593 541 1633 conjectura:
566 1594 623 1625 sed
642 1595 696 1625 vix
712 1595 832 1626 dubito

129 1642 299 1673 Caesarem
316 1643 490 1683 scripsisse
505 1650 542 1675 ut
558 1644 591 1675 in
608 1645 753 1685 vulgatis
770 1651 832 1677 est.

130 1692 172 1723 In
190 1692 298 1723 tribus
316 1698 429 1723 tamen
447 1693 558 1733 mstis,
574 1701 735 1735 corrupto
751 1696 833 1736 legi-

129 1748 198 1781 tur,
214 1746 248 1772 ut
262 1742 429 1773 tribunitia
453 1743 626 1775 intercessio
641 1746 736 1775 armis
749 1749 834 1777 uoto-

128 1796 228 1832 retur,
242 1794 333 1832 atque
355 1793 588 1833 opprimeretur,
610 1805 677 1834 quoe
699 1797 835 1836 superio-

127 1843 213 1873 ribus
235 1844 324 1872 unm
349 1844 445 1873 armis
466 1848 543 1875 esset
572 1846 731 1877 restituta.
761 1847 834 1877 Vos-

130 1893 205 1924 sius.
244 1893 402 1933 C-onjecit
418 1894 520 1924 etiam
538 1896 696 1927 Ciaccon.
721 1907 788 1937 quoe
808 1908 833 1927 s.

130 1943 220 1974 annis
239 1944 336 1974 armis
358 1947 433 1975 essct
456 1948 644 1977 constituta.-
669 1947 835 1989 quomodo

129 1994 269 2026 Sallust.
283 1995 316 2025 in
333 1995 498 2026 Oratione
510 1998 629 2037 Lepidi
642 1998 728 2029 dicit
742 2000 750 2014 ‘
763 1999 836 2029 Tri-

133 2044 302 2076 bonit-iam
318 2050 520 2086 potestatem
539 2057 600 2087 per
617 2058 709 2079 arma
723 2049 837 2080 condi-

134 2099 202 2126 tam
219 2105 239 2125 a
263 2097 470 2136 majoribus?
507 2098 551 2128 Et
569 2108 646 2128 sane
664 2109 727 2129 vox
743 2100 840 2130 armis

136 2144 275 2175 additur
299 2146 331 2175 in
358 2146 440 2176 Mss.
470 2147 623 2177 omnibus
640 2153 677 2179 et
690 2148 778 2179 Edd.
796 2149 837 2179 ad

134 2195 344 2235 Scaligerum
374 2204 497 2236 usque:
544 2201 573 2227 st
603 2199 697 2229 armis
729 2200 837 2240 Boug.

135 2245 230 2276 Leid.
259 2255 326 2277 sec.
352 2251 388 2277 et
411 2246 571 2278 Ciaccon.
611 2248 745 2279 Primus
762 2249 839 2288 ejici

135 2295 173 2326 τὸ
199 2296 296 2327 armis
323 2297 428 2328 suasit
455 2297 537 2328 Ant.
564 2297 788 2339 Augustinus,
805 2306 840 2331 et

137 2347 214 2378 dein
229 2347 478 2386 Hotomannus,
496 2348 552 2388 qui
569 2348 670 2379 etiam
684 2350 840 2389 conjicie-

137 2397 197 2428 bat
222 2398 288 2428 siue
311 2398 423 2427 armis:
457 2398 535 2439 quia
561 2407 625 2429 non
645 2400 756 2439 armis,
781 2400 840 2430 sed

137 2449 308 2488 lege,eam
327 2449 495 2479 restituit:
512 2453 546 2479 at
559 2451 655 2479 armis
672 2450 843 2490 Rempnb-

134 2498 236 2530 licam
279 2499 375 2539 quasi
406 2497 593 2539 subjectam
637 2505 707 2531 tuin
738 2500 840 2531 habe-

133 2547 220 2578 baut
233 2549 373 2579 Crassus
387 2554 421 2579 et
438 2549 618 2589 Pompeius
631 2550 725 2580 Coss.
738 2560 841 2591 quare

137 2598 255 2638 potuit
278 2599 327 2629 ita
349 2597 392 2629 ad
416 2599 577 2630 invidiam
597 2600 761 2641 Pompeio
778 2610 844 2631 ma-

130 2649 244 2689 jorem
270 2647 479 2680 conflandam
509 2650 685 2690 scripsisse
715 2651 842 2682 Caesar.

138 2699 380 2740 Propugnasse
397 2709 433 2731 se
449 2701 536 2731 hanc
554 2711 673 2731 vocem
690 2701 722 2731 in
738 2701 843 2742 suspi-

136 2749 272 2780 cionum
296 2750 418 2782 libellis
432 2751 467 2781 in
482 2751 570 2782 notis
587 2752 656 2782 suis
673 2752 727 2783 hic
744 2753 844 2784 etiam

137 2799 259 2830 scribit
274 2799 460 2831 Gruterus:
486 2805 522 2831 at
541 2811 607 2842 quo
632 2808 845 2843 argumento,

222 2853 337 2893 Delph.
351 2856 383 2884 et
403 2854 477 2886 Γπ.
496 2856 580 2886 Clas.

809 2857 917 2888 Coesar

1461 232 1574 292 134⁵

875 346 940 367 non
952 337 1058 370 addit.
1083 339 1251 370 Mstorum
1262 338 1516 379 lectionemlego
1526 347 1576 370 re—

877 388 1006 418 vocavi.
1020 389 1179 419 Ceterum
1190 389 1276 420 male
1289 389 1340 419 vir
1351 388 1470 420 doctus
1482 389 1579 420 nuda-

876 439 963 465 retur
979 437 1137 476 conjecit.
1174 439 1287 469 Noturi
1303 439 1364 469 liae
1380 439 1413 469 in
1430 448 1467 470 re
1484 439 1578 470 adhi-

878 485 947 516 buit
962 487 1063 517 etiam
1082 488 1202 519 Cicero
1219 489 1260 518 ad
1280 489 1352 520 Au.
1378 491 1440 530 Ep.
1456 499 1522 521 Πι.
1544 492 1577 522 8.

877 540 885 552 ⁴
904 535 1075 567 Tribunus
1100 538 1209 577 plebis
1225 545 1358 570 notatus
1374 540 1392 570 ι’
1416 550 1513 580 quem
1529 541 1577 572 lo·

877 594 951 615 cum
966 586 1122 626 adposite
1146 587 1265 618 citavit
1284 589 1355 629 jam
1379 589 1468 620 idem
1485 590 1580 622 Ciac·

877 635 1004 666 conius.

921 688 960 716 10
986 686 1050 721 Qui
1071 687 1214 718 amissam
1234 689 1404 721 restituisse
1425 689 1580 730 videatur]

878 734 932 766 lta
954 735 1109 768 ediderat
1136 738 1306 778 Scaliger:
1332 739 1364 769 in
1387 740 1460 770 aliis
1479 739 1579 771 editis

878 790 940 825 est,
964 787 1016 826 qui
1041 787 1172 818 amissa.-
1200 794 1378 829 utrumque
1408 794 1516 830 recte,
1544 794 1581 820 et

878 836 1011 875 ambigo
1028 841 1138 868 utrum
1159 838 1334 878 praeferam
1350 850 1357 869 :
1384 840 1410 870 si
1433 840 1494 871 hoc
1511 849 1579 870 ma-

880 885 940 925 vis,
956 884 1104 918 refertur
1119 897 1185 919 vox
1200 889 1313 920 uniisse:
1337 889 1379 920 ad
1402 890 1460 920 illa
1482 891 1581 921 omni-

879 935 934 965 bus
945 935 1054 973 rebus;
1071 937 1098 967 si
1115 939 1269 978 amissam,
1282 938 1372 970 refer
1389 940 1431 970 ad
1449 941 1580 971 tribum·-

879 987 925 1017 tia
937 991 1102 1027 potestate.
1131 990 1263 1021 Vossius.
1298 991 1381 1021 Mss.
1398 991 1526 1022 Elienc.
1544 996 1581 1023 et

879 1037 989 1068 X'ossii
1006 1038 1129 1079 aliique
1146 1040 1283 1079 liabent,
1295 1042 1345 1080 qui
1361 1042 1480 1072 amissa
1495 1042 1583 1072 resti-

880 1088 975 1118 tuis-se
990 1089 1132 1119 rideatur
1145 1090 1232 1126 bona,
1248 1091 1341 1121 etiam
1355 1092 1492 1131 quoe,&c.
1514 1092 1582 1122 Ms.

881 1137 966 1177 neg.
977 1139 1084 1168 nedum
1094 1140 1207 1169 amissa
1218 1141 1399 1179 restituisse,
1409 1142 1460 1179 tyc.
1474 1142 1582 1172 Clark.

880 1188 1004 1219 Amissa
1028 1189 1115 1220 Mss.
1139 1190 1297 1228 Victorii,
1327 1192 1475 1230 Brantii,
1500 1192 1583 1223 item

881 1238 1002 1270 Petav.
1019 1239 1094 1270 Pal.
1109 1240 1232 1280 Scalig.
1251 1241 1348 1272 Leid.
1371 1251 1420 1282 pr.
1436 1252 1504 1273 sec.
1521 1243 1584 1274 Lo-

882 1298 957 1319 van.
974 1289 1083 1320 Dorv.
1105 1290 1263 1330 Bongars.
1279 1296 1315 1322 et
1332 1292 1386 1322 alii
1402 1301 1477 1322 cum
1494 1292 1582 1323 Edd.

882 1338 974 1377 Aldi,
1005 1339 1167 1379 Plautini,
1195 1341 1413 1382 pluribusque
1429 1352 1436 1372 :
1470 1343 1586 1372 amissa

883 1393 977 1418 recte
1007 1388 1077 1418 sive
1104 1388 1146 1418 ad
1176 1389 1254 1419 dona
1277 1389 1418 1429 referas,
1448 1390 1518 1422 sive
1541 1391 1584 1422 ad

882 1438 1020 1469 omnibus
1043 1438 1140 1470 rebus.
1187 1440 1285 1479 Saepe
1310 1440 1399 1470 enim
1423 1440 1487 1470 illis
1511 1440 1586 1472 snb-

877 1489 978 1530 jungi
1005 1491 1090 1522 solet
1122 1501 1226 1532 genus
1254 1497 1423 1524 neutrum.
1470 1492 1586 1524 Adeas

883 1540 982 1569 modo
999 1541 1050 1572 Cl.
1067 1541 1218 1572 Cortium
1234 1542 1274 1573 ad
1288 1542 1424 1573 Sallust.
1443 1544 1484 1574 B.
1501 1543 1584 1584 Jug.

883 1599 914 1619 c.
928 1593 980 1621 41.
998 1591 1006 1607 ‘
1020 1590 1226 1622 abundantia
1243 1601 1357 1622 earum
1373 1602 1498 1633 rerum,
1511 1603 1585 1634 quae

883 1640 992 1679 prima
1005 1642 1165 1672 mortaies
1181 1640 1333 1683 ducunt,'
1352 1647 1387 1673 et
1404 1642 1454 1674 Cl.
1470 1644 1586 1674 Burms

885 1690 926 1720 ad
948 1690 1064 1721 Phaed.
1089 1700 1137 1722 xv.
1162 1695 1194 1722 l.
1217 1696 1248 1723 5.
1278 1703 1317 1723 ac
1344 1694 1438 1725 Suet.
1464 1694 1586 1726 Claud.

885 1749 916 1771 c.
932 1743 984 1771 38.
1004 1751 1106 1781 supra
1123 1741 1164 1772 ad
1182 1751 1222 1773 11.
1241 1746 1293 1774 21.
1311 1748 1345 1774 et
1362 1753 1419 1774 ιιι.
1436 1747 1463 1775 l.
1487 1744 1587 1776 Adde

885 1801 936 1823 ιν.
955 1796 1005 1823 17.
1037 1794 1216 1826 Drakeub.
1240 1801 1275 1827 et
1297 1796 1431 1828 Duker.
1455 1797 1495 1827 ad
1514 1797 1588 1828 Liv.

886 1851 910 1871 1.
928 1845 979 1872 31.
999 1847 1111 1875 ιν.54.
1136 1845 1227 1876 Hinc
1249 1846 1440 1886 junguntur
1463 1847 1590 1887 passim

886 1893 960 1923 filia
986 1903 1099 1933 rerum,
1126 1895 1254 1926 minima
1270 1907 1397 1937 serum,
1413 1897 1521 1927 ultima
1544 1907 1591 1929 re-

887 1953 968 1983 rum,
985 1950 1020 1976 et
1033 1945 1165 1978 similia.
1199 1947 1358 1978 Ceterum
1375 1948 1483 1978 nedum
1499 1948 1591 1978 amis·

887 2002 921 2022 sa
938 2003 963 2023 r.
983 1994 1141 2025 ridebatur
1158 2000 1209 2026 est
1224 1997 1327 2027 etiam
1353 1998 1385 2027 in
1406 1998 1501 2028 Leid.
1519 2008 1588 2029 sec.

890 2049 924 2075 et
941 2045 1050 2085 Bong.
1075 2046 1174 2076 male.
1210 2046 1279 2077 Pro
1301 2048 1380 2077 dona
1404 2048 1500 2078 Leid.
1522 2058 1590 2079 sec.

890 2094 992 2124 habet
1008 2104 1124 2125 cerum.
1163 2096 1256 2126 Dein
1277 2097 1433 2136 rescripsi
1449 2097 1593 2128 habuerit

890 2153 965 2173 cum
991 2143 1078 2174 Edd.
1103 2145 1205 2175 Vasc.
1223 2145 1291 2175 Str.
1311 2146 1430 2186 Stepb.
1445 2146 1594 2178 Victorii

890 2200 926 2223 et
946 2194 1017 2224 aliis
1043 2203 1120 2225 cum
1137 2195 1222 2226 Cod.
1258 2195 1378 2226 Petav.
1405 2201 1440 2226 et
1466 2197 1592 2228 Lovan.

893 2252 952 2283 pro
983 2245 1119 2284 vulgato
1159 2245 1321 2285 habuerat,
1363 2246 1452 2286 quod
1483 2256 1502 2277 e
1534 2256 1593 2278 suo

875 2293 1019 2324 .Codice
1047 2293 1194 2325 obtrusit
1223 2295 1362 2326 Hotom.
1390 2305 1595 2337 quamquam

891 2344 979 2374 malo
1008 2344 1182 2384 habuerint,
1205 2346 1336 2376 scilicet
1363 2346 1492 2376 tribuni.
1537 2347 1595 2378 Sic

892 2393 980 2423 enim
1011 2400 1173 2425 exaratur
1200 2395 1234 2426 in
1264 2395 1386 2436 Scalig.
1414 2395 1510 2428 Leid.
1541 2406 1600 2437 pr.»

892 2453 960 2475 sec.
974 2445 1082 2485 Bong.
1098 2446 1194 2476 Voss.

936 2499 974 2526 ll
999 2497 1093 2528 Dona
1118 2497 1214 2528 etiam
1243 2508 1310 2538 quoe
1335 2501 1406 2528 ante
1432 2496 1595 2536 habuerat]

892 2546 1064 2578 Victorius
1089 2549 1224 2588 legebat
1241 2548 1329 2589 bona,
1353 2550 1492 2579 multum
1520 2556 1595 2587 pro-

894 2596 998 2628 bante
1013 2598 1136 2629 Ursino
1159 2603 1194 2630 et
1213 2599 1416 2630 Ciacconio:
1442 2608 1504 2637 ego
1520 2607 1598 2628 exu-

895 2647 965 2677 lare
982 2656 1056 2678 eam
1072 2649 1318 2689 vocemjubeo.
1364 2649 1501 2678 Donum
1532 2651 1597 2686 est,

895 2697 984 2738 quod
1007 2698 1168 2739 largimur
1190 2699 1301 2730 alieni.
1348 2699 1440 2738 Sylla
1463 2699 1598 2729 caeteris

895 2747 1052 2787 ademtis,
1088 2749 1364 2780 intercessionem
1400 2754 1511 2779 tamen
1533 2748 1598 2779 lar-

895 2797 984 2837 gitus
997 2803 1072 2829 erat
1087 2799 1247 2830 Tribunis
1261 2809 1268 2829 :
1293 2798 1374 2840 quid
1391 2798 1597 2830 commodius

1435 2860 1510 2893 40
