1883 3121
231 207 343 253 1:382

227 315 320 356 teret]
345 315 400 346 Sic
418 314 493 345 Pet.
509 323 642 355 quoque
662 318 698 345 et
719 315 826 356 Bong.
853 315 931 346 Non

228 368 314 398 male
330 367 440 398 Palat.
453 370 488 395 et
501 365 601 396 editt.
616 366 712 396 Rom.
727 366 813 398 Ven.
828 367 932 398 Bero-

227 417 309 453 ald.,
321 416 488 456 probante
505 416 560 446 Fr.
575 415 804 455 Hotomanno,
823 417 932 457 quibus

225 470 316 507 parte
329 467 433 506 aliqua
449 465 587 496 Sicorem
603 470 766 498 averteret.
797 468 930 499 Vossius.

227 519 311 548 Cum
327 516 383 547 alii
395 517 596 558 omnesMss.
611 517 792 555 retineant,
806 522 931 558 partem

226 567 380 606 aliquam3
414 567 564 605 legerem
588 568 710 607 potius,
734 572 854 608 partem
877 570 931 599 ali-

226 626 318 656 quam
342 615 486 648 Sicorim.
532 617 617 649 Quae
645 623 697 649 est
721 621 931 650 constructio

228 666 354 697 Caesari
392 665 579 698 familiaris.
633 670 740 700 Clark.
807 671 931 701 Loran.

225 725 361 758 quoque
375 723 410 748 et
423 718 566 748 Dorvill.
579 722 668 758 parte
680 720 784 759 aliqua
796 719 933 749 Sicorem

226 777 301 798 cum
315 768 378 799 Ed.
391 769 532 800 Mediol.
547 769 667 800 Sit-oros
682 770 774 800 Lcid.
788 780 839 810 pr.
855 771 932 801 Non

227 818 315 849 male
349 819 490 859 conjicit
517 819 684 850 Clarkius.
724 820 811 850 Vide
835 821 876 851 ad
909 829 934 851 1.

229 870 280 898 12.
304 869 401 899 B.G.
428 873 463 899 ct
488 878 536 900 iv.
563 872 591 899 l.
631 870 698 900 Sed
723 874 759 901 et
781 875 869 910 parte
898 872 932 903 in

227 916 390 948 Ablativo
406 923 548 958 usurpat
565 920 691 950 Czesar.
727 919 795 950 Adi
809 921 850 951 ad
866 929 930 952 vn.

226 970 281 997 08.
314 967 432 997 Tutius
446 972 498 998 est
521 968 603 998 nihil
627 972 770 1008 mutare,
785 974 821 1001 et
844 971 932 1012 qnod

229 1017 363 1057 plurimi
381 1023 416 1049 ct
439 1018 557 1058 optimi
575 1018 718 1050 Codices
742 1019 836 1060 daut,
854 1022 932 1052 reti·

228 1077 322 1098 nere.

271 1121 291 1148 9
317 1119 398 1159 Ipsis
412 1120 486 1150 locis
511 1121 670 1161 excedere]
706 1121 746 1152 In
772 1122 845 1152 aliis
860 1123 933 1163 ipsi,

230 1169 295 1199 Ms.
331 1169 438 1199 Norv.
471 1170 520 1200 his
546 1170 619 1200 locis
649 1172 805 1211 excedere,
832 1182 933 1212 quam

228 1220 431 1260 scripturam
449 1225 591 1260 utraque
605 1221 752 1252 lectione
761 1222 932 1254 meliorem

226 1269 387 1299 arbitror.
441 1269 620 1300 Ciacconio
656 1279 697 1300 ex
737 1272 933 1312 conjectura

227 1321 357 1362 placuit
387 1321 427 1351 iis
453 1322 537 1359 locis,
563 1321 652 1361 quod
683 1322 804 1353 eodem
833 1324 932 1356 redit.

233 1371 350 1401 Dacis.
369 1370 508 1400 lislocis.
526 1370 581 1400 lta
597 1371 725 1410 optime
735 1372 932 1405 Ciacconius

228 1428 270 1450 ex
306 1419 501 1459 conjectura
548 1420 797 1452 restituendum
835 1422 933 1455 vidit.

229 1469 341 1501 Quam
381 1468 563 1499 lectionem
602 1469 634 1499 in
671 1471 738 1501 Ms.
771 1471 933 1513 deinceps

231 1518 358 1549 Eliensi
385 1519 539 1558 repperit
571 1519 744 1551 Davisius.
782 1522 934 1563 Scaliger

228 1568 350 1609 aliique
369 1578 497 1607 omnes,
508 1569 584 1609 ipsis
599 1570 683 1609 locis,
699 1572 833 1612 vel,ipsi
847 1574 931 1604 locis.

229 1619 380 1651 Quorum
394 1625 574 1660 utrumque
588 1620 783 1661 languidum
797 1632 932 1662 prorsus

225 1673 260 1699 et
278 1669 440 1709 ineptum.
474 1671 580 1702 Clark.
609 1670 693 1702 Cum
715 1676 828 1703 tamen
848 1675 931 1706 Mss.

226 1728 341 1750 omnes
367 1724 403 1750 et
433 1720 521 1751 Edd.
543 1725 627 1751 vett.
653 1722 838 1754 exhibeant
861 1724 932 1766 ipsi,

225 1768 259 1798 id
274 1769 408 1800 omnino
426 1770 641 1800 retinendum
655 1771 785 1811 judico.
815 1774 929 1806 Quare

224 1820 384 1860 rescripsi
408 1821 466 1861 ipsi
483 1821 558 1851 iisl.
599 1823 792 1854 Facillimus
816 1825 929 1865 lapsus

225 1880 267 1900 ex
285 1871 380 1910 ipsius
395 1882 453 1902 seu
469 1872 496 1901 is
513 1872 543 1902 in
557 1873 642 1912 ipsis.
676 1873 740 1912 Ipsi
751 1874 837 1913 jam,
852 1885 928 1905 cnm

224 1926 328 1952 antea
345 1922 434 1951 visns
447 1927 538 1952 esset
557 1923 674 1953 Caesar
689 1924 855 1954 excedere
873 1925 930 1955 dc-

223 1970 306 2002 berc
337 1971 401 2001 illis
424 1971 505 2002 locis
532 1972 574 2002 ob
605 1972 825 2013 incommoda,
853 1986 928 2016 quae

224 2021 354 2052 retulit.
381 2021 437 2052 Sic
461 2032 491 2052 c.
507 2025 538 2052 9.
565 2022 574 2037 ‘
593 2022 662 2062 Ipsi
681 2024 853 2055 exercitus
880 2025 929 2055 di·

223 2071 380 2102 niittant'
397 2076 432 2103 et
450 2072 643 2112 saepissime.
671 2074 712 2103 B.
731 2074 803 2105 Civ.
822 2083 860 2106 11.
876 2079 927 2108 31.

223 2122 232 2138 ⁴
258 2121 339 2161 Ipse
368 2121 548 2152 deficiam!
588 2123 668 2162 Ipsis
699 2124 771 2154 locis
800 2125 928 2167 alioqui

223 2172 389 2211 explicari
424 2176 541 2212 posset
569 2182 630 2212 pro
654 2173 696 2203 iis
723 2174 799 2214 ipsis
828 2176 847 2205 l.
883 2177 926 2207 V.

222 2222 373 2252 Gronov.
393 2221 436 2252 ad
454 2223 527 2253 Liv.
545 2232 579 2253 v.
594 2225 648 2253 43.
672 2224 731 2254 Uti
747 2225 851 2256 etiam
869 2227 926 2257 aii-

223 2272 357 2312 quoties
373 2272 436 2313 ipse
453 2282 512 2312 pro
525 2283 580 2311 ego
591 2273 655 2313 ipse
667 2275 827 2306 occurrit.

268 2325 306 2353 12
329 2323 497 2363 Imperium
513 2323 648 2354 absentis
663 2324 828 2365 timebant]
853 2327 929 2358 His-

224 2373 386 2403 toriarum
404 2373 503 2413 periti
519 2374 600 2404 satis
616 2374 813 2416 intelligunt
831 2377 928 2409 Pom-

223 2423 337 2464 peium
372 2424 541 2462 denotari,
578 2424 634 2465 qui
672 2435 747 2456 cum
784 2427 927 2459 Metello

224 2473 350 2505 bellum
379 2474 610 2505 Sertorianum
634 2474 794 2507 confecit.
840 2479 927 2510 Vide

222 2525 314 2556 inter
327 2525 408 2556 alios
424 2526 559 2556 Florum
575 2535 630 2557 111.
648 2530 699 2557 22.
731 2529 865 2560 Durum
882 2535 928 2562 ta-

223 2584 300 2606 men
318 2580 382 2615 est,
406 2581 443 2607 ut
466 2586 586 2608 nomen
609 2577 692 2607 illud
717 2578 779 2609 hoc
802 2579 834 2609 in
854 2581 928 2612 loco

224 2626 458 2666 subaudiatur,
476 2637 551 2657 cum
575 2627 617 2658 de
636 2628 797 2669 Pompeio
815 2632 927 2671 proxi-

223 2686 277 2707 me
293 2687 357 2708 non
372 2683 505 2719 agatur.
529 2677 596 2718 An,
611 2688 693 2709 voce
708 2682 926 2722 transposita,

223 2727 403 2767 legendum
431 2729 601 2769 Imperium
628 2729 763 2762 absentis
785 2732 928 2774 Pompeii

223 2777 393 2810 timebant.-
421 2789 487 2820 (μα’
514 2780 548 2811 in
573 2780 714 2813 amicitia
739 2787 927 2826 manserunt,

704 215 845 250 NO'TAE
878 218 1140 252 VARIORUM
1175 221 1225 253 IN

982 317 1103 356 magnis
1129 316 1250 357 qffertoe
1273 315 1436 358 beneficiis,
1461 314 1539 355 &cst
1579 315 1681 347 Certe

981 368 1105 398 clarior
1120 368 1224 398 multo
1239 372 1273 398 ct
1289 367 1441 407 apertior
1451 366 1495 397 sit
1505 367 1683 398 sententia.

983 418 1091 450 Dacis.
1116 418 1296 457 Ingeniose
1309 417 1455 458 quidem.
1477 416 1603 446 Verum
1619 425 1685 447 non

982 468 1126 498 insolens
1142 473 1195 498 cst
1217 468 1318 498 etiam
1336 467 1472 507 optimis
1490 466 1687 505 Autoribus,

984 518 1014 547 in
1045 518 1212 548 sententia
1239 517 1428 553 bimembri,
1455 516 1685 556 Antecedens,

983 566 1071 607 quod
1090 567 1130 596 ud
1148 571 1325 608 utramque
1351 572 1483 607 partem
1502 566 1686 607 pertineat,

984 619 1016 648 in
1039 617 1264 657 posteriorem
1282 624 1414 658 partein
1439 618 1618 649 sententiae
1636 627 1686 648 re-

979 668 1103 708 jicere.
1136 669 1244 699 Clark.

1027 720 1064 748 15
1101 717 1182 748 Hinc
1208 725 1335 756 magnos
1361 718 1527 757 equitatu-s]
1560 719 1685 748 Rarum

982 767 1059 806 hoc,
1080 773 1117 798 ut
1140 768 1292 807 equitatus
1312 777 1376 798 vox
1401 767 1434 797 in
1459 767 1579 807 plurali
1596 775 1689 796 usur·

984 823 1098 858 petur.
1136 819 1271 849 Vossius.
1310 817 1438 848 Rarum
1466 817 1588 847 asserit
1609 817 1690 847 Vos-

983 868 1064 907 sius,
1081 872 1118 898 ut
1143 869 1301 908 equitatus
1317 877 1381 898 vox
1406 868 1438 898 in
1455 868 1578 907 plurali
1595 876 1687 897 usur-

983 923 1099 958 petur.
1136 919 1293 958 Scriptor
1308 923 1420 948 tamen
1435 918 1477 948 de
1493 918 1579 948 Bell.
1607 917 1684 948 His-

984 978 1062 1009 pan.
1080 979 1110 999 c.
1128 971 1179 999 36.
1209 969 1218 984 ‘
1236 968 1454 999 Peditatibus
1478 973 1512 999 et
1529 967 1688 1009 equitati-

984 1019 1044 1049 bus
1068 1019 1110 1049 ad
1139 1019 1407 1060 persequendum
1437 1019 1597 1050 celeriter
1622 1019 1688 1049 iter

984 1068 1135 1099 faciens!
1189 1069 1307 1099 Florus
1336 1078 1391 1099 ιιι.
1421 1072 1472 1100 11.
1499 1071 1530 1099 8.
1571 1068 1580 1084 ‘
1603 1069 1686 1098 Tum

985 1120 1056 1150 sine
1074 1128 1166 1149 mora
1183 1118 1380 1150 circumfusi
1398 1118 1544 1159 undique
1562 1117 1689 1158 equita-

985 1169 1063 1199 tus!
1113 1169 1201 1200 ltein
1239 1168 1305 1200 alii.
1359 1169 1468 1199 Daris.
1521 1167 1606 1198 Vide
1645 1167 1686 1198 ad

985 1229 1031 1251 Vl.
1056 1222 1088 1250 7.

1029 1274 1068 1302 18
1099 1271 1285 1310 Conquirere
1301 1274 1330 1300 et
1349 1271 1386 1301 0.
1398 1269 1524 1309 adduci]
1568 1270 1691 1302 Placet

985 1321 1204 1352 Hotomanno
1219 1320 1367 1361 conquiri,
1383 1321 1472 1361 quod
1496 1325 1531 1351 et
1547 1330 1616 1351 orte
1636 1320 1688 1351 sui

984 1370 1110 1401 codicis
1142 1370 1270 1401 adlevit
1296 1370 1350 1401 111.
1380 1369 1553 1409 Heinsius,
1586 1375 1688 1411 atque

985 1421 1032 1451 ita
1053 1421 1236 1452 ediderunt
1256 1421 1398 1451 Vascos.
1422 1421 1490 1451 Str.
1514 1421 1633 1460 steph.
1656 1425 1692 1451 et

985 1471 1118 1511 Gryph.
1151 1476 1238 1510 post.
1278 1471 1344 1502 Sed
1377 1470 1492 1501 invitis
1524 1470 1692 1509 omuibus,

985 1521 1075 1561 quod
1101 1521 1216 1559 sciam,
1239 1521 1321 1552 Mss.
1345 1521 1477 1561 Saepius
1503 1525 1575 1551 tum
1599 1520 1694 1559 alibi,

985 1577 1055 1603 tum
1081 1582 1183 1613 supra
1209 1572 1398 1611 habuimus,
1418 1571 1512 1609 jubeo
1537 1571 1688 1602 construi

988 1631 1065 1653 cuin
1094 1621 1259 1653 infinitivo
1288 1620 1427 1659 Activo,
1451 1620 1691 1652 subintellecto

987 1672 1113 1704 milites.
1139 1672 1182 1703 V.
1198 1671 1362 1702 Iudicem.
1379 1670 1447 1702 Sed
1461 1676 1496 1702 et
1509 1679 1584 1701 cum
1600 1669 1694 1701 Acti-

987 1732 1030 1753 vo
1046 1726 1086 1762 et·
1102 1722 1234 1762 passivo
1257 1720 1407 1752 construi
1427 1720 1526 1750 simul
1549 1719 1690 1750 vidimus

988 1772 1031 1802 ad
1056 1772 1183 1803 Lucan.
1211 1780 1246 1801 x.
1275 1773 1348 1802 347.
1380 1770 1389 1786 ⁴
1409 1775 1445 1801 ut
1472 1769 1559 1800 colla
1588 1769 1689 1800 ferire

988 1823 1144 1860 Caesaris,
1153 1826 1187 1852 et
1199 1831 1352 1852 socerum
1360 1821 1460 1861 jungi
1470 1820 1542 1858 tibi,
1552 1821 1690 1860 Magne,

980 1871 1143 1911 juberet!
1159 1870 1338 1903 Quomodo
1349 1870 1437 1900 idem
1449 1878 1471 1900 1.
1484 1872 1558 1902 539.
1573 1871 1581 1885 ‘
1593 1871 1689 1900 Mon-

984 1920 1160 1960 strajubet
1178 1920 1332 1959 primum,
1351 1928 1426 1959 quae
1444 1919 1536 1950 nullo
1561 1919 1688 1949 semine

985 1971 1112 2002 discors
1137 1971 1333 2002 Protulerat
1358 1975 1492 2009 natura,
1514 1970 1599 2010 rapi,
1623 1974 1690 2000 ste-

985 2022 1108 2062 rilique
1138 2020 1300 2052 nefandos
1324 2021 1376 2051 Ex
1405 2025 1502 2051 utero
1530 2018 1621 2051 fetus
1644 2020 1690 2051 in-

985 2072 1102 2104 faustis
1118 2082 1216 2103 urere
1233 2071 1398 2103 flammis!

1029 2132 1119 2155 inr.
1146 2126 1164 2153 3
1198 2123 1277 2153 Rem
1303 2120 1489 2161 deduxerat]
1537 2120 1592 2152 Ita
1615 2122 1688 2152 Ma-

984 2174 1110 2212 nutius,
1128 2174 1285 2205 Ciaccon.
1310 2173 1431 2203 Brant.
1455 2171 1690 2212 conjecerunt,

984 2225 1033 2255 uti
1046 2224 1226 2265 aliquoties
1243 2223 1362 2254 scribit
1377 2232 1453 2254 cum
1469 2223 1542 2253 aliis
1557 2227 1691 2261 noster3

985 2285 1062 2307 cum
1086 2274 1120 2305 in
1137 2274 1282 2315 vulgatis
1296 2278 1388 2305 esset
1410 2275 1566 2305 duxerat.—
1587 2277 1690 2314 atque

985 2327 1035 2358 ita
1049 2327 1156 2358 Dorv.
1181 2327 1308 2357 Verum
1333 2336 1447 2357 eornm
1466 2327 1547 2358 Mss.
1565 2331 1601 2358 et
1625 2326 1689 2357 mei

985 2377 1093 2407 ceteri
1134 2375 1261 2407 habent
1297 2386 1372 2408 cuin
1410 2376 1550 2407 Achillis
1585 2375 1686 2407 Statii

986 2429 1084 2468 libro,
1113 2429 1195 2459 item
1223 2428 1311 2459 Edd.
1342 2429 1446 2459 Vasc.
1474 2428 1542 2458 Str.
1570 2427 1690 2467 steph.

989 2481 1123 2521 Gryph.
1141 2484 1230 2521 post.
1255 2480 1314 2510 huc
1330 2480 1399 2518 jam
1423 2480 1588 2509 redu-terat
1613 2487 1689 2509 rem.

986 2532 1086 2564 Quod
1096 2531 1206 2562 forsan
1227 2540 1293 2561 non
1310 2529 1535 2570 spernendum
1552 2534 1614 2559 est.
1639 2529 1687 2559 Rc

985 2591 1075 2622 saepe
1092 2581 1244 2612 abundat
1267 2580 1338 2611 fere
1363 2580 1395 2609 in
1421 2577 1636 2618 Compositis,
1652 2584 1691 2609 ut

985 2632 1076 2673 apud
1092 2636 1243 2662 nostrum
1259 2629 1422 2667 resarcire,
1439 2628 1632 2667 renunciare,
1643 2637 1691 2658 re-

983 2682 1095 2721 tinere,
1112 2686 1147 2712 et
1160 2681 1225 2711 alia
1237 2691 1246 2718 ;
1259 2679 1432 2720 dequibus
1450 2688 1509 2709 suo
1524 2676 1690 2710 loco.'sed

984 2737 1020 2764 et
1043 2741 1158 2763 verum
1184 2735 1249 2770 est,
1272 2729 1396 2770 passim
1420 2729 1559 2768 educere,
1577 2729 1686 2760 deduc.

982 2783 1085 2815 reduc.
1119 2785 1155 2813 et
1185 2781 1292 2811 ducere
1324 2779 1359 2810 iu
1401 2779 1482 2810 Mss.
1517 2777 1689 2810 confundi.
