1818 3131
237 211 349 254 1164

230 318 390 356 funerum,
413 321 470 348 aut
494 316 667 357 Davisius,
690 326 792 358 quum
821 317 879 355 ait,
903 317 937 347 in

237 368 365 408 vulgari
382 367 649 405 locutioneJ‘usta
667 367 936 398 subaudiendum

229 419 364 456 funera.-
391 417 479 458 quod
497 423 596 457 putat
612 418 714 449 etiam
733 418 888 449 Sanctius
905 418 936 448 in

238 469 396 499 Minerva
426 477 476 497 1v.
506 470 538 498 4.
579 467 729 498 adducto
767 468 828 498 hoc
866 469 937 507 ipso

238 518 380 549 Caesaris
417 518 504 549 loco.
548 518 673 548 Verum
717 518 841 549 rectius
884 518 935 549 Cl.

236 567 431 599 Perizonius
462 572 497 598 et
532 568 714 608 Scioppius
753 568 939 599 subintelli-

236 623 321 657 gunt
336 618 447 659 officia,
471 618 521 649 uti
545 618 635 658 apud
659 619 795 658 Apulei.
821 619 841 648 l.
860 628 937 649 vin.

236 679 271 709 p.
297 671 369 700 157.
398 669 460 700 Ed.
486 669 579 700 Prie.
606 680 721 709 posses
748 670 850 700 etiam
875 680 938 699 mu-

235 729 322 759 nera,
353 720 521 760 quomodo
553 730 643 759 saepe
677 719 827 757 funebria
851 719 940 756 justa

235 774 422 801 vocantur:
450 769 503 800 adi
531 769 572 800 ad
603 770 726 799 Lucan.
758 778 838 799 vni.
862 772 937 799 7-11.

236 820 245 836 ‘
259 824 413 850 extremo
431 819 490 849 sed
509 820 606 849 abest
623 828 641 848 a
659 827 797 848 munere
817 818 904 848 busti
920 819 939 857 ;’

237 869 327 910 quod
359 878 570 910 nequaquam
607 869 731 899 mutari
763 868 868 900 debet
907 870 939 900 in

236 919 345 960 bustis,
363 921 415 951 vel
431 920 539 958 justis.
588 919 696 951 Immo
715 919 807 958 justa
831 925 867 952 et
885 921 941 959 fu-

233 980 309 1001 'nera
347 970 557 1012 aliquantum
595 970 773 1011 distinguit
812 972 939 1003 Statius

234 1020 341 1053 Theb.
359 1030 423 1053 ΧΗ.
440 1024 491 1052 34.
516 1023 525 1038 ‘
541 1021 608 1055 Qui
627 1022 724 1062 justa
742 1021 866 1061 ferant,
882 1023 939 1064 qui

237 1069 358 1102 funera
376 1072 527 1103 ducant!
572 1072 674 1105 Quod
698 1077 810 1104 autem
836 1074 941 1104 Davi·

236 1121 303 1152 sius
320 1122 476 1152 Curtium
500 1126 599 1163 putet
623 1123 748 1154 dixisse
768 1123 866 1161 justis
887 1134 940 1154 ea:-

235 1171 332 1212 equiis
353 1173 474 1211 solutis,
498 1181 563 1203 non
587 1173 618 1203 ei
643 1173 838 1213 adsentior;
864 1184 939 1205 cum

235 1222 318 1252 nulli
337 1227 505 1263 praeterea
523 1223 633 1254 Codd.
661 1224 802 1263 exequiis
825 1235 942 1265 agnos-

236 1276 328 1309 cant,
358 1277 393 1304 et
421 1273 502 1303 satis
530 1279 651 1313 aperta
682 1274 838 1306 videatur
865 1286 938 1307 esse

237 1323 371 1355 Glossa.
418 1324 580 1355 Ceterum
602 1325 653 1356 Cl.
671 1326 868 1356 Perizonius
885 1327 941 1357 de-

240 1375 313 1407 buit
334 1376 520 1417 inspexisse
545 1378 647 1408 solam
672 1378 732 1409 Ed.
749 1379 939 1419 Scaligeri3

236 1435 310 1456 cuin
328 1426 422 1458 dicto
446 1427 521 1458 loco
547 1432 616 1459 tam
643 1428 841 1469 simpliciter
865 1439 940 1470 pro-

236 1477 388 1516 nunciet,
413 1477 446 1508 in
471 1477 608 1510 Caesare
632 1479 735 1510 etiam
761 1479 825 1521 legi
845 1479 940 1518 fune-

235 1526 351 1559 bribus.
397 1528 573 1570 Quidquid
592 1530 647 1568 sit,
672 1535 870 1570 suspectum
888 1535 940 1562 est

235 1578 316 1609 mihi
331 1578 422 1617 justa
437 1578 566 1618 funcra,
591 1585 626 1611 et
647 1581 797 1611 ultimam
823 1591 940 1612 vocem

235 1638 254 1659 e
292 1628 416 1660 Glossa
452 1630 636 1671 inrepsisse
675 1636 834 1671 autumo;
877 1633 941 1663 nisi

228 1677 415 1715 funebribus
433 1689 508 1710 cum
525 1680 598 1710 aliis
615 1681 724 1711 malis,

280 1737 342 1759 XX.
359 1732 377 1759 5
403 1729 574 1771 Inperitos]
597 1730 737 1770 ἀπείρους
750 1731 939 1772 πραγμάτων

237 1782 331 1810 recte
355 1779 496 1811 Graecus
512 1781 639 1812 vertit:
670 1783 696 1813 si
715 1788 858 1823 recepta
874 1785 940 1815 lec-

237 1828 284 1859 tio
307 1838 373 1859 non
395 1831 522 1861 moveri
540 1831 676 1863 debeat.
724 1833 812 1863 Nam
832 1834 939 1875 Bong.

236 1879 336 1919 prim.
374 1880 528 1910 Vossiani
559 1890 687 1920 omnes,
724 1883 844 1914 Petav.
875 1885 941 1923 Eg-

234 1928 349 1959 mund.
381 1929 543 1969 Gottorp.
578 1931 674 1961 Leid.
702 1936 781 1962 tert.
811 1937 845 1963 ct
874 1933 938 1964 Ed.

235 1977 374 2009 Incerta
396 1978 521 2009 liabent
545 1980 710 2020 inpeditos,
735 1981 768 2012 id
785 1987 850 2022 est,
872 1983 939 2014 suis

234 2038 401 2070 quemque
432 2029 532 2061 rebus
570 2036 769 2071 occupatos,
806 2037 843 2064 et
872 2043 938 2064 uon

235 2079 377 2110 adtente
401 2079 657 2111 considerantes
681 2081 802 2113 falsum
830 2093 939 2114 rumo-

234 2139 315 2162 rem.
361 2131 447 2162 Vide
473 2133 594 2163 Davis.
622 2133 665 2163 ad
690 2143 722 2164 v.
751 2137 782 2164 7.
818 2134 939 2174 ‘Inpe-

234 2179 314 2210 ditis
335 2180 481 2211 omnium
505 2181 647 2213 animis!
691 2184 832 2215 Terent.
850 2184 936 2215 Hoc.

235 2239 290 2262 ιιι.
308 2233 337 2262 1.
355 2233 405 2262 17.
428 2231 646 2272 ‘inpeditum
663 2233 695 2263 in
713 2244 753 2263 ea
778 2234 937 2274 expedivi

234 2282 404 2314 animum.’
459 2284 590 2315 Passim
615 2285 812 2326 ‘inpeditus
836 2286 939 2325 curis,

234 2334 537 2373 occupationibus‚’
563 2337 625 2367 διο..
680 2335 745 2367 Sed
775 2346 855 2366 sana
886 2342 937 2367 cst

235 2383 372 2423 vulgata
399 2384 512 2415 lectio.
560 2384 626 2415 Adi
658 2386 794 2416 omnino
825 2386 867 2416 ad
897 2387 936 2416 B.

235 2433 309 2465 Civ.
342 2443 365 2464 1.
399 2438 450 2464 85.
490 2434 678 2466 ‘Homines
710 2435 875 2475 inperitos
902 2440 938 2467 et

236 2493 297 2524 per
313 2484 529 2525 conloquium
545 2484 731 2526 deceptos?

276 2538 296 2566 9
319 2536 369 2567 De
386 2535 465 2575 Rq».
482 2536 542 2566 nisi
555 2546 611 2576 per
627 2537 802 2576 concilium]
838 2537 937 2569 Tem·

236 2594 318 2625 pore
346 2585 497 2625 concilii,
525 2586 603 2616 dum
637 2588 816 2618 concilium
850 2589 937 2619 cele-

236 2636 365 2667 bretur.
401 2636 459 2668 Sic
476 2635 565 2677 apud
582 2637 781 2668 Suetonium
799 2638 832 2668 in
849 2638 936 2670 Caes.

235 2696 266 2717 c.
295 2688 349 2716 80.
383 2686 568 2718 ‘Cunctati
599 2692 755 2718 utrumne
781 2688 871 2719 illum
903 2689 936 2719 in

235 2745 354 2776 campo
379 2745 441 2776 per
465 2737 663 2768 comitia—e
687 2742 791 2778 ponte
811 2738 939 2779 dejice-

236 2786 336 2827 rent}
358 2786 422 2819 lioc
445 2792 509 2829 est,
531 2787 610 2819 dum
634 2788 772 2820 comitia
798 2799 936 2830 ageren-

698 221 839 252 NOTAE
876 221 1137 253 VARIORUM
1169 222 1219 252 IN

989 322 1054 348 tur.
1102 317 1242 347 Frustra
1274 316 1378 355 igitur
1408 320 1460 347 est
1490 316 1546 348 Fr.
1578 315 1686 349 Hoto-

989 378 1142 404 manmm,
1159 368 1272 407 quide
1296 367 1437 407 hujusce
1464 367 1618 398 lectionis
1641 377 1690 400 sa-

989 419 1094 448 nitate
1119 418 1266 449 dubitat.
1291 418 1398 449 Daris.
1423 417 1455 447 ἐν
1480 419 1521 458 τῇ
1545 418 1688 460 πολιτείᾳ

989 469 1143 499 Graecus.
1198 469 1252 499 Sic
1289 479 1343 508 per
1379 479 1414 499 eu
1451 472 1601 508 tempora,
1633 478 1690 510 per

988 520 1130 557 hiemem,
1147 524 1181 550 et
1199 525 1359 551 sexcenta
1378 520 1472 550 talia.

1033 579 1109 600 xxr.
1137 573 1157 600 2
1193 571 1299 610 Neque
1333 571 1495 611 sacrificiis
1523 570 1689 600 student—

989 620 1121 659 reliquos
1151 630 1187 650 ne
1220 619 1312 657 suma
1341 620 1462 659 quidem
1492 618 1690 659 acceperunt]

992 669 1205 700 Contrarium
1223 670 1331 709 liquet
1346 679 1388 699 ex
1413 670 1522 700 Taciti
1539 670 1582 700 de
1600 670 1690 701 Mor.

991 720 1151 751 German.
1175 730 1203 751 c.
1228 723 1257 750 9.
1285 720 1420 750 ‘Deum
1445 719 1612 759 maxime,’
1641 719 1690 750 in-

991 771 1076 811 quit,
1101 773 1108 788 ‘
1127 769 1337 802 Mercurium
1354 771 1483 807 colunt,
1499 770 1565 808 cui,
1589 770 1692 801 certis

990 821 1124 860 (lichum,
1140 821 1291 851 humanis
1309 829 1441 861 quoque
1460 819 1576 850 hostiis
1591 819 1691 851 litare

991 870 1042 901 fas
1073 871 1209 902 liabent.
1257 870 1442 901 Herculem
1473 875 1510 900 et
1542 869 1691 901 Martem

990 921 1157 951 concessis
1172 921 1288 951 hostiis
1310 921 1457 960 placant.
1502 920 1588 950 Pars
1611 920 1692 950 Sue-

991 981 1109 1002 vorum
1140 975 1175 1002 et
1206 971 1289 1002 Isidi
1325 970 1520 1002 sacrificat!
1579 971 1691 1002 Facile

991 1022 1128 1063 quidem
1166 1021 1238 1053 fieri
1276 1027 1404 1062 potest,
1442 1028 1480 1053 ut
1512 1020 1689 1052 falleretur

992 1073 1121 1110 Caesar,
1151 1073 1207 1113 qui
1238 1082 1363 1113 paucos
1393 1077 1524 1103 tantum
1553 1071 1625 1103 dies
1656 1071 1689 1103 in

991 1122 1236 1153 Germanorum
1282 1121 1404 1153 finibus
1441 1126 1587 1153 moratus
1625 1128 1693 1153 est.

991 1172 1079 1204 Vide
1115 1173 1177 1204 Ph.
1209 1172 1403 1203 Cluverium
1434 1171 1549 1204 Germ.
1580 1180 1606 1202 1.
1636 1173 1690 1203 22.

991 1222 1102 1254 Duris.

1034 1276 1054 1303 8
1078 1274 1256 1314 Impnberes
1268 1274 1517 1315 permanserunt]
1542 1273 1693 1304 Necesse

992 1327 1054 1363 est,
1078 1328 1114 1354 ut
1140 1325 1255 1356 Caesar
1283 1325 1334 1356 liis
1363 1325 1498 1355 vocibus
1526 1323 1695 1354 denotarit

993 1383 1062 1413 eos,
1079 1375 1135 1415 qui
1152 1384 1227 1405 cum
1250 1375 1446 1406 mulieribus
1470 1384 1535 1405 non
1553 1382 1693 1406 consue-

991 1429 1135 1463 verunt3
1155 1426 1196 1456 ab
1212 1425 1352 1456 hominis
1365 1425 1454 1457 enim
1471 1425 1614 1456 arbitrio
1628 1433 1693 1455 non

992 1477 1132 1517 pendet,
1163 1482 1200 1508 ut
1235 1478 1343 1519 pubes
1373 1478 1481 1509 serius
1511 1482 1570 1509 aut
1600 1477 1694 1509 ocius

991 1533 1199 1569 compareat,
1224 1538 1286 1560 nec
1317 1529 1390 1569 ejus
1419 1528 1575 1559 defectus
1602 1528 1692 1558 vires

992 1583 1093 1618 auget
1110 1579 1163 1610 vel
1187 1579 1317 1610 minuit.
1361 1578 1468 1610 Simili
1492 1577 1564 1608 fere
1589 1577 1691 1609 modo

991 1629 1077 1660 hanc
1106 1630 1352 1662 Germanorum
1383 1639 1403 1661 a
1429 1631 1565 1661 Venere
1589 1628 1694 1660 absti-

991 1680 1154 1719 nentiam,
1195 1681 1208 1698 '⁴
1235 1681 1460 1721 longissimam
1503 1678 1693 1720 pueritiam'

991 1730 1127 1761 vocavit
1143 1731 1264 1771 Pomp.
1282 1731 1377 1761 Mela
1392 1739 1446 1761 111.
1462 1731 1492 1760 3.
1538 1728 1694 1760 Honeste

990 1780 1154 1810 vocabulo
1184 1780 1271 1811 idem
1301 1780 1355 1811 hic
1391 1780 1456 1811 loci
1487 1777 1694 1819 significavit

990 1829 1134 1860 Graecus
1151 1831 1343 1870 interpres:
1371 1830 1474 1860 vertit
1499 1829 1588 1860 enim
1615 1827 1692 1867 ἀγά-

987 1891 1062 1918 μους
1076 1879 1281 1918 διαμένοντας.
1316 1881 1414 1911 Idem.

1032 1934 1052 1960 9
1069 1931 1123 1961 Ali
1138 1931 1232 1971 rires]
1257 1931 1374 1971 Cujae.
1392 1931 1514 1962 Petav.
1532 1929 1628 1961 Leid.
1643 1940 1694 1970 pr.

990 1981 1102 2012 Oxou.
1130 1987 1165 2012 et
1192 1982 1278 2013 Edd.
1307 1983 1393 2013 Ven.
1424 1984 1519 2012 1517.
1549 1980 1628 2012 ΑΜ.
1657 1985 1693 2012 et

987 2030 1095 2070 prima
1112 2031 1270 2072 Grypliii,
1287 2032 1342 2062 Ali
1357 2032 1412 2062 Ιιοε
1428 2032 1519 2062 vires.
1558 2031 1668 2062 Recte
1682 2041 1691 2070 ;

989 2091 1066 2111 nam
1082 2086 1117 2112 et
1133 2082 1217 2113 lianc
1235 2082 1436 2121 particulam
1453 2082 1581 2121 repetit
1597 2081 1695 2113 Grae-

989 2141 1046 2162 eus
1069 2130 1174 2171 Τούτῳ
1188 2130 1245 2170 μὲν
1259 2131 1296 2161 τὸ
1317 2132 1374 2162 τοῦ
1387 2131 1529 2169 σώματος
1551 2129 1695 2171 μέγεθος,

988 2179 1088 2220 τούτῳ
1104 2180 1137 2212 δὲ
1159 2181 1217 2218 τὴν
1240 2181 1341 2220 ῥώμην
1355 2180 1532 2222 τρέφεσθαι.
1578 2182 1693 2214 Quare

990 2233 1134 2264 restitui.
1182 2233 1369 2273 l'erperain
1388 2238 1501 2264 autem
1517 2224 1600 2264 Mss.
1618 2233 1691 2273 plu—

990 2283 1064 2313 rimi
1092 2287 1127 2314 et
1154 2283 1243 2314 Edd.
1272 2284 1368 2314 Vett.
1396 2284 1521 2314 liabent
1547 2283 1604 2313 alii
1629 2282 1693 2315 bis.

987 2333 1098 2374 Supra
1124 2343 1186 2374 pro
1209 2334 1317 2374 opibus
1341 2334 1427 2365 citat
1453 2333 1603 2374 operibus,
1624 2341 1691 2362 me-

987 2383 1116 2424 xnorioe,
1130 2384 1246 2422 credo,
1261 2384 1343 2415 vitio
1361 2384 1415 2414 Ill.
1440 2383 1620 2424 Spanhem.
1645 2381 1688 2412 de

988 2432 1113 2464 Praest.
1134 2434 1235 2465 Num.
1252 2434 1289 2464 Τ.
1308 2443 1332 2465 1.
1350 2443 1381 2473 p.
1394 2435 1468 2463 429.

1032 2487 1071 2515 10
1104 2484 1195 2514 Intra
1225 2495 1337 2514 annum
1368 2493 1437 2514 vero
1476 2490 1525 2512 xx
1558 2480 1689 2518 fcme'uae

986 2534 1134 2565 notitiam
1168 2533 1322 2572 habuisse]
1368 2534 1455 2563 Rem
1486 2531 1689 2571 tui-piculam

987 2584 1140 2615 modeste
1171 2584 1336 2624 designat.
1395 2582 1449 2613 Sic
1483 2581 1628 2612 Ovidius
1656 2581 1690 2612 iu

987 2634 1098 2674 Epist.
1137 2633 1347 2674 Hypsipyles
1383 2631 1515 2671 Jasoni,
1549 2641 1598 2661 vs.
1632 2633 1687 2663 43.

987 2686 1087 2717 ‘Non
1108 2695 1171 2726 ego
1195 2695 1265 2716 sum
1293 2684 1409 2715 furtim
1433 2684 1494 2714 tibi
1519 2683 1687 2721 cognita—-

984 2735 1144 2776 Turpiter
1160 2735 1217 2765 illa
1235 2735 1342 2765 virum
1366 2733 1507 2773 cognorit
1531 2733 1687 2764 adultera

985 2785 1114 2827 Virgo!
1160 2785 1215 2817 Ita
1244 2789 1280 2816 et
1308 2785 1429 2826 passim
1457 2784 1544 2815 sacri
1574 2783 1685 2825 Scrip-
