1818 3131
231 180 254 219 l
262 179 343 219 156

231 284 358 316 idcirco
376 284 555 324 plurimum
571 282 791 315 deferebant:
828 284 930 316 Haud

229 334 416 365 absimilem
456 342 582 364 morem
616 338 767 374 tempore
800 335 929 367 Claudii

227 384 371 423 legimus
396 383 571 414 inductum
595 384 789 416 Tarracinis
814 396 833 417 a
859 387 928 417 Fir-

229 435 318 465 mino
357 432 535 466 Pontifice.
580 435 636 466 De
668 445 732 477 quo
761 437 928 477 quaerenti

230 485 380 517 Caesario
405 486 438 516 S.
454 485 601 526 Martyri
625 485 712 516 hunc
736 486 769 517 in
793 487 928 517 modum

228 536 478 577 responderunt
492 537 610 578 oppidi
625 538 728 569 cives.
773 538 782 554 ‘
800 538 852 569 Ad
869 548 927 570 sex

228 588 282 618 vel
300 592 377 619 octo
393 597 524 620 menses
536 588 684 620 nutritur
695 589 747 619 liic
762 589 928 630 quispiam

228 647 289 678 pro
304 638 393 669 illius
409 639 593 670 voluntate.
630 639 676 670 Iis
693 639 823 670 exactis
837 650 928 670 men·

226 688 332 729 sibus,
348 694 497 721 armatus
512 695 547 721 et
562 695 699 721 ornatus
716 689 868 721 ascendit
892 690 926 720 in

227 745 388 780 montem,
404 745 439 771 et
462 750 523 780 pro
540 741 648 771 salute
673 740 770 780 Reip.
788 745 823 771 et
841 741 928 780 prin-

226 791 338 832 ciptun
355 792 544 832 civiumque
560 792 680 831 salute,
692 795 793 831 atque
818 796 854 822 ut
871 792 928 822 int-

226 844 369 874 mortale
395 844 458 885 sibi
481 849 579 884 paret
603 853 735 883 nomen,
749 853 824 874 cum
840 854 926 885 equo

226 902 262 922 se
288 893 359 933 agit
385 903 404 923 e
431 898 545 924 monte
575 893 798 934 praecipitem.
845 895 926 935 Ejus

226 952 306 974 vero
340 944 486 975 cadaver
522 944 706 976 honorifice
747 945 926 977 admodum

225 994 411 1035 colligitur,
439 998 473 1025 et
501 994 542 1025 ad
568 996 731 1035 templum
758 994 927 1035 Apollinis

224 1044 427 1084 perductum
480 1050 726 1083 concrematur,
773 1045 926 1087 cinisque

225 1095 299 1134 ejus
322 1095 355 1124 in
379 1095 505 1135 templo
531 1106 592 1136 pro
617 1096 741 1126 civium
764 1100 799 1126 et
829 1097 924 1136 Reip.

222 1144 333 1175 salute
363 1144 581 1176 reconditur!
626 1145 712 1176 Haec
742 1146 856 1176 Surius
892 1146 924 1177 iu

225 1194 294 1225 vita
310 1195 458 1225 Caesarii.
509 1195 643 1226 Vossius.

265 1248 286 1276 9
323 1246 454 1277 immani
495 1246 710 1285 magnitudine
745 1247 924 1287 simulacra]

223 1295 352 1326 Merito
367 1296 502 1327 immani
527 1296 770 1336 magnitudine,
789 1308 864 1327 nam
888 1302 924 1328 et

223 1345 345 1376 Strabo
360 1346 565 1385 l.1v.p.107.
578 1346 733 1377 κολοσσὸν
744 1351 853 1378 vocat.
872 1348 922 1377 Id.

269 1398 305 1425 lt
343 1395 502 1435 Supplicia
529 1406 631 1426 eorum
661 1397 713 1436 qui
751 1397 783 1427 ιή
818 1396 924 1437 furto]

224 1444 423 1476 Ciacconius
439 1445 491 1476 liic
513 1447 661 1486 supplicia
685 1451 783 1486 putat
805 1451 924 1477 notare

222 1497 502 1537 supplicationes,
539 1498 819 1538 quemadmodum
855 1499 925 1529 Sal-

222 1547 355 1583 lustius,
371 1552 405 1578 et
422 1549 541 1587 Varro,
558 1557 596 1579 ac
612 1549 749 1579 Tacitus
765 1549 850 1578 hanc
869 1558 923 1578 vo-

223 1607 296 1629 cem
311 1608 528 1638 usurpaverc.
574 1599 639 1629 Sed
659 1600 802 1630 Caesaris
822 1599 923 1629 dictio

223 1649 278 1679 vix
303 1649 484 1691 quidquam
508 1660 684 1681 commune
715 1650 818 1681 habet
848 1659 923 1681 cum

222 1699 390 1738 Sallustio,
421 1704 479 1730 aut
508 1700 651 1731 Tacito:
687 1709 750 1741 ego
775 1700 925 1740 supplicia

223 1758 360 1789 prorsus
375 1755 487 1781 statuo
500 1751 553 1782 liic
571 1751 700 1789 vulgari
713 1750 850 1782 notione
864 1760 924 1790 pr.)

220 1800 347 1840 τιμωρία
373 1801 583 1840 accipienda.
630 1802 718 1832 Nam
753 1811 820 1831 non
857 1810 924 1831 me-

220 1850 303 1881 mini
329 1851 482 1891 supplicia
506 1851 711 1881 innocentium
732 1851 847 1890 legere
871 1860 923 1880 me

221 1909 282 1940 pro
296 1901 530 1940 supplicationes
551 1910 624 1941 qum
645 1899 729 1930 sumt
755 1909 815 1939 per
839 1909 924 1929 mor-

222 1955 291 1981 tem
308 1950 550 1981 innocentium.
596 1951 638 1981 Et
656 1950 735 1980 mihi
749 1960 812 1981 non
830 1956 923 1981 recte

222 2001 421 2033 Ciacconius
437 2000 578 2040 σύνταξιν
597 2001 815 2041 perpendisse
831 2001 923 2030 vide-

222 2056 288 2082 tur.
314 2051 409 2082 Idem.
448 2052 525 2082 Non
543 2061 604 2092 pro
617 2051 924 2091 supplicationibus

221 2102 341 2133 sumsit
367 2102 578 2142 Ciacconius,
601 2101 659 2132 sed
683 2111 743 2142 pro
765 2101 925 2141 victimis,

221 2151 324 2183 immo
361 2152 602 2192 oblationibus,
639 2156 675 2183 et
717 2151 890 2183 sacrificiis
915 2163 921 2182 :

221 2203 388 2243 quomodo
405 2204 584 2245 aliquoties
609 2204 681 2235 liaec
704 2213 770 2234 vox
786 2213 923 2244 usurpa-

222 2257 288 2284 tur.
333 2254 375 2283 V.
392 2255 545 2285 Elmenh.
562 2254 669 2285 Indic.
685 2254 719 2285 in
738 2253 870 2294 Apulei.
888 2259 924 2286 ct

213 2303 318 2334 Cort.
343 2303 383 2334 ad
408 2305 544 2335 Sallust.
568 2305 608 2335 B.
625 2304 727 2336 Catil.
752 2313 782 2334 c..
799 2306 830 2334 9.
854 2305 863 2320 ‘
882 2303 922 2334 In

221 2353 397 2393 subpliciis
431 2354 570 2385 deorum
599 2353 788 2394 magnifici.’
832 2354 922 2385 Quo-

213 2403 320 2434 -modo
347 2404 446 2434 etiam
471 2405 548 2444 capi
573 2404 708 2435 omuino
730 2404 784 2434 hic
808 2404 923 2444 debet,

220 2453 304 2484 licet
333 2452 476 2493 τιμωρίαν
504 2459 618 2485 vertat
648 2464 780 2495 quoque
813 2455 923 2485 Meta-

221 2503 385 2543 pltrastes.
430 2504 489 2535 Ait
524 2509 655 2544 auctor,
687 2514 744 2536 eos
775 2504 923 2536 inmolare

221 2553 432 2594 innocentes,
469 2564 533 2585 non
576 2556 699 2594 punire,
737 2555 763 2585 si
811 2555 922 2586 desint

221 2603 335 2635 noxii:
360 2608 509 2635 attamen
537 2605 687 2645 gratiora
714 2604 922 2637 arbitrantur

219 2654 387 2686 sacrificia
401 2653 511 2686 furum
528 2660 586 2685 aut
602 2656 784 2686 latronum.
812 2657 921 2688 Porro

220 2704 356 2742 infurlo
378 2708 431 2735 aut
455 2705 488 2735 in
509 2705 582 2735 latr.
601 2705 758 2745 rescripsi
776 2706 923 2736 auctori-

223 2758 294 2786 tate
311 2755 394 2787 Mss.
411 2755 520 2796 Bong.
538 2764 589 2796 pr.
609 2754 707 2787 Voss.
731 2764 781 2796 pr.
800 2755 922 2789 Petav.

696 188 836 219 NOTAE
871 189 1131 223 VARIORUM
1169 193 1216 224 ΙΝ

980 287 1077 328 Egm.
1095 288 1219 319 Lovan.
1237 287 1332 319 Gott.
1349 297 1424 319 cum
1441 293 1586 330 quatuor
1606 290 1679 322 aliis

981 346 1018 368 ac
1036 337 1098 369 Ed.
1144 339 1280 369 Incerta
1296 347 1337 368 ex
1353 343 1520 379 perpetuo
1534 340 1680 372 auctoris

979 388 1079 428 stylo.
1123 389 1210 420 Vide
1229 390 1269 420 ad
1287 398 1326 421 Π.
1345 393 1394 421 lo.
1441 389 1548 422 Immo
1564 390 1676 422 forsan

978 439 1010 468 in
1026 439 1127 479 aliqua
1143 441 1243 471 etiam
1258 446 1308 471 est
1325 439 1540 471 scribendum
1555 452 1562 471 :
1587 439 1677 482 quod

979 494 1085 520 restat
1116 490 1148 519 in
1179 490 1261 521 Mss.
1290 494 1320 521 4.
1360 490 1606 522 recentioribus
1641 494 1678 523 et

978 538 1066 569 Edd.
1113 539 1241 578 primis,
1285 540 1438 581 aliisque,
1478 544 1515 571 ut
1561 540 1678 580 Steph.

979 586 1112 628 Grypli.
1158 589 1196 618 In
1210 588 1302 626 furto
1322 594 1375 621 aut
1391 590 1512 621 desunt
1529 590 1570 621 ab
1586 590 1675 621 Edd.

979 637 1076 668 Rom.
1105 638 1199 669 Med.
1225 639 1312 669 Ven.
1339 645 1373 670 et
1401 640 1540 672 Graecus
1570 640 1677 672 solum

978 688 1079 719 babet
1095 687 1127 718 ἔν
1141 701 1200 719 τινι
1213 690 1326 730 κλοπῇ.

1022 742 1060 770 13
1086 740 1194 780 Noxa]
1223 741 1388 781 Bongars.
1415 741 1512 781 prim.
1538 745 1574 772 et
1598 742 1677 774 Sca-

977 788 1032 828 lig.
1048 790 1160 820 noa-ia:
1185 795 1288 831 atque
1304 791 1351 822 ita
1365 791 1447 831 legit
1462 792 1584 824 Franc.
1601 793 1678 824 Flo-

978 839 1071 870 ridus
1085 845 1205 871 contra
1215 842 1346 872 Vallam
1358 841 1678 882 disputans‚noxiam

977 889 1167 930 significare
1193 891 1337 931 culpam.
1382 890 1469 922 Vide
1496 892 1539 922 de
1564 892 1676 924 Latin.

977 940 1055 970 Vet.
1077 941 1202 972 Jurisc.
1227 951 1259 982 p.
1280 944 1329 971 ll.
1346 942 1411 971 &c.
1456 941 1610 974 Perizon.
1634 942 1676 973 ad

975 992 1090 1022 Sanet.
1123 992 1210 1023 Min.
1242 1002 1275 1032 p.
1307 995 1379 1023 508.
1412 992 1456 1023 Ν.
1490 992 1606 1024 Heius.
1638 1004 1676 1026 ac

976 1042 1091 1072 Burm.
1118 1043 1159 1073 ad
1188 1043 1308 1074 Vellei.
1335 1053 1358 1074 1.
1383 1046 1433 1074 12.
1458 1047 1493 1074 ct
1517 1053 1592 1084 quie
1618 1053 1676 1076 no-

976 1096 1093 1122 tantur
1123 1093 1165 1123 ad
1198 1094 1345 1133 Festum,
1367 1104 1406 1124 ac
1432 1094 1606 1125 Drakenb.
1633 1094 1676 1126 ad

977 1143 1048 1173 Liv.
1067 1152 1104 1174 11.
1121 1146 1172 1174 54.
1207 1147 1216 1160 ⁴
1236 1144 1415 1175 Neminem
1439 1144 1547 1175 noxia·
1573 1145 1677 1185 poeni-

977 1193 1095 1224 tebni)
1138 1194 1194 1225 Sic
1219 1194 1308 1225 enim
1335 1194 1379 1225 ibi
1408 1204 1541 1235 quoque
1564 1200 1678 1226 vetus-

975 1244 1093 1275 tissimi
1109 1245 1263 1276 Codices.

1018 1298 1145 1326 xx*11.l
1183 1296 1284 1326 Deum
1311 1296 1443 1326 murima
1469 1294 1675 1335 Mercurium]

977 1346 1029 1375 lta
1059 1346 1188 1385 placuit
1216 1347 1338 1377 Graeco
1365 1346 1557 1386 interpreti,
1581 1346 1677 1377 Ciac·

975 1396 1084 1430 conio.
1106 1401 1140 1427 ct
1164 1396 1338 1437 Scaligero
1366 1406 1483 1427 vocem
1503 1397 1606 1427 Deum
1628 1396 1676 1426 le-

976 1455 1054 1486 gere
1072 1446 1104 1476 in
1122 1447 1273 1486 genitivo
1296 1447 1436 1487 plurali:
1462 1447 1541 1488 quia
1556 1446 1675 1478 eodem

975 1497 1073 1527 modo
1095 1497 1230 1527 Tacitus
1255 1497 1390 1528 dixerat
1414 1499 1423 1514 ⁴
1444 1497 1555 1528 Deum
1583 1506 1676 1528 max-

973 1546 1040 1577 ime
1072 1547 1277 1579 Mercurium
1308 1548 1449 1579 colunt.'
1492 1548 1559 1579 Sed
1590 1547 1675 1579 illud

975 1596 1083 1637 magis
1109 1607 1126 1628 e
1151 1607 1244 1628 more
1268 1597 1379 1628 Taciti
1405 1607 1503 1638 quam
1521 1598 1675 1629 Caesaris.

976 1647 1060 1678 Mihi
1091 1657 1228 1687 prorsus
1267 1653 1396 1679 rectum
1428 1649 1563 1680 videtur
1591 1649 1673 1679 illud

975 1698 1078 1728 Dcum
1095 1699 1272 1729 accusandi
1290 1708 1379 1731 casu.
1423 1699 1552 1731 Eodem
1575 1699 1676 1731 modo

976 1758 1066 1788 sarpt-
1099 1750 1131 1779 in
1159 1754 1244 1780 vett.
1274 1749 1366 1790 lapp.
1399 1750 1548 1790 reperias
1575 1750 1674 1782 DEO

976 1799 1244 1838 MERCVRIO,
1262 1809 1337 1830 cum
1359 1800 1498 1830 aliorum
1523 1801 1675 1831 Deorum

975 1850 1110 1880 nomina
1133 1851 1333 1890 plerumque
1357 1850 1560 1890 simpliciter
1574 1850 1674 1881 habe-

975 1899 1108 1930 bantur.
1155 1900 1320 1930 Nimirum
1360 1899 1600 1931 Mct’TVNO.
1630 1899 1673 1931 Α·

975 1950 1186 1981 POLLINI.
1242 1950 1444 1990 Exemplum
1479 1955 1553 1981 esto
1587 1950 1674 1991 lapis

973 1999 1051 2039 iste,

1061 2051 1170 2083 DEO.
1188 2050 1580 2082 MERCVR10.StNG

1027 2102 1100 2132 Ex.
1119 2102 1261 2133 VOTO.
1281 2102 1369 2132 IVL.
1387 2101 1616 2133 GALLICVS

1030 2151 1101 2182 ET.
1119 2150 1227 2182 AVB.
1245 2151 1455 2182 SIBVLLA.
1474 2152 1513 2183 P.
1532 2152 1570 2182 L.
1589 2152 1616 2182 L

973 2201 1022 2233 At
1051 2202 1124 2233 aliis
1152 2203 1228 2234 Diis
1259 2207 1401 2233 sacratae
1432 2202 1674 2244 Inscriptioncs

972 2257 1050 2283 sunt

1171 2303 1210 2334 L.
1229 2302 1481 2334 ARVLENVS

1213 2352 1430 2384 ANOPTES

1200 2402 1446 2435 APOLLIM.

973 2453 1030 2494 Et,

1229 2501 1418 2533 DIANAE

1152 2553 1294 2585 TITVS.
1311 2549 1492 2583 MENIVS

1253 2603 1290 2633 F.
1309 2602 1349 2632 V.
1365 2601 1398 2631 S.

972 2653 1087 2694 Atque
1132 2653 1214 2683 tales
1256 2650 1441 2692 saepissime
1478 2655 1671 2683 occurrunt.

978 2704 1109 2736 tfosstm.
1126 2703 1211 2734 Mss.
1226 2702 1322 2733 multi
1338 2694 1414 2733 Dn—t.

1017 2753 1211 2786 Mercurium
1224 2752 1341 2792 colunt]
1370 2752 1534 2784 Minutius
1554 2752 1589 2784 in
1607 2752 1674 2785 Oe-
