1818 3131
348 202 520 234 Liss.xm
552 190 759 231 cAP.39.
807 203 868 232 DE
904 204 1058 234 nunno
1089 205 1316 235 GAnulco.

147 300 167 329 ⁷
192 297 248 329 Ille
267 307 336 329 cum
352 298 444 328 Cotta
461 297 564 328 smacio
585 296 799 336 communicat,

103 347 173 388 ἄά]
203 348 383 388 Multiplex
405 352 455 377 est
471 347 504 377 in
522 346 612 377 hisce
629 347 729 385 gestis
747 356 798 377 re-

106 398 253 430 ferendis
268 399 384 430 Dionis
399 407 501 429 error.
546 397 677 438 Κόττας,
689 398 798 439 inquit

105 449 175 488 ille,
202 450 387 489 παραχρῆμα
401 448 480 486 μετὰ
495 450 622 478 πολλῶν
643 448 797 487 ἀπώλετο,

104 498 155 529 καὶ
168 498 224 529 τὸν
236 499 366 533 Σαβῖνον
380 499 396 528 ὁ
410 497 563 538 Ἀμβιόριξ
582 498 798 539 μετεπέμψατο

103 547 171 588 μὲν,
185 549 224 580 ὥς
238 548 287 579 καὶ
309 548 424 579 σώσων.
449 549 519 579 οὔτε
537 549 598 589 ’γὰρ
614 551 678 581 τοῖς
694 561 799 588 ’γι-γνο-

103 599 202 638 μένοις
215 601 325 639 παρῆν,
340 599 390 629 καὶ
414 599 522 630 πιστὸς
548 601 630 638 αὐτῷ
654 601 703 632 καὶ
726 600 798 631 τότε

103 650 147 680 ἐτ’
161 649 255 680 ἐδόκει
271 647 356 680 εἶναι.
385 650 473 680 Vide
491 651 510 680 l.
530 659 585 682 x1..
601 661 633 691 p.
655 654 723 683 123.
754 653 798 683 D.

103 699 165 731 Ed.
182 700 315 731 Hauov.
345 700 411 731 Sed
424 701 614 731 haecomnia
630 702 799 742 redarguit

101 750 242 782 Caesaris
257 751 415 781 narratio.
455 751 564 782 Dacis.

143 804 163 832 9
193 800 233 832 Se
247 801 384 841 sperare]
408 801 447 832 Se
459 802 555 832 deest
571 802 603 832 in
615 803 698 834 Mss.
715 804 798 843 Reg-

102 855 138 882 et
164 851 305 882 Eliensi.
339 852 384 883 Et
411 852 545 893 quidem
572 861 638 883 non
662 862 737 883 raro
766 854 800 884 in

99 902 289 943 hujusmodi
325 903 551 934 locutionibus
580 904 801 943 subintelligi-

101 957 167 984 tur.
198 952 304 982 Clark.
342 952 383 983 Se
398 962 463 984 non
479 958 653 994 comparet
667 964 799 994 quoque

100 1002 134 1033 in
172 1002 423 1043 Bongarsianis,
458 1004 643 1044 Vossianis‚
678 1005 799 1036 Petav.

101 1052 195 1092 Egm.
214 1053 338 1084 Lovan.
361 1058 397 1084 et
423 1053 495 1084 aliis
520 1063 591 1093 sex,
617 1059 655 1085 ut
678 1064 740 1085 nec,
765 1055 799 1085 in

103 1101 196 1135 Carr.
232 1112 294 1134 nec
325 1103 412 1134 Edd.
445 1104 582 1144 primis:
630 1110 668 1136 ut
698 1115 799 1146 supra

101 1154 109 1169 ‘
127 1163 264 1194 sperare
285 1164 305 1185 a
327 1154 452 1185 multit.
477 1155 642 1196 inpetrari
671 1165 768 1197 posse
780 1156 800 1187 :'

99 1208 134 1234 et
155 1203 357 1236 sexcenties.
398 1205 439 1235 V.
469 1205 512 1236 ad
537 1215 578 1237 n.
603 1209 656 1238 31.
701 1207 798 1248 Ejeci

99 1253 216 1285 idciro.
244 1255 273 1285 E
287 1264 346 1286 suo
370 1255 496 1287 Codice
514 1255 640 1297 primus
663 1257 798 1288 rescribi

100 1302 182 1335 fecit
199 1304 352 1337 Ursinus.
384 1305 475 1336 Dein
499 1315 541 1336 ex
560 1307 696 1346 optimis
713 1307 797 1339 Mss.

101 1353 209 1394 Bong.
230 1364 279 1394 pr.
311 1363 379 1385 sec.
405 1354 527 1386 Petav.
553 1355 651 1387 Leid.
684 1366 735 1396 pr.
763 1362 798 1388 et

100 1403 213 1435 Oxou.
244 1403 322 1435 dedi
349 1405 517 1445 inpetrare,
548 1415 609 1446 pro
635 1406 798 1447 inpetrari.

99 1454 174 1486 Hoc
204 1455 342 1486 verbum
366 1465 456 1496 saepe
484 1462 602 1488 auctor
626 1457 658 1488 iu
684 1459 796 1489 activo

98 1504 248 1543 adhibet,
271 1505 394 1537 omisso
424 1507 615 1538 accusativo
640 1509 712 1548 ejus
737 1508 797 1546 rei,

97 1565 195 1597 quam
212 1556 433 1597 inpetremus.
462 1556 548 1587 Vide
565 1557 606 1588 ad
624 1566 648 1588 1.
665 1560 697 1589 9.
725 1558 734 1574 ‘
749 1559 797 1589 Ut

97 1615 137 1636 eo
165 1605 388 1646 deprecatore
414 1615 433 1637 a
459 1606 621 1647 Sequanis
651 1607 796 1647 inpetra-

98 1655 197 1687 rent.'
248 1655 324 1687 Hoc
362 1666 438 1687 cum
476 1666 542 1687 non
579 1656 798 1688 adverterent

98 1707 237 1746 librarii,
261 1707 317 1738 alii
337 1718 368 1738 se
392 1708 610 1747 intruserunt,
639 1708 695 1739 alii
717 1709 797 1740 salu-

98 1760 170 1796 tem,
185 1757 241 1788 alli
257 1757 408 1798 inpetrari
423 1763 657 1798 reposuerunt·

141 1810 178 1838 ll
210 1807 250 1838 In
264 1817 297 1838 eo
319 1807 506 1848 perseverat]
537 1809 652 1848 CuJac.
668 1807 795 1839 Andin.

95 1857 221 1899 Scalig.
244 1863 279 1890 et
300 1858 362 1890 Ed.
380 1859 421 1890 R.
435 1859 552 1900 steph.
567 1859 718 1900 constitit,
741 1869 797 1891 ex-

97 1908 234 1948 hibeut;
272 1909 383 1941 Oxon.
415 1919 494 1941 vero
529 1910 680 1941 consistit.
725 1911 796 1951 Op-

98 1958 189 1999 time,
201 1960 352 1999 constitit,
366 1960 399 1990 ui
413 1959 534 1999 fallor;
557 1961 655 2001 cujus
673 1961 795 1993 Glossa

96 2014 146 2041 est
168 2013 356 2050 perseverat,
368 2016 555 2051 permanet.
592 2011 714 2042 Cicero
728 2012 793 2051 Ep.

97 2059 138 2090 ad
162 2060 356 2091 Famil.vn.
370 2064 421 2092 17.
445 2062 454 2077 ‘
470 2060 570 2094 Quod
587 2061 659 2101 jam
673 2061 795 2092 videris

98 2113 193 2140 certa
206 2109 318 2151 aliqua
333 2111 364 2140 in
387 2111 554 2142 sententia
580 2111 793 2142 constitisse!

96 2159 174 2191 Sive
186 2163 361 2191 aconstare.
380 2160 476 2191 Idem
488 2161 551 2201 Ep.
565 2160 608 2191 ad
622 2161 711 2192 Fam.
724 2170 748 2192 1.
759 2164 791 2192 9.

98 2210 180 2249 §32
220 2208 229 2225 ‘
249 2210 326 2242 Qua
343 2209 375 2240 in
403 2211 572 2241 sententia
592 2211 619 2241 si
636 2215 793 2242 constare

98 2259 305 2291 voluissent.'
344 2260 386 2292 B.
407 2260 479 2292 Civ.
500 2270 524 2292 1.
541 2265 593 2294 85.
620 2265 629 2279 ‘
645 2263 792 2294 omnium

98 2310 254 2342 ordinum
270 2315 382 2351 partes
404 2311 438 2342 in
462 2312 693 2344 misericordia
715 2323 793 2344 cou-

95 2361 248 2392 stitisse.’
282 2361 361 2392 Sive
388 2371 407 2392 a
428 2363 601 2393 consistere.
630 2363 720 2395 Hirt.
752 2364 792 2395 B.

96 2410 206 2442 Afric.
222 2421 252 2443 c.
269 2414 322 2443 31.
341 2413 350 2429 ‘
369 2413 401 2443 in
418 2421 519 2453 opere
535 2412 743 2453 consistere‚’
759 2413 793 2444 id

95 2466 357 2502 &snper-manere.

136 2520 279 2543 xxxvn.
305 2515 326 2543 9
352 2512 547 2554 Interficitur
567 2523 635 2544 cum
656 2513 794 2544 maxima

92 2564 180 2600 parte
207 2563 354 2604 militum]
399 2564 527 2594 Narrat
556 2563 733 2595 Suetonius
758 2564 793 2594 in

94 2609 186 2642 Julio
201 2621 232 2643 c.
254 2621 305 2643 xv.
321 2623 435 2645 casum
458 2615 548 2645 hunc
568 2614 745 2645 adversum
759 2614 792 2644 in

100 2659 320 2693 Germanorum
324 2663 445 2704 finibus
452 2665 581 2696 Caesari
591 2663 770 2705 contigisse
783 2675 790 2694 ;

97 2709 186 2749 quod
206 2713 283 2743 eum
306 2713 447 2745 Caesaris
467 2714 632 2745 relatione
656 2714 690 2744 in
713 2723 791 2745 con-

95 2758 243 2793 cordiam
251 2762 404 2804 redigere
412 2764 544 2807 nequiit
552 2764 664 2798 Julius
673 2765 791 2796 Celsus

1440 196 1551 239 1113

849 298 908 327 vit.
926 298 1010 329 Car—s.
1027 310 1058 338 p.
1077 302 1127 330 9-1.
1145 299 1207 330 Ed.
1223 299 1330 330 Lond-
1358 299 1425 330 Sed
1444 300 1552 333 iserat

850 347 979 379 facilis:
1016 350 1192 380 Eburones
1220 351 1375 381 nimirum
1401 350 1552 382 Germani

848 399 1066 430 vocabantur.
1107 400 1193 430 Vide
1211 401 1249 431 B.
1275 401 1318 432 G.
1341 410 1382 432 n.
1408 404 1437 434 3.
1461 407 1496 434 et
1519 406 1552 435 4.

850 448 959 479 Daris.

891 500 931 528 14
959 497 1026 537 Illi]
1051 498 1126 529 Hoc
1149 506 1212 538 cst,
1233 501 1368 541 Reliqui,
1385 502 1439 542 qui
1462 512 1496 533 se
1513 502 1547 533 in

849 553 960 580 castra
999 555 1211 589 receperant.
1265 552 1386 592 Sicqne
1425 553 1550 584 habent

850 600 930 631 Mss.
950 599 1073 630 Eliens.
1090 604 1124 630 ct
1145 600 1263 639 vossii,
1286 608 1320 633 et
1339 603 1427 634 Edit.
1453 603 1551 635 Rom.

848 650 1000 689 Scaliger
1021 656 1056 681 ct
1079 651 1313 691 Recentiores,
1329 654 1410 684 Alii.
1450 654 1550 686 Quod

849 711 889 732 eo
907 701 1097 741 significatu
1116 702 1172 732 vix
1187 703 1340 734 Latinum
1353 710 1416 735 est.
1441 706 1548 736 Clark.

851 752 902 782 Illi
916 756 1010 783 recte
1025 753 1174 784 restituit
1191 753 1367 791 Clarkius;
1393 754 1451 784 sed
1465 756 1550 786 male

849 802 890 834 ad
905 803 1113 843 Scaligerum
1137 802 1243 834 refert
1258 803 1295 832 τὸ
1315 804 1388 834 alii:
1411 813 1484 834 curn
1502 805 1550 835 ita

842 852 913 892 jam
943 852 1113 883 ediderint
1140 853 1280 884 Mediol.
1313 854 1399 884 Ven.
1426 853 1549 893 Aldus,

850 902 1031 942 Grypliius‚
1042 903 1231 942 Piantiuus,
1242 903 1365 944 aliique
1378 915 1386 940 ;
1401 904 1490 945 quod
1506 914 1549 936 ex

849 953 930 983 meis
941 959 1126 993 agnoscunt
1141 953 1548 986 solirecentissimiCodd.

851 1003 956 1043 Βοῦς.
972 1008 1051 1033 tert.
1072 1003 1203 1033 Duker.
1219 1008 1254 1033 et
1271 1004 1365 1034 Leid.
1383 1014 1450 1036 sec.

893 1062 1049 1084 xxxvnr.
1085 1056 1103 1084 7
1130 1053 1313 1090 Interfector}
1342 1063 1404 1084 esse
1433 1055 1550 1094 legatos

848 1103 938 1142 duos]
981 1102 1021 1133 In
1046 1103 1111 1134 Ms.
1127 1102 1263 1133 Andino
1285 1104 1404 1141 legatos
1425 1104 1482 1134 duo
1499 1113 1549 1135 re—

849 1155 937 1195 perit
964 1155 1065 1187 Joan.
1097 1155 1151 1186 Fr.
1178 1155 1382 1195 Gronovius,
1413 1155 1469 1196 qui
1499 1155 1549 1186 ita

846 1205 1026 1245 legendum
1039 1204 1176 1236 statuit:
1200 1209 1334 1236 constat
1347 1205 1435 1236 enim
1447 1215 1549 1236 casum

846 1254 1065 1286 ,accusativum
1080 1255 1241 1286 masculini
1259 1255 1390 1287 Generis
1411 1256 1472 1287 hoc
1495 1256 1549 1286 vel

847 1304 904 1335 illo
922 1305 1022 1336 modo
1038 1305 1268 1337 enunciatum.
1291 1306 1379 1337 Vide
1394 1307 1455 1337 viri
1469 1306 1548 1338 doc·

846 1354 967 1385 tissimi
1011 1361 1107 1387 notas
1147 1356 1189 1386 ad
1234 1356 1319 1387 Livii
1349 1365 1463 1389 xxxv.
1492 1360 1546 1388 21.

848 1404 962 1436 Daris.
1001 1405 1074 1436 Duo
1089 1406 1244 1446 rescripsi
1260 1416 1336 1438 cum
1361 1407 1545 1439 Gronovio.

846 1454 941 1485 Infra
957 1464 1022 1486 vu.
1039 1459 1092 1486 33.
1116 1457 1125 1473 ‘
1143 1457 1237 1487 Duos
1256 1466 1298 1487 ex
1314 1466 1381 1487 una
1395 1456 1547 1497 familia,’

847 1514 912 1536 non
935 1505 1034 1536 modo
1050 1505 1191 1545 Audin„
1207 1507 1267 1538 sed
1288 1507 1384 1538 multi
1403 1507 1546 1539 Codices

847 1557 1062 1588 vetustissimi
1079 1558 1138 1589 duo
1153 1559 1333 1591 exhibent:
1358 1560 1414 1590 nbi
1435 1560 1546 1592 dicam

847 1607 954 1646 plura.
995 1608 1180 1639 Numerum
1203 1609 1258 1641 hic
1275 1610 1401 1641 omittit
1419 1612 1544 1642 Lovan.

890 1666 1023 1688 xxnx.
1052 1661 1067 1688 l
1101 1659 1282 1699 Ceutrones]
1318 1660 1400 1692 Cum
1415 1661 1473 1692 hos
1488 1671 1546 1701 po-

846 1707 941 1747 pulos
970 1713 1034 1738 non
1058 1707 1159 1739 facile
1178 1715 1379 1741 memoratos
1406 1711 1447 1742 ab
1471 1711 1545 1742 aliis

844 1756 1006 1797 invenies,
1036 1759 1150 1789 nescio
1178 1768 1239 1790 cur
1267 1760 1330 1791 viri
1361 1761 1453 1792 docti
1478 1771 1545 1792 nou

845 1806 952 1836 secuti
964 1807 1032 1838 sint
1043 1808 1243 1847 optimorum
1255 1810 1417 1842 Codicum
1431 1812 1544 1844 fidem.

845 1857 948 1888 Certe
972 1858 1006 1888 iu
1036 1859 1200 1898 Bongars.
1226 1860 1346 1900 primo,
1369 1871 1436 1892 sec.
1460 1862 1543 1893 Vos—

843 1908 936 1938 siano
953 1917 1004 1948 pr.
1026 1909 1186 1940 Leidensi
1208 1920 1258 1950 pr.
1278 1911 1398 1943 Petav.
1415 1913 1543 1944 Lovau.

844 1957 1011 1997 Egmund.
1035 1958 1160 1999 Scalig.
1185 1960 1326 2002 aliisque
1349 1962 1463 1994 multis
1487 1973 1544 1994 ex-

843 2011 974 2038 aratum
1002 2013 1055 2039 est
1081 2009 1265 2041 Ceutrones:
1296 2012 1386 2052 quod
1414 2013 1543 2046 idcirco

843 2059 996 2098 reposui:
1039 2059 1147 2091 donec
1173 2061 1299 2093 certior
1327 2062 1401 2103 ejus
1428 2065 1543 2105 populi

843 2108 938 2139 nobis
957 2108 1017 2139 fiat
1033 2110 1165 2141 notitia.
1204 2111 1293 2142 Dein
1316 2112 1422 2153 ignoti
1439 2114 1542 2146 etiam

843 2168 919 2189 cum
942 2159 1014 2189 aliis
1038 2160 1228 2192 Pleumosii:
1256 2172 1359 2202 quare
1383 2164 1543 2204 rescripsi

843 2208 1060 2239 Pleumoxios:
1093 2219 1158 2240 non
1187 2210 1277 2251 quod
1303 2215 1374 2242 tum
1397 2222 1454 2243 eos
1484 2223 1543 2244 no-

842 2267 946 2298 scam,
967 2259 1027 2290 sed
1044 2260 1132 2300 qnod
1155 2260 1203 2292 ita
1225 2261 1307 2292 dent
1325 2262 1407 2294 Mss.
1423 2264 1541 2304 CuJac.

843 2308 952 2349 Bong.
969 2319 1018 2349 pr.
1033 2319 1100 2340 sec.
1119 2311 1202 2342 Lov.
1225 2314 1289 2342 et4
1307 2312 1376 2352 alii,
1401 2313 1541 2344 Pleume-

841 2359 941 2390 ximos
957 2360 1054 2391 Leid.
1075 2370 1125 2401 pr.
1141 2361 1264 2401 Scalig.
1282 2362 1380 2393 Voss.
1395 2364 1492 2404 prim.
1506 2368 1543 2395 et

843 2409 1050 2440 recentiores
1072 2414 1093 2441 6
1120 2421 1195 2441 cum
1218 2411 1281 2443 Ed.
1298 2412 1370 2443 Inc.
1399 2413 1542 2445 Pleuma-

841 2458 928 2490 ,τίιοε
942 2459 1064 2491 Petav.
1091 2461 1180 2492 unde
1206 2466 1315 2502 patet,
1331 2462 1365 2493 iu
1388 2463 1540 2494 omnibus

843 2510 972 2541 servari
986 2510 1137 2542 litteram
1147 2523 1182 2543 x.
1208 2513 1367 2554 Denique
1380 2514 1541 2544 Gor-dunos

843 2558 953 2596 rullus
976 2562 1130 2602 agnoscit
1147 2562 1276 2602 Codex,
1299 2563 1358 2594 sed
1383 2563 1542 2593 Geiaelunos

843 2611 896 2642 vel
911 2611 1091 2643 Geidunnos
1104 2613 1212 2653 Bong.
1231 2623 1281 2653 pr.
1295 2622 1362 2644 sec.
1381 2618 1459 2644 tert.
1475 2614 1539 2644 Cu·

835 2663 908 2703 jac.
921 2663 1019 2694 Voss.
1040 2674 1093 2704 pr.
1110 2669 1145 2695 et
1158 2668 1176 2695 7
1194 2664 1251 2694 alii
1271 2673 1346 2695 cum
1361 2664 1488 2694 Low-an.
1504 2669 1541 2696 et

841 2714 906 2745 Ed.
923 2714 996 2746 Ine.
1012 2715 1103 2756 quod
1124 2714 1232 2745 idciro
1248 2713 1425 2752 rescripsi:
1453 2713 1538 2744 Geu-

840 2764 955 2796 dunnos
970 2764 1066 2796 Lcid.
1089 2774 1140 2805 pr.
1156 2769 1191 2794 et
1214 2763 1300 2794 Scal.
1320 2763 1399 2794 Ged.
1415 2763 1537 2795 Petav.
