1883 3121
194 216 307 258 1372

194 323 360 361 sequente
370 319 432 359 qui.
450 317 623 359 Illudque,
638 317 720 348 Pons
732 317 797 358 qui,
808 317 898 348 idem

194 371 296 411 plane
319 370 400 404 erit,
431 378 470 399 ac
496 367 524 398 si
548 367 692 399 dixisset
717 368 781 403 Qui
804 367 898 399 Pons.

196 419 486 454 Quemadmodum
518 416 606 449 infra
633 419 720 459 ξῦ9.
752 418 900 457 ‘Caesar,

196 471 253 511 qui
279 469 651 508 milites—venerunt,
673 477 802 500 summa
826 467 898 498 dili-

197 520 313 560 gentia
348 519 505 560 conquiri
540 523 576 550 et
612 519 742 550 remitti
775 518 899 559 jubet!

195 569 419 601 Grammatici
441 569 589 610 priorem
613 569 705 600 illam
727 574 899 600 construc-

194 621 334 659 tionem,
351 620 436 651 Pons
448 620 501 660 qui
599 630 609 656 ,·
633 620 724 659 hunc,
741 622 792 659 &a
806 620 899 660 inep-

195 670 323 702 tissime
337 671 513 711 appellant
536 670 731 711 Antiptosin‚
753 672 815 702 hoc
834 675 898 708 est,

196 722 416 752 Soloeciemum.
465 721 555 754 Quid
591 723 680 754 enim
718 721 809 753 aliud
847 726 901 752 est

196 772 401 811 Soloecismus,
417 772 479 803 nisi
498 773 601 804 Casus
624 782 686 813 pro
705 772 804 811 Casu,
829 772 900 803 Nu·

195 831 307 854 merus
342 832 404 863 pro
444 823 610 861 Numero,
645 823 796 863 Tempus
839 831 900 862 pro

194 872 361 913 Tempore
379 873 546 913 positum?
591 873 674 905 Quae
689 873 716 903 si
733 871 813 903 ferri
828 881 901 912 pos-

195 927 249 954 set
266 924 453 964 Anfiptosis,
470 923 622 954 licuisset
639 923 754 963 utique
772 922 900 953 Caesari

196 979 266 1004 tam
279 974 415 1014 dixisse,
438 973 553 1005 Pontis
572 974 624 1014 qui
648 974 702 1005 vel
730 974 827 1004 Ponti
848 974 900 1014 qui

196 1033 296 1064 quam
314 1024 399 1055 Pons
415 1024 478 1064 qui.
502 1024 749 1065 *Virgilioquffi
769 1024 778 1040 ⁴
797 1023 900 1054 Urbis·

198 1083 296 1114 quam
323 1078 449 1115 statuo,
474 1079 591 1106 vestra
618 1074 694 1113 est‚'
731 1083 826 1115 aeque
859 1083 898 1105 ac

202 1124 315 1156 Urbem
327 1135 427 1166 quam.
472 1125 711 1166 Terentioque,
731 1125 834 1165 ‘quas
855 1123 901 1154 fe-

197 1175 301 1206 cisset
321 1175 468 1215 fabulis‚'
495 1185 591 1217 aeque
607 1185 646 1206 ac
664 1174 813 1212 fabulas:
834 1184 899 1215 quo

196 1225 279 1265 fingi
301 1226 381 1266 qnid
402 1230 515 1266 potest
535 1225 707 1266 ineptius?
755 1226 899 1263 Revera,

203 1275 317 1307 Urbem
331 1287 422 1316 quam
441 1277 522 1307 niliil
541 1281 592 1307 est
613 1275 702 1306 aliud
718 1275 779 1306 nisi
798 1276 900 1310 Quum

202 1326 326 1357 Urbem.
386 1327 460 1357 Nec
487 1328 572 1357 Pons
599 1327 652 1366 qui
683 1326 772 1356 aliud
806 1326 900 1366 quid-

200 1386 298 1416 quam
323 1387 421 1417 quam
448 1377 512 1411 Qui
534 1377 634 1407 Pons.-
664 1377 740 1407 Nec
760 1387 836 1416 quas
849 1377 901 1414 se-

199 1427 290 1456 cisset
305 1425 434 1463 fabulas
452 1435 551 1467 quam
573 1437 649 1466 quas
664 1426 793 1465 fabulas
807 1426 903 1464 secis-

197 1480 264 1507 set:
289 1476 390 1509 Quod
411 1476 545 1507 deinum
565 1476 649 1507 adeo
675 1487 740 1507 nou
756 1478 904 1518 Antipto-

198 1527 242 1558 sis
261 1531 323 1567 est,
348 1532 386 1558 ut
409 1538 428 1559 e
451 1527 620 1558 contrario
645 1527 830 1567 simplicior
859 1528 903 1559 sit

199 1577 372 1619 magisque
404 1578 566 1609 naturalis
597 1577 775 1608 verborum
811 1577 905 1618 ordo,

199 1638 299 1669 quam
320 1628 347 1659 si
372 1628 511 1659 dixisset
541 1628 651 1659 Poeta
675 1627 903 1668 qnassecissct,

192 1679 323 1716 fabulae.
371 1679 534 1710 Similiter
563 1680 594 1710 in
624 1679 688 1710 ista
719 1680 904 1719 locutione,

201 1730 278 1760 Idne
301 1730 374 1760 estis
396 1731 532 1761 Antores
553 1729 652 1762 mihi?
678 1740 743 1761 non
769 1730 905 1769 ponitur

198 1780 231 1810 id
258 1790 320 1820 pro
352 1781 440 1819 ejus;
473 1780 562 1821 quod
589 1780 731 1811 absurde
759 1781 820 1811 sibi
845 1780 905 1811 fin-

201 1836 285 1870 gunt
310 1831 555 1868 Grammatici;
582 1831 640 1862 sed
673 1831 734 1861 lioc
767 1831 904 1869 dicitur,

202 1881 278 1911 Idne
295 1886 332 1912 ut
356 1891 465 1922 agani,
490 1882 564 1912 estis
588 1884 711 1911 autores
738 1882 817 1921 (lioc
842 1887 905 1919 est,

201 1931 364 1971 suadetis)
394 1929 495 1961 mihi?
552 1931 653 1963 Quod
684 1932 782 1969 longe
815 1931 904 1961 aliud

202 1985 255 2012 est
279 1990 318 2012 ac
343 1981 460 2018 EJ'usne
477 1991 534 2011 vos
560 1981 620 2021 ipsi
646 1982 722 2011 estis
745 1980 905 2012 Antores?

201 2032 399 2073 anusniodi
439 2042 588 2063 errorem
628 2032 774 2072 aliquem
806 2038 841 2062 et
873 2032 904 2062 in

201 2082 273 2112 aliis
296 2082 403 2112 latere
429 2081 593 2120 omnibus,
616 2091 690 2122 qua·
716 2081 828 2112 afferri
856 2092 905 2111 so-

199 2132 283 2170 lent,
306 2131 506 2170 Antiptoseos
523 2131 700 2170 exemplis,
719 2132 833 2171 paullo
857 2137 904 2162 at-

200 2183 327 2213 tentius
345 2193 415 2213 rem
439 2181 666 2221 perpendenti
683 2181 781 2212 facile
803 2191 905 2222 appa-

201 2232 302 2264 rebit.
332 2233 441 2263 Clau-lc.

244 2286 263 2314 3
289 2284 395 2324 Neque
419 2287 484 2314 erat
510 2282 655 2322 resectus]
694 2282 778 2313 Haffc
801 2283 905 2313 lectio

202 2338 314 2366 ortum
330 2335 447 2366 habuit
464 2345 482 2364 a
499 2334 698 2375 conjectura
715 2334 791 2364 Pet.
810 2334 905 2364 Ciac-

202 2385 304 2423 conii,
321 2396 418 2426 quem
436 2390 573 2415 secutus
587 2389 639 2415 est
655 2384 728 2416 Jos.
743 2384 905 2423 Scaliger.

202 2436 330 2468 Omnes
359 2436 501 2467 Codices
533 2435 694 2466 exhibent.
725 2445 812 2475 Jvoene
839 2438 905 2465 erut

200 2487 356 2525 resectus‚·
373 2496 433 2517 nec
450 2486 563 2524 video,
586 2496 646 2517 cur
669 2486 725 2516 illa
737 2486 907 2526 scriptura

203 2537 389 2577 rejiciatur.
438 2537 647 2576 Interpunge
675 2536 788 2576 igitur,
818 2547 906 2576 pons,

203 2588 254 2628 qui
269 2587 378 2626 fuerat
396 2590 578 2626 tempestate
594 2588 798 2626 interruptus,
820 2597 906 2626 pcene

203 2641 269 2668 erat
301 2636 443 2675 resectus.
503 2636 595 2667 Hunc
630 2640 731 2674 noctu,
763 2638 815 2675 ἃς.
870 2638 906 2668 Si

204 2688 291 2718 hune
320 2687 453 2728 legendi
484 2686 617 2717 modum
650 2687 786 2727 prola-2,
816 2688 907 2718 nulla

205 2738 272 2768 erit
286 2737 405 2777 figura.
430 2738 540 2768 Daris.
587 2738 707 2779 Neque
724 2740 791 2767 erut
813 2737 907 2775 resec-

204 2790 264 2820 tus.
285 2787 340 2820 Ita
355 2787 538 2821 ediderunt
551 2787 709 2830 Scaliger
726 2792 762 2821 et
779 2788 909 2822 Recen-

943 777 1028 811 ›post
1051 770 1196 807 refectus.

651 223 791 255 NOTAE.
830 223 1050 254 VARIORU
1063 225 1094 253 M
1141 225 1191 254 IN

950 317 1065 349 tiores.
1104 318 1188 349 Mss.
1205 322 1239 348 et
1271 316 1377 348 Editt.
1403 316 1542 357 habent,
1573 326 1652 357 pene

950 372 1016 400 erat
1031 368 1172 408 resectus.
1218 367 1327 400 Quam
1354 369 1548 408 lectionem,
1573 377 1650 399 cum

953 419 1357 457 Davisio,restituendam
1369 418 1534 449 existimo.
1558 418 1650 451 Quid

951 469 1038 499 enim
1068 474 1133 507 est,
1162 469 1378 509 quamobrem
1412 469 1558 507 Fabium,
1583 477 1650 509 quo

951 520 1059 550 minus
1097 525 1235 560 pontem
1267 531 1361 551 suum
1397 520 1537 551 reficere
1569 519 1651 551 inci-

951 575 1059 610 peret,
1083 580 1185 600 inorae
1208 570 1271 600 sibi
1294 571 1478 611 quidquam
1503 570 1653 610 interpo-

951 620 1054 650 suisse
1089 618 1276 659 fingamus?
1315 620 1420 651 Clark.
1468 619 1652 660 Rescripsi‚

946 671 1042 710 jussu
1060 670 1228 700 ustorum
1248 673 1283 700 et
1308 669 1396 700 Edd.
1420 676 1498 701 ante
1527 670 1652 710 Scalig.

947 730 1047 760 pcmze,
1086 719 1304 750 distinctione
1348 719 1500 759 pleniore
1542 721 1655 759 posita

1243 769 1410 800 Oratione
1436 769 1571 810 placide
1595 768 1655 800 flu-

951 825 1043 859 ente,
1059 828 1093 851 et
1111 830 1208 851 sensu
1226 820 1404 860 perspicuo
1420 829 1459 851 ac
1477 829 1567 851 vero.

994 875 1013 902 8
1039 871 1204 911 Consistit]
1234 871 1356 911 Vulge.
1381 870 1533 901 constitit.
1579 870 1654 909 Ego

951 932 994 953 ex
1009 922 1101 953 Edit.
1117 923 1212 952 Rom.
1227 921 1373 959 restitui,
1386 920 1544 951 consistit:
1560 928 1660 960 prop—

952 978 1005 1004 ter
1020 973 1286 1014 praecedentem,
1304 971 1513 1013 proficiscitur
1528 981 1537 1006 ,·
1558 975 1595 1002 et
1609 979 1658 1001 se-

953 1022 1232 1064 quenten]‚sacit.
1258 1023 1364 1053 Clark.
1393 1023 1482 1062 Lege
1504 1021 1658 1059 consistit,

951 1079 989 1105 ut
1021 1075 1172 1114 postulat
1204 1079 1395 1113 temporum
1440 1073 1538 1112 ratio,
1566 1071 1655 1114 quod

951 1124 1053 1155 etiam
1082 1124 1238 1155 Clarkius
1265 1124 1516 1162 animadvertit,
1541 1127 1576 1154 et
1601 1131 1657 1153 ve-

952 1187 1021 1208 ram
1047 1177 1182 1218 quidem
1213 1175 1394 1206 lectionem
1429 1175 1525 1204 Rom.
1554 1173 1657 1204 Bero-

952 1227 1017 1257 ald.
1034 1237 1072 1257 ae
1089 1228 1240 1257 Florent.
1259 1228 1518 1265 repraesentant.
1545 1224 1657 1254 Daris.

952 1286 1021 1307 cur.
1041 1286 1106 1306 see.
1124 1275 1273 1305 Consistit
1290 1274 1390 1305 etiam
1410 1273 1497 1303 Edd.
1518 1271 1658 1303 Mediol.

952 1327 1037 1355 Ven.
1063 1326 1150 1355 Flor.
1168 1323 1342 1358 Beroaldi,
1358 1326 1422 1353 ἃς.
1447 1322 1513 1353 Sed
1539 1327 1659 1353 contra

955 1376 1038 1406 Mss.
1067 1384 1190 1406 omnes.
1238 1374 1350 1405 Pudet
1378 1383 1431 1403 me
1463 1372 1566 1404 toties
1591 1382 1659 1404 mo-

954 1436 1046 1463 nere,
1073 1425 1265 1456 Historicos
1294 1429 1328 1454 et
1355 1425 1524 1455 (za-sarem
1553 1424 1659 1455 solum

954 1476 1143 1507 sexcenties
1183 1475 1215 1505 in
1255 1474 1447 1505 narratione
1488 1474 1662 1518 Tempora

955 1528 1161 1567 conjungere
1180 1526 1285 1556 Prfes.
1311 1529 1347 1555 et
1368 1524 1514 1555 Praeter.
1559 1524 1659 1556 Quod

956 1578 1082 1618 ubique
1102 1577 1260 1607 Davisius
1273 1582 1308 1606 et
1327 1575 1483 1605 Clarkius
1496 1579 1659 1606 inmutare

956 1627 1070 1658 conati
1094 1632 1171 1657 sunt
1197 1626 1247 1656 vel
1271 1625 1343 1665 jam
1367 1624 1596 1655 inmutaruut:
1621 1630 1661 1655 ut

956 1678 1072 1708 statim
1103 1682 1137 1707 et
1179 1676 1282 1707 etiarn
1325 1675 1409 1715 Cap.
1440 1684 1545 1714 praee.
1578 1675 1660 1706 item

956 1738 985 1759 c.
1008 1731 1060 1759 44.
1090 1734 1125 1758 et
1152 1737 1180 1757 c.
1208 1730 1259 1757 05.
1300 1725 1450 1756 Consistit
1475 1726 1527 1756 hic
1556 1726 1662 1765 magis

956 1778 1058 1808 etium
1076 1777 1239 1817 probabat
1255 1777 1393 1807 Hotom.

1001 1831 1039 1857 10
1077 1828 1114 1857 In
1145 1828 1243 1857 medio
1273 1827 1345 1856 colle
1374 1826 1428 1856 sub
1456 1826 1569 1856 castris
1593 1837 1661 1857 con-

955 1877 1055 1916 stitit]
1101 1878 1164 1907 Hs.
1199 1877 1334 1907 Norvic.
1366 1882 1400 1907 et
1431 1876 1528 1907 editt.
1561 1878 1659 1908 Rom.

958 1929 1042 1957 Yen.
1066 1927 1224 1957 neroum.
1243 1927 1368 1957 liabent
1391 1927 1445 1957 sub
1467 1927 1578 1958 castris
1593 1937 1661 1960 cou-

955 1979 1069 2010 stituit.
1094 1979 1155 2007 lioe
1184 1982 1248 2014 cst,
1277 1977 1463 2008 collocavit.
1511 1978 1660 2009 'Velleius

957 2029 1162 2059 l’atcrculus
1187 2037 1226 2058 11.
1251 2030 1302 2058 32.
1328 2027 1527 2068 ‘Reliquias
1546 2037 1659 2059 eornm

956 2078 1229 2110 contractas—in
1251 2082 1343 2108 eei-ta
1362 2077 1441 2108 sede
1460 2069 1661 2110 constituit)

958 2130 1045 2161 Vide
1079 2134 1113 2159 et
1140 2129 1280 2169 hujusce
1306 2128 1380 2159 libri
1412 2139 1441 2159 c.
1461 2131 1513 2160 42.
1561 2128 1660 2162 Hanc

958 2191 1035 2211 sane
1062 2180 1242 2210 lectionem
1272 2178 1438 2219 praefer03
1464 2179 1602 2211 verbnm
1629 2189 1663 2211 e·

957 2232 1023 2262 nini
1048 2230 1137 2271 quim
1167 2229 1361 2268 antecessit,
1399 2230 1580 2269 prat-sentis
1607 2235 1661 2262 est

959 2282 1134 2321 temporie.
1160 2281 1269 2311 Ducis.
1289 2280 1449 2317 Consistit.
1462 2281 1586 2321 Vulgg.
1601 2281 1662 2311 ite-

958 2343 1043 2369 rum,
1061 2332 1210 2362 constitit.
1238 2331 1409 2368 Davisius,
1433 2340 1475 2361 ex
1504 2331 1569 2362 MS.
1592 2330 1661 2362 Eli-

958 2383 1026 2413 ensi
1045 2387 1079 2412 et
1097 2383 1204 2412 Editt.
1234 2381 1326 2412 Vett.
1351 2381 1567 2412 scribendum
1586 2390 1662 2412 cen·

958 2437 1021 2471 set,
1035 2433 1193 2463 constituit
1207 2442 1217 2467 ;
1242 2436 1381 2471 propter
1399 2430 1661 2471 praecedentem,

958 2483 1136 2523 praesentis
1158 2481 1332 2521 temporis,
1358 2482 1471 2512 educit.
1510 2480 1596 2520 Ego,
1623 2484 1662 2512 ut

949 2536 1020 2575 jam
1045 2541 1136 2571 ante,
1160 2533 1286 2564 Aunot.
1308 2542 1411 2572 praec.
1439 2539 1577 2571 repono,
1591 2541 1662 2562 con-

956 2586 1052 2616 sistit.
1085 2584 1191 2614 Clark.
1229 2583 1368 2614 Rectius
1396 2580 1555 2611 Davisius
1583 2581 1663 2612 scri·

957 2635 1103 2667 bendum
1134 2634 1265 2665 censuit
1301 2631 1488 2667 constituat,-
1526 2641 1591 2663 non
1622 2636 1661 2664 ut

957 2686 1043 2718 ratio
1060 2685 1219 2725 temporis
1235 2687 1381 2722 constet,
1403 2682 1461 2713 sed
1490 2683 1569 2723 quia
1594 2682 1662 2716 ista

957 2735 1086 2767 Caesari
1123 2733 1296 2765 familiaris
1335 2732 1476 2771 locutio,
1520 2742 1663 2774 eamque

956 2787 1009 2820 hic
1027 2786 1274 2828 repraesentant
1297 2783 1380 2816 Mss.
1409 2782 1523 2824 Cujac.
1542 2782 1663 2816 Petam
