1872 3115
359 204 453 234 mn.
487 202 538 232 11.
572 202 678 232 cAr.
709 190 750 231 2.
786 201 847 230 nr.
883 201 1038 230 nunno
1071 200 1302 230 GA12L1co.

102 297 207 337 dicat,
224 295 356 339 qnando
375 294 551 335 imperium
568 297 717 324 nostrum
734 297 798 331 est,

102 348 156 379 vel
179 347 314 389 quaudo
343 345 519 385 imperium
543 353 602 374 nos
627 344 798 374 habemns.

100 398 155 429 Sic
172 406 304 438 quoque
321 397 435 427 (ja-sar
452 395 584 425 locutus
597 403 620 425 1.
639 398 689 424 18.
708 396 717 411 ‘
734 394 799 424 lm-

99 449 194 490 perio
212 448 252 478 Ρ.
269 445 309 478 R.
337 455 402 476 nou
428 445 526 476 modo
543 445 586 476 de
609 455 726 485 regno,
741 445 799 475 sed

99 499 200 529 etiam
222 498 264 528 de
290 506 330 527 ea
346 506 444 537 quam
472 496 594 526 babeat
615 497 726 536 gratia
743 495 800 526 de-

97 549 255 588 sperare.'
285 546 418 577 Vossius.
465 546 652 576 Fatendum
677 550 801 584 tamen,

99 597 180 628 illud
207 597 240 626 in
270 605 466 637 comparere
489 597 521 626 iu
546 597 706 635 Bongars.
731 605 799 626 sec.

98 647 172 688 Cuj.
192 647 302 678 Palat.
320 647 414 686 Egm.
430 647 529 677 Gott.
548 645 718 676 Vossianis
735 655 801 675 om-

97 697 205 736 nibus,
236 699 362 728 Lovan.
396 697 524 727 (luobus
556 696 677 727 Leidd.
706 696 799 727 Duk.

98 748 256 786 Dorvill.,
278 752 311 779 et
329 748 459 779 cunctis
482 747 569 778 Edd.
594 748 689 777 Vett.
707 756 729 777 1.
747 749 798 777 33.

98 800 106 815 ‘
127 798 167 830 In
194 803 288 830 tanto
305 798 447 838 imperio
475 798 591 838 populi
620 797 673 828 R!
698 806 800 838 quare

99 858 174 880 cum
200 849 318 880 Cortio
349 848 391 878 acl
416 848 498 879 Sall.
528 848 568 878 B.
598 848 678 887 Jug.
699 857 729 878 c.
747 850 799 877 14.

99 899 108 915 ‘
126 899 167 930 In
192 898 334 939 imperio
350 903 462 929 vestro
486 904 657 930 extorrem
673 898 800 939 patria,’

96 949 160 980 hoe
176 949 251 980 loco
269 949 300 979 in
316 950 390 989 imp.
408 949 566 989 praetuli:
592 959 657 979 non
688 954 800 980 tamen

98 1008 172 1031 cum
199 1008 240 1030 eo
265 999 374 1030 ubivis
400 999 433 1029 id
453 999 552 1029 velim
576 999 725 1030 intrudi:
752 999 800 1030 uti

96 1058 120 1080 1.
140 1052 190 1081 18.
206 1049 253 1080 ait
278 1058 294 1079 a
318 1058 353 1079 se
370 1048 402 1078 iu
428 1049 508 1079 Mss.
526 1054 695 1089 repertum
712 1059 798 1080 esse.

96 1098 135 1129 In
152 1099 243 1130 nullo
259 1108 408 1130 meorum
426 1099 497 1130 illic
515 1105 579 1139 est,
589 1109 700 1140 neque
714 1110 798 1140 opus

95 1157 180 1188 esse,
197 1149 271 1180 aliis
297 1149 462 1189 exemplis
490 1154 600 1189 patet,
629 1149 693 1180 nisi
719 1150 798 1181 veli-

95 1209 168 1230 mus
196 1199 324 1240 ubique
352 1210 370 1229 e
403 1200 486 1230 Mss.
511 1199 645 1230 novitiis
661 1199 798 1240 quibus-

95 1248 171 1280 dam
189 1249 463 1290 praepositionem
486 1250 669 1281 inculcare.
714 1251 797 1282 Vos-

94 1300 142 1331 sio
160 1300 215 1331 hic
237 1299 466 1340 adstipulatur
490 1300 659 1340 Clarkhm,
683 1305 718 1331 et
745 1311 798 1332 ca·

95 1356 172 1381 rent
196 1351 228 1381 in
255 1351 364 1391 Bong.
396 1361 449 1392 pr.
471 1351 595 1391 Scalig.
624 1352 797 1383 Leidensis

96 1410 146 1441 pr.
165 1404 200 1432 et
216 1401 282 1433 alii.
314 1401 451 1441 Imperio
475 1402 540 1433 i.e.
563 1401 642 1432 dum
665 1411 724 1432 nos
751 1403 797 1433 ibi

94 1451 311 1491 imperamus.
340 1451 427 1481 Vide
445 1451 487 1481 ad
503 1451 536 1482 J.
554 1450 681 1491 Obseq.
697 1462 726 1483 c.
745 1455 796 1483 61.

96 1506 131 1532 et
163 1502 234 1532 Cel.
262 1501 438 1532 Drakenb.
461 1500 503 1531 ad
532 1501 661 1531 Livium
685 1510 725 1531 11.
743 1503 795 1531 36.

92 1554 100 1568 ‘
118 1551 219 1582 Ludis
247 1550 371 1589 mane‚'
402 1553 464 1581 διε.
502 1550 601 1581 Adde
623 1559 652 1581 c.
679 1553 732 1581 25.
762 1554 796 1581 et

95 1611 178 1634 vm.
192 1605 244 1633 96.
262 1603 270 1619 ‘
289 1601 412 1633 Galliae
427 1599 647 1632 defectione!
664 1602 705 1632 B.
724 1600 795 1632 Civ.

97 1655 205 1684 11.30.
238 1653 247 1669 ‘
264 1652 407 1682 militum
424 1649 595 1681 consiliis?
629 1650 721 1681 Hirt.
754 1650 796 1681 B.

97 1703 194 1734 Alex.
209 1712 238 1734 c.
250 1705 279 1733 1.
294 1701 466 1732 ‘incendio
477 1706 547 1731 tuta
559 1705 611 1732 est
622 1700 687 1732 A1.’
703 1711 732 1731 c.
745 1703 796 1732 34.

97 1755 105 1768 ‘
123 1751 346 1791 occupatione
371 1750 449 1781 belli
473 1749 605 1780 civilis.'
628 1751 716 1790 Nep.
733 1751 797 1781 Pe-

93 1803 161 1842 lop.
179 1811 209 1833 c.
222 1805 253 1832 4.
272 1802 280 1817 ‘
299 1800 456 1833 Leutrica
472 1799 609 1840 pugna.’
637 1800 693 1831 Sic
710 1801 794 1831 Mss.

94 1861 160 1883 non
187 1852 219 1882 in
243 1851 281 1882 L.
319 1851 380 1882 Uti
403 1849 520 1881 videre
551 1854 604 1880 est
631 1850 665 1880 in
693 1851 794 1881 notis.

94 1901 280 1934 Adleverat
303 1911 371 1932 orae
396 1900 474 1932 libri
498 1900 549 1931 sui
574 1901 620 1932 N.
636 1901 797 1932 Heinsius

94 1963 128 1984 ea
143 1952 198 1984 sub
213 1952 343 1993 imperio
358 1962 389 1983 n.

135 2011 174 2033 11.
198 2005 218 2033 2
245 2003 374 2033 Ineunte
387 2001 510 2041 oestute]
532 2000 588 2032 Sic
605 2001 689 2032 Mss.
705 2000 794 2041 Reg.

93 2056 129 2084 et
158 2051 283 2090 vossii,
311 2056 347 2082 et
378 2051 484 2082 Editt.
512 2051 610 2082 Rom.
654 2051 795 2082 Graecus

92 2103 189 2141 item,
205 2101 458 2132 'APXOMENOT
471 2102 528 2132 τοῦ
544 2100 656 2141 θέρους.
690 2102 795 2133 Scali-

96 2161 155 2192 ger
198 2156 234 2182 et
269 2152 503 2191 Recentiores,
541 2152 627 2183 inita
668 2155 795 2183 oestute:

96 2201 185 2242 quod
223 2205 259 2232 et
285 2201 318 2231 iu
353 2202 421 2232 Ms.
455 2201 584 2232 Eliensi
614 2203 795 2242 reperitur.

96 2252 201 2282 Clark.
254 2251 384 2282 Ineunte
421 2252 548 2292 legitur
587 2262 720 2293 quoque
761 2253 794 2283 in

95 2301 191 2333 Leid.
220 2311 272 2342 pr.
297 2311 366 2334 sec.
390 2303 488 2334 Voss.
511 2312 560 2343 pr.
584 2303 696 2334 Oxou.
726 2302 796 2334 An-

95 2350 164 2383 din.
180 2356 216 2383 et
232 2351 338 2382 tribus
355 2351 441 2391 aliis,
456 2361 495 2382 ac
512 2353 681 2393 plerisque
706 2352 793 2383 Edd.

94 2401 272 2444 Antiquis3
296 2402 356 2433 sed
378 2402 534 2441 Ursinus,
550 2403 711 2442 Faernus,
725 2403 795 2434 Ho-

94 2456 174 2484 tom.
203 2457 238 2484 et
267 2453 398 2484 Brautii
422 2452 680 2491 Codices‚-item
709 2454 798 2485 Bon-

94 2503 239 2543 garsiaui
254 2507 334 2542 tres,
353 2503 468 2543 Cujac.
490 2503 523 2534 in
541 2513 606 2544 quo
622 2503 719 2534 hieme
736 2513 797 2543 pro

92 2556 212 2592 oestate,
230 2554 351 2585 Petav.
370 2553 537 2594 Egmoutl.
552 2558 588 2585 et
605 2554 712 2585 ceteri
722 2564 797 2586 cum

95 2602 156 2633 Ed.
183 2603 323 2635 Incerta
347 2604 504 2644 praebent
521 2604 622 2635 inita.-
647 2604 734 2644 qnod
751 2604 799 2635 id-

94 2651 184 2684 circo
200 2653 335 2685 minime
360 2654 577 2694 proscribere
597 2654 709 2685 velim.
757 2654 798 2685 In

94 2700 160 2734 fine
172 2703 270 2744 hujus
283 2704 379 2736 libri‘
391 2704 474 2736 inita
489 2704 641 2745 proxima
655 2703 798 2736 a‘statel

94 2760 149 2784 ιιι.
166 2754 199 2783 7.
220 2752 229 2770 ‘
245 2752 336 2786 Inita
356 2753 487 2787 hieme!
506 2763 540 2786 v.
554 2757 609 2786 23.
622 2754 632 2772 ‘
649 2754 733 2786 inita
746 2763 797 2786 se-

1469 188 1553 229 969

852 293 962 323 cunda
978 293 1122 333 vigilia?
1149 292 1204 323 nbi
1227 291 1302 322 vide
1324 296 1447 322 tamen.
1485 291 1554 322 Sed

851 347 886 372 et
916 343 1006 373 Hirt.
1040 344 1078 374 Β.
1110 343 1215 374 At'rie.
1248 353 1279 373 c.
1310 345 1366 374 26.
1398 343 1407 359 ‘
1431 346 1553 373 aestate

852 393 962 423 inita.’

871 447 890 473 5
916 443 1099 473 Interiorem
1129 443 1282 483 Galliam]
1312 444 1403 483 Lego
1430 443 1556 474 ulterio-

850 503 915 523 rem
938 493 1099 529 Gallicum
1122 494 1170 523 uti
1199 499 1293 524 recte
1319 494 1351 523 iu
1385 494 1554 533 prioribus

851 546 1054 576 editionibus
1080 545 1204 584 fuerat,
1230 545 1318 586 qnod
1341 546 1551 586 Scaligerum

852 600 997 626 mutasse
1028 596 1140 626 miror.
1181 595 1378 635 Anonymns
1408 605 1555 638 quoqne,

852 647 860 663 ‘
876 655 1002 686 eosque
1040 656 1101 686 per
1139 647 1183 678 Q.
1216 646 1360 676 Pedium
1402 647 1553 685 legatum

850 707 943 727 mium
961 698 1155 728 ulteriorem
1174 697 1206 726 in
1223 697 1369 727 Galliam
1383 697 1554 728 transmit-

852 748 915 779 tit!
956 748 1089 779 Vossius.
1138 747 1223 778 Haec
1252 758 1332 779 vera
1355 753 1408 778 est
1438 749 1553 788 lectio,

850 799 933 830 licet
958 798 1147 838 refragetur
1172 799 1217 830 D.
1246 799 1399 837 Vossius,
1432 809 1470 830 ac
1507 799 1555 829 in-

851 849 1012 889 dignetur
1036 850 1222 890 Sealigero,
1252 850 1498 891 antiquissimas
1522 859 1555 881 e-

851 901 928 933 ditt.
951 906 1089 939 secuto;
1114 902 1162 932 ita
1187 903 1276 932 enim
1303 902 1464 933 exhibent
1487 912 1553 933 non

851 952 956 982 solum
988 953 1054 983 ΜΞ.
1086 953 1193 983 Norv.
1228 952 1287 982 sed
1317 952 1419 983 etiam
1449 951 1550 983 editt.

852 1002 951 1033 Rom.
968 1003 1054 1033 Ven.
1076 1002 1236 1033 Beroaltl.
1275 1003 1319 1033 Et
1336 1003 1465 1043 optime
1482 1003 1555 1043 qui-

850 1052 948 1091 dem;
974 1053 1005 1083 id
1024 1054 1114 1083 enim
1141 1057 1281 1083 vocatur
1304 1053 1447 1092 interius,
1461 1053 1551 1094 quod

850 1103 891 1134 ab
905 1104 1066 1135 extremis
1090 1103 1215 1134 finibus
1232 1104 1331 1143 longe
1348 1107 1554 1134 removetur.

850 1155 900 1186 Cl.
925 1154 1149 1185 Mamertinus
1174 1154 1259 1185 Pan.
1277 1163 1317 1184 11.
1337 1156 1387 1184 14.
1406 1157 1436 1184 1.
1461 1155 1469 1170 ‘
1485 1154 1556 1184 Vos

849 1205 880 1235 in
906 1205 1070 1236 interiora
1097 1205 1229 1246 imperii
1245 1196 1351 1236 Vestri
1376 1203 1555 1235 secesseri-

849 1255 915 1287 tis!
939 1256 1076 1287 Tacitus
1093 1256 1215 1286 Annal.
1228 1264 1268 1286 11.
1285 1257 1338 1286 24.
1357 1255 1365 1271 ‘
1386 1254 1556 1294 Redemp-

848 1311 899 1337 tos
915 1307 956 1338 ab
976 1307 1197 1338 interioribus
1213 1304 1427 1347 (Germanis)
1443 1305 1556 1337 reddi-

848 1357 953 1388 dere!
988 1358 1107 1398 Pomp.
1135 1358 1227 1388 Mela
1244 1367 1267 1388 1.
1285 1360 1316 1388 2.
1345 1367 1379 1397 p.
1399 1360 1449 1387 18.
1474 1360 1482 1373 ⁶
1501 1356 1556 1387 In-

848 1407 984 1447 teriora,
1013 1412 1049 1439 et
1075 1408 1196 1438 littora
1226 1410 1345 1438 tenent
1375 1415 1480 1446 usqne
1513 1404 1555 1435 ad

850 1458 957 1488 sinum
974 1457 1173 1489 Persicum.’
1209 1458 1314 1488 Plura
1330 1461 1407 1486 sunt
1427 1455 1468 1486 ad
1485 1465 1555 1486 ma—

849 1516 927 1543 num
944 1507 1113 1546 exempla,
1136 1506 1195 1537 sed
1213 1506 1262 1537 rei
1277 1506 1461 1537 notissimae
1486 1515 1554 1537 non

849 1555 1066 1586 immorabor.
1086 1555 1197 1586 Daris.
1222 1554 1350 1586 Omnes
1367 1556 1430 1586 mei
1445 1555 1554 1586 Codd.

848 1609 883 1636 et
899 1606 1040 1636 aliorum
1058 1615 1098 1637 ac
1114 1605 1202 1637 Edd.
1218 1606 1313 1636 Vett.
1331 1605 1459 1636 habent
1474 1615 1553 1646 quo-

849 1665 914 1696 que
931 1656 1122 1695 interiorem,
1147 1659 1275 1696 praeter
1293 1655 1439 1696 optimos
1455 1655 1555 1687 Codi-

850 1716 906 1737 ces
940 1706 1052 1737 Oxon.
1091 1705 1217 1746 Scalig.
1257 1710 1293 1736 et
1330 1705 1422 1736 Leid.
1455 1706 1556 1745 prim.

850 1757 976 1796 Quare,
994 1757 1076 1787 licet
1092 1755 1290 1787 retinuerim
1303 1755 1553 1796 receptamjam

848 1806 1043 1843 lectionem,
1059 1807 1189 1837 ulterior
1212 1805 1338 1836 rectius
1360 1805 1440 1836 mihi
1464 1805 1555 1836 vide-

849 1861 917 1896 tur,
933 1861 972 1887 ut
985 1856 1180 1897 obpositum
1194 1856 1346 1896 citeriori,
1356 1865 1454 1897 quam
1471 1857 1554 1887 alte-

848 1915 934 1946 rum,
952 1906 1144 1947 praesertim
1160 1916 1235 1938 cum
1249 1905 1354 1946 magis
1372 1911 1463 1938 amet
1479 1907 1555 1938 Cre·

848 1967 903 1988 sar
929 1958 1074 1989 Galliam
1099 1967 1223 1988 vocare
1251 1957 1438 1996 ulteriorem,
1454 1966 1553 1998 quam

847 2008 1036 2039 interiorem.

891 2061 931 2089 10
965 2059 1016 2090 Ad
1043 2068 1092 2089 eos
1116 2058 1376 2100 proficisceretur]
1408 2058 1553 2090 Graecus

846 2108 908 2140 ὭΣ
923 2111 1096 2141 ΤΑΧΙΣΤΑ
1114 2107 1200 2139 ἰέναι.
1240 2108 1439 2149 Cujusmodi
1457 2118 1555 2139 voca-

847 2159 961 2191 bulum
990 2159 1126 2200 aliquod
1150 2159 1270 2190 deesse
1298 2158 1449 2191 videtur.
1486 2159 1554 2190 Re-

848 2209 1022 2240 centiores
1038 2209 1146 2240 Editt.
1162 2210 1200 2240 ad
1215 2219 1264 2240 eos
1280 2208 1480 2240 duodecimo
1496 2209 1553 2240 die

843 2260 1103 2301 prtficisceretur.
1141 2259 1240 2292 Quod
1256 2264 1367 2291 tamen
1385 2259 1417 2290 in
1434 2259 1553 2300 pleris-

848 2320 914 2350 que
934 2310 1016 2341 Mss.
1035 2319 1102 2341 nou
1113 2310 1296 2350 reperitur.
1315 2310 1424 2340 Clark.
1464 2309 1553 2341 Gru—

848 2364 941 2391 terus
967 2370 1099 2401 quoque.
1124 2361 1215 2391 duod.
1238 2360 1289 2390 (lie
1310 2359 1455 2390 credidit
1477 2368 1551 2390 esse

847 2411 973 2451 spuria,
994 2416 1031 2442 et
1047 2420 1089 2442 ex
1114 2410 1231 2442 Ursini
1259 2411 1352 2441 Msto
1369 2410 1402 2440 in
1421 2415 1551 2440 textum

848 2462 988 2502 intrusa,
1013 2466 1049 2493 et
1072 2466 1167 2493 certe
1195 2463 1319 2502 praeter
1343 2461 1439 2491 Vett.
1463 2459 1550 2490 Edd.

847 2521 921 2552 quae
946 2521 1001 2542 eas
1027 2520 1128 2542 voces
1144 2511 1311 2550 ignorant,
1334 2509 1456 2540 desunt
1472 2518 1552 2549 quo-

848 2572 914 2602 que
942 2562 976 2593 in
1002 2563 1166 2602 Bongars.
1194 2560 1317 2601 primo,
1340 2569 1408 2590 sec.
1426 2558 1550 2588 Petav.

847 2612 958 2643 Palat.
989 2612 1101 2644 Oxon.
1129 2612 1256 2642 Lovan.
1288 2608 1421 2639 Duker.
1452 2607 1556 2638 Leid..

846 2663 950 2693 tertio
977 2667 1013 2693 et
1041 2662 1186 2694 Dorvill.
1223 2659 1328 2690 Uncis
1352 2658 1467 2698 itaque
1492 2667 1553 2689 eas

845 2711 967 2743 inclusi
982 2723 991 2750 ;
1015 2721 1091 2742 nam
1106 2711 1231 2751 ejicere
1245 2708 1287 2738 ob
1305 2707 1443 2738 aliorum
1459 2707 1551 2738 codi-

846 2771 923 2794 cum
937 2762 1176 2795 auctoritatem
1193 2769 1259 2791 non
1279 2768 1376 2791 ausus
1400 2757 1448 2790 fui
1471 2768 1546 2791 cum
