1818 3131
254 211 367 256 1308

254 314 324 355 ina,
341 321 376 346 et
392 315 522 346 infirma
536 315 751 347 reddidisset.

298 374 456 397 xxxviii.
474 367 492 395 3
519 365 724 398 Consiliorum
743 366 955 406 capiendorum

256 414 508 454 Belgissaculeas
519 415 566 456 εἰ]
579 415 635 446 Sic
645 415 780 456 quidem
793 416 874 447 Mss.
887 417 955 457 ple-

255 466 349 505 rique
358 464 489 496 etEdd.
499 465 629 505 primae.
644 465 709 496 Sed
719 475 778 497 cur
787 475 850 497 non
862 476 954 506 repe-

254 515 297 546 tit
313 513 510 546 Bellovacis?
533 516 623 556 quod
639 516 797 548 videntur
813 517 953 548 sensisse

254 565 381 596 librarii
399 565 546 607 quidam,
564 567 620 607 qui
636 576 697 607 pro
713 567 884 598 Bellovacis
901 567 955 597 de-

255 615 336 646 dere
352 625 455 656 supra
472 615 593 655 Belgis,
604 616 635 647 in
652 616 772 657 quibus
788 622 865 647 sunt
878 617 955 647 Bel-

254 666 362 697 lovaci
378 676 387 704 3
431 666 487 707 qui
524 667 695 708 praecipue
735 673 956 707 susceperant

256 714 396 754 bellum,
411 715 469 746 sed
497 720 532 746 et
558 716 631 747 aliae
657 716 811 747 civitates
836 716 956 755 Belga-

255 774 330 796 rum
354 774 390 796 se
417 765 455 796 iis
476 765 674 805 junxerant.
718 765 806 795 Vide
831 774 956 804 praece-

255 814 373 846 dentia
399 818 435 845 et
463 815 601 846 Cluver.
624 814 741 844 Germ.
760 822 800 845 11.
824 818 875 845 11.
900 815 956 856 qui

255 863 346 895 infra
362 873 392 895 c.
409 866 461 894 54.
477 874 538 904 pro
555 864 666 903 Belgis
682 864 857 895 substituit
871 863 957 896 frus-

256 919 311 945 tra
325 915 513 955 Bellovacos,
535 915 591 955 qui
616 915 697 946 satis
724 915 958 957 intelliguntur

256 964 347 996 inde.
392 966 505 998 Quare
521 965 601 996 nihil
616 970 743 996 temere
758 970 872 997 muto:
899 967 956 997 sed

255 1015 420 1046 eruditior
436 1015 572 1046 videtur
587 1016 700 1056 lectio,
715 1026 814 1058 quam
831 1021 868 1047 ut
885 1027 960 1057 pro-

256 1065 361 1097 ficisci
378 1067 530 1107 potuerit
555 1077 573 1097 a
596 1067 758 1107 librariis,
776 1077 875 1109 quam
893 1077 959 1098 ser-

255 1120 338 1146 vant
354 1116 474 1148 Petav.
491 1116 616 1148 Andin.
632 1122 668 1148 et
685 1118 796 1149 Oxon.
822 1128 903 1149 cons.
919 1119 959 1149 ad

256 1166 435 1207 capiendum
451 1167 561 1198 bellum
577 1167 608 1205 f.
623 1169 653 1198 d.
683 1169 851 1209 quomodo
868 1170 959 1200 exhi-

258 1216 498 1248 bueruntVen.
514 1221 606 1249 1517.
622 1219 722 1249 Basil.
736 1219 811 1251 Ald.
826 1219 958 1260 Grypli.

256 1267 392 1299 Manut.
409 1268 523 1300 Plant.
541 1268 677 1308 aliique.
718 1270 834 1309 supere
850 1270 959 1299 bellum

257 1324 310 1349 est
341 1318 374 1349 id
404 1324 506 1358 capto
538 1323 690 1359 tempore
721 1325 755 1349 et
780 1319 958 1349 occasione

257 1367 386 1407 facere,
413 1369 600 1407 suscipere,
626 1377 687 1407 pro
715 1377 780 1408 quo
808 1367 962 1408 frequen-

258 1417 325 1448 tius
358 1417 518 1448 dixerunt
547 1427 664 1448 sumere
694 1417 813 1448 beleum.
872 1417 961 1449 Vide

259 1468 380 1500 Heius.
398 1472 434 1499 et
450 1469 567 1499 Burm.
594 1468 637 1498 ad
659 1467 761 1499 Ovid.
780 1468 890 1508 Epist.
909 1471 960 1499 17.

259 1519 293 1550 in
308 1518 331 1550 f.
347 1519 478 1550 Duker.
495 1519 537 1549 ad
554 1520 689 1550 Florum
707 1528 757 1550 ιν.
777 1521 827 1551 12.
867 1520 962 1551 Cort.

260 1569 301 1600 ad
332 1569 467 1600 Sallust.
494 1570 535 1602 B.
563 1570 700 1610 Jugurt.
717 1578 790 1610 cap.
808 1571 860 1600 83.
907 1569 963 1600 Ita

259 1629 365 1660 cupere
390 1624 425 1651 et
453 1629 571 1650 sumere
597 1630 683 1650 arma
711 1619 800 1650 idem
832 1624 963 1651 notant.

258 1669 371 1700 Aliter
387 1670 454 1711 legi
471 1675 586 1710 posset
612 1679 744 1711 quoque
760 1669 963 1708 faciendum.-

261 1729 338 1760 quae
355 1720 462 1751 verba
477 1721 669 1752 sexcenties
686 1719 941 1752 confunduntur
956 1732 962 1751 z

260 1770 319 1801 sed
336 1780 402 1801 non
419 1780 502 1811 opus
521 1776 585 1801 est.

303 1824 324 1851 6
349 1821 486 1856 Quorum
509 1821 634 1852 consilio
650 1822 682 1851 in
698 1821 841 1861 civitate]
886 1821 963 1853 Non

262 1871 323 1903 soli
354 1872 548 1903 rebellionis
581 1871 764 1911 principes,
801 1871 858 1901 sed
892 1876 964 1902 tota

262 1930 343 1961 gens
359 1921 544 1952 Carnutum
562 1921 703 1951 timebat
718 1933 726 1957 ς
751 1921 826 1951 ideo
841 1921 965 1961 Caesar,

262 1974 300 2000 ut
324 1971 483 2001 civitatem
507 1974 589 2001 melu
617 1970 774 2008 liberaret,
795 1970 964 2001 Guturva-

263 2024 333 2050 tum
359 2019 402 2050 ad
430 2020 631 2060 supplicium
650 2020 818 2060 deposcit.
863 2020 964 2052 Quod

263 2081 338 2102 cum
356 2070 402 2101 ita
417 2071 472 2109 sit,
489 2070 622 2101 omniuo
640 2068 810 2110 superflua
832 2070 965 2101 videtur

263 2130 329 2150 vox
344 2120 480 2158 consilio,
498 2130 596 2160 quum
613 2125 706 2150 recte
723 2119 886 2150 omittunt
899 2120 965 2151 ΜΞ.

264 2170 374 2202 Norv.
392 2180 430 2199 ac
447 2169 546 2200 editt.
570 2169 669 2200 Rom.
693 2170 780 2200 Vcn.
807 2170 966 2202 Beroald.

264 2220 383 2261 Stepli.
409 2225 442 2250 et
471 2229 550 2250 sane
577 2220 744 2250 Carnutes
768 2220 777 2236 ‘
797 2220 966 2260 principes

265 2281 301 2302 se
326 2281 368 2301 ex
391 2270 543 2301 omuibus
561 2269 684 2300 bellum
711 2269 872 2300 facturos’
899 2271 967 2310 pol-

266 2322 426 2359 licentur,
443 2325 480 2351 ut
496 2320 585 2350 dixit
608 2321 721 2351 Caesar
737 2320 776 2351 B.
795 2320 918 2352 G.r11.
935 2325 966 2352 2.

267 2381 368 2412 quem
384 2371 493 2401 locum
515 2370 647 2401 Hirtius
677 2376 792 2401 noster
808 2371 840 2401 iu
859 2373 968 2404 animo

266 2420 397 2458 habuit,
424 2429 500 2449 cum
531 2420 603 2450 lucc
633 2420 809 2451 scriberet.
858 2422 968 2453 Daris.

268 2470 406 2505 Quorum
425 2471 611 2500 incivitate.
664 2470 719 2501 lta
746 2478 838 2502 rccte
862 2472 970 2503 edidit

266 2520 428 2550 Davisius
444 2529 485 2549 ex
506 2520 568 2549 Ms.
585 2520 711 2550 Elieusi
727 2525 761 2550 et
777 2521 860 2551 [dd.
873 2522 968 2552 Vett.

269 2570 446 2603 Quomodo
472 2575 506 2600 et
532 2570 563 2599 in
588 2571 652 2600 Ms.
680 2571 788 2605 Regno
805 2572 970 2612 scriptum

269 2625 333 2651 est.
379 2620 529 2660 Scaliger
547 2620 668 2660 aliique
692 2621 872 2652 ediderunt
899 2632 970 2662 quo-

268 2681 337 2702 rwn
353 2671 476 2701 consilio
501 2671 533 2701 in
558 2670 696 2709 civitate,
711 2677 761 2703 erc.
779 2682 969 2712 perperam.

268 2721 348 2752 Non
372 2720 460 2751 cuim
489 2725 583 2751 recte
599 2720 688 2751 dicas
708 2722 878 2752 Carnutum
894 2732 971 2753 con-

269 2772 341 2801 silio
356 2771 481 2802 initium
496 2771 566 2802 belh
585 2772 616 2801 in
635 2773 808 2802 Coruinum
832 2773 971 2804 civitate

726 221 867 252 NOTAE
899 220 1163 252 VARIORUM
1197 221 1248 250 131

1003 325 1066 347 esse
1087 319 1200 355 ortum,
1224 313 1283 346 scd
1307 315 1479 345 Carnutum
1502 313 1536 345 in
1561 312 1700 345 civitate

1004 367 1128 397 initium
1144 366 1213 397 belli
1239 365 1380 406 (Gallici
1397 365 1527 395 scilicet
1543 361 1704 403 universi)

1005 426 1067 448 esse
1081 420 1193 447 ortum.
1221 416 1327 447 Clark.
1372 413 1706 455 Agnoscuntconsilio

1006 468 1125 498 Petav.
1143 467 1259 507 Cujac.
1276 472 1312 497 et
1335 467 1422 497 Edd.
1439 475 1521 507 quas
1535 464 1632 496 modo
1646 473 1705 495 no-

1006 517 1141 547 minavi.
1188 517 1304 548 Ceteri
1322 516 1443 556 scripti
1470 521 1505 547 et
1526 515 1613 546 Edd.
1637 523 1706 547 non

1006 566 1143 597 habent.
1188 567 1412 598 Nihilominus
1441 567 1573 606 dubito,
1598 575 1639 597 an
1663 564 1708 596 sit

1007 616 1144 657 quidem
1174 616 1305 647 Glossa.
1350 617 1428 648 Non
1457 617 1545 648 enim
1574 620 1706 647 tantum

1006 668 1039 698 in
1065 667 1203 698 civitate
1230 667 1430 706 Carnutum,
1447 668 1505 698 sed
1532 672 1567 699 et
1590 676 1706 698 eorum

1008 718 1148 749 consilio
1173 717 1294 748 bellum
1316 722 1427 748 ortum
1451 722 1516 757 est,
1538 718 1589 748 uti
1613 722 1707 758 patet

1007 770 1083 801 loco
1101 779 1162 809 per
1178 768 1354 800 Davisium
1370 767 1484 799 citato.
1530 768 1643 799 Quare
1661 776 1711 798 re-

1002 819 1111 860 jicere
1142 819 1244 850 uolui.
1303 818 1436 850 Clarius
1463 818 1597 848 locutus
1619 821 1710 849 esset

1009 868 1188 900 scribendo
1204 878 1332 908 quorum
1345 877 1427 898 cons.
1441 870 1471 897 et
1484 867 1517 897 in
1527 877 1554 898 c.
1571 866 1626 897 vel
1639 876 1710 906 qno-

1008 928 1075 949 rum
1091 918 1125 949 in
1139 919 1265 949 civitate
1279 920 1309 948 et
1325 917 1449 948 consilio
1460 928 1470 947 .-
1493 921 1552 947 aut
1565 915 1712 958 denique

1009 968 1135 1007 potius,
1150 969 1226 1008 quod
1247 967 1402 1007 praecipue
1415 977 1475 1007 eos,
1501 976 1628 1007 quorum
1641 976 1713 998 con·

1008 1018 1078 1048 silio
1094 1019 1127 1048 in
1142 1018 1200 1048 civ.
1218 1020 1270 1057 ὅτ.

1054 1071 1094 1098 10
1119 1068 1347 1108 Guturvatum]
1391 1069 1499 1109 Supra
1525 1066 1713 1098 nominavit

1011 1117 1124 1149 Caesar
1152 1119 1318 1149 Cotuatum
1344 1124 1380 1150 et
1406 1119 1636 1150 Canetodunum
1653 1116 1714 1148 du·

1009 1177 1064 1199 ces
1082 1169 1289 1200 Carnutum:
1324 1171 1383 1200 sed
1400 1169 1455 1200 ilie
1473 1169 1506 1199 in
1523 1167 1713 1199 Petaviano

1011 1218 1096 1249 Cod.
1112 1219 1303 1250 nominatur
1321 1221 1492 1250 Catuatus:
1515 1223 1550 1249 et
1563 1218 1625 1249 hoc
1639 1218 1714 1249 loco

1010 1268 1043 1299 in
1060 1269 1155 1298 Msto
1178 1269 1370 1299 petaviano
1395 1269 1554 1300 scribitur
1568 1269 1714 1299 Matr-ua-

1010 1321 1060 1348 tus
1076 1327 1136 1358 pro
1155 1319 1360 1350 Guturmtus.
1406 1320 1446 1350 In
1474 1319 1594 1359 Cujaci
1620 1318 1714 1349 Msto

1013 1371 1047 1397 et
1070 1367 1227 1398 Palatino
1244 1373 1297 1398 est
1322 1370 1527 1408 Gutruatum,
1550 1370 1583 1399 in
1601 1379 1653 1409 pr.
1673 1369 1714 1400 B.

1014 1416 1232 1456 Gutruutium,
1270 1417 1303 1447 in
1346 1417 1450 1448 tertio
1489 1418 1715 1449 Gatriatrinm.

1013 1466 1053 1497 1n
1071 1467 1164 1498 Msto
1182 1472 1298 1498 nostro
1326 1471 1379 1498 est
1406 1467 1628 1498 Gutruatrum.
1675 1467 1715 1498 In

1015 1518 1255 1549 vetericodice
1282 1518 1332 1549 M.
1357 1519 1571 1550 Gutirnatum.
1617 1518 1716 1549 Unde

1015 1570 1088 1610 quis
1119 1569 1152 1600 in
1184 1574 1279 1601 tanta
1312 1570 1483 1600 nominum
1515 1569 1715 1600 diversitate

1015 1630 1080 1651 non
1098 1620 1264 1651 immerito
1287 1620 1479 1660 suspicetur
1496 1620 1640 1651 eundem
1658 1619 1716 1651 de-

1015 1662 1152 1710 signari)
1169 1680 1267 1711 quem
1288 1679 1391 1710 supra
1411 1671 1525 1701 Caesar
1551 1670 1718 1700 Cotuatum
1746 1698 1749 1699 γ

1014 1721 1211 1760 appellavit.
1241 1721 1373 1751 Vossius.
1418 1720 1608 1762 Utrobique
1625 1729 1717 1751 esuo

1016 1770 1141 1801 Codice
1167 1771 1343 1801 Gutuatum
1370 1771 1425 1801 vel
1453 1771 1620 1801 Cotuatum
1639 1769 1718 1802 scri-

1016 1819 1163 1850 bendum
1195 1825 1314 1850 censet
1343 1820 1553 1852 ciacconius.
1613 1820 1718 1851 Certe

1018 1869 1228 1899 Guturvutum
1260 1870 1314 1900 vel
1348 1870 1562 1901 Guturnatum
1596 1873 1649 1900 est
1684 1870 1718 1900 in

1015 1919 1107 1949 nullo
1135 1919 1238 1950 Msto.
1295 1920 1456 1960 Plerique
1485 1919 1638 1950 meliores
1665 1919 1718 1950 liic

1015 1974 1050 1999 et
1078 1969 1193 1999 statim
1215 1970 1407 2000 Gueruatum
1434 1969 1617 2000 exhibent:
1655 1969 1718 1999 nisi

1016 2019 1104 2059 quod
1121 2020 1184 2050 hoc
1198 2020 1271 2050 loco
1283 2021 1479 2050 Maturntum
1497 2020 1617 2050 Petav.
1631 2018 1720 2050 And.

1017 2074 1052 2099 et
1071 2068 1182 2099 Oxou.
1199 2069 1292 2107 dent,
1322 2071 1370 2100 M.
1389 2070 1607 2107 (mter-natum,
1623 2069 1718 2101 Leid.

1017 2129 1069 2158 pr.
1115 2118 1183 2150 Alii
1203 2119 1398 2158 Gutrialwn,
1421 2120 1635 2158 Gutriatrum,
1652 2119 1719 2150 Gu-

1016 2172 1166 2209 tuatrum,
1184 2170 1384 2201 Gatuatrum.
1439 2169 1507 2200 Sed
1522 2170 1637 2200 statim
1654 2170 1719 2200 Gu-

1017 2222 1121 2250 trimto
1135 2219 1223 2249 And.
1242 2220 1320 2250 Pet.
1335 2220 1409 2260 Cuj.
1428 2220 1522 2251 Leid.
1540 2230 1592 2260 pr.
1608 2220 1719 2250 Oxou.

1018 2271 1124 2309 Bong.
1153 2280 1203 2310 pr.
1232 2280 1297 2301 sec.
1325 2271 1421 2301 Voss.
1454 2281 1505 2310 pr.
1535 2271 1660 2302 Lovan.
1684 2273 1719 2301 et

1019 2319 1131 2358 plures
1147 2329 1223 2350 cum
1240 2319 1327 2350 Edd.
1345 2319 1464 2360 primis
1480 2331 1486 2350 :
1523 2319 1609 2360 quod
1633 2319 1718 2350 inte·

1019 2369 1082 2398 rim
1100 2369 1247 2408 reposui.

1064 2422 1103 2450 12
1129 2419 1330 2459 Per-ducitur]
1366 2419 1462 2450 Leid.
1477 2429 1526 2460 pr.
1544 2422 1622 2449 tert.
1638 2419 1717 2450 Sca-

1019 2469 1078 2509 lig.
1105 2470 1241 2500 Carrar.
1266 2475 1300 2501 et
1320 2469 1382 2501 Ed.
1403 2470 1471 2500 [nc.
1495 2469 1676 2509 producitur
1700 2479 1717 2500 e

1020 2520 1158 2551 latebris
1175 2521 1306 2552 scilicet
1322 2525 1526 2561 protractus.
1572 2520 1658 2550 Vide
1676 2519 1718 2551 ad

1021 2579 1084 2600 vn.
1100 2573 1150 2601 13.
1168 2572 1176 2587 ‘
1195 2570 1250 2601 Ad
1267 2571 1432 2601 Caesarem
1451 2570 1684 2610 perduxerunt
1697 2569 1718 2601 ε’

1021 2621 1078 2652 ubi
1095 2621 1213 2652 eadem
1230 2622 1386 2659 varietas,
1400 2625 1437 2651 ut
1454 2621 1588 2660 passim.

1064 2674 1102 2701 14
1126 2672 1324 2702 Detrimenla
1340 2670 1408 2700 benc·
1434 2680 1452 2700 α
1478 2671 1655 2700 (intur-rato
1669 2679 1718 2701 ac-

1019 2725 1105 2761 cepta
1131 2720 1318 2760 referebant]
1363 2720 1590 2751 Guturvatum
1618 2718 1719 2750 detri-

1021 2777 1209 2804 mentorum
1226 2781 1359 2802 causam
1377 2780 1447 2801 esse
1477 2769 1717 2811 pra-dicabant.
