1818 3131
321 194 414 226 mu.
446 194 511 225 iv.
544 182 739 224 ctu-‚29-
774 195 836 224 DE
871 195 1025 225 annuo
1057 197 1284 228 ςΑιωοο.

79 288 174 319 Vett.
184 288 335 327 Colvius,
348 293 383 319 et
400 297 494 329 seqq.
505 287 684 319 ediderunt
695 298 774 319 cum.

78 338 100 369 Ι.
115 347 164 369 ιν.
193 348 227 379 p.
244 342 296 370 65.
319 340 329 356 ‘
346 338 443 370 simul
468 347 544 370 eum
566 343 774 379 prostratum

77 387 262 429 despexit!

122 445 241 468 xxvn.
264 441 284 468 2
316 436 368 468 Aa
402 436 553 468 Caesarem
583 438 705 477 legatos
737 440 775 470 dc

71 500 149 530 pace
163 489 324 529 vni-serunt]
356 489 488 528 Legati,
502 499 584 530 quos
600 491 774 530 miserunt,

76 545 173 572 erant
184 539 774 581 Morini,Britannisamicitiajunc-

77 590 115 622 ti.
162 589 248 618 Vide
277 589 423 620 Dionem
448 589 471 620 l.
488 598 620 621 xxxix.
649 600 683 631 p.
702 594 773 623 114.

76 640 191 671 Dat-is.

117 691 137 720 3
159 689 232 721 Sese
246 689 404 731 facturos]
438 692 548 722 Deest
565 691 598 721 in
614 691 698 722 Mss.
711 699 774 722 sese

76 739 131 771 Al.
148 739 300 778 facturos.
334 739 389 770 Al.
405 740 548 778 facturos
562 750 635 772 esse.
668 742 774 772 Clark.

74 790 256 830 Vulgatum
281 796 417 822 servant
432 791 550 832 Cujac.
566 792 654 823 Scal.
680 792 774 823 Leid.

75 849 128 881 pr.
145 845 181 872 et
196 842 308 872 Oxou.
354 841 469 873 Ceteri
495 851 572 873 cum
599 842 686 874 Edd.
709 842 775 882 pri-

75 889 137 921 mis
151 890 297 928 facturos
311 901 383 922 esse.

116 944 135 972 7
150 941 351 981 Imperatoris
361 944 505 974 mandata
517 942 686 984 perferret]
699 943 776 975 Ple-

74 992 169 1034 rique
196 993 280 1024 Mss.
304 998 340 1025 et
363 1004 478 1026 omnes
498 996 653 1037 impressi
669 1005 775 1037 usque

75 1041 118 1073 ad
140 1041 379 1074 Manui—ianam
403 1045 585 1077 editionem
614 1047 776 1078 exhibent

76 1092 220 1123 Orator-is
233 1093 319 1123 modo
337 1093 471 1124 Coesaris
485 1096 632 1126 mandata
654 1095 776 1136 perfer-

71 1144 142 1177 ret,-
164 1141 221 1172 sed
234 1142 339 1182 probe
349 1152 385 1173 se
398 1144 499 1175 habet
511 1144 613 1176 lectio
626 1146 774 1186 vulgata.

74 1191 256 1223 Oratorem
282 1192 369 1224 enim
396 1203 458 1234 pro
483 1195 596 1235 legato
619 1196 774 1236 nuspiam

73 1241 252 1282 usurpavit
277 1242 403 1283 Caesar,
428 1249 655 1286 praeterquam
684 1246 774 1286 quod

73 1290 148 1322 duae
185 1291 301 1332 primae
339 1302 440 1324 voces
475 1294 633 1326 Glossam
668 1295 773 1327 olent.

72 1342 184 1374 Dum,
228 1344 312 1374 Mss.
329 1347 364 1375 et
379 1345 490 1376 Editt.
507 1346 653 1377 Orator-is
674 1348 774 1386 modo,

75 1392 210 1423 Caesarz's
231 1394 378 1424 mandata
401 1394 547 1432 deferret.
600 1396 714 1435 Quod,
738 1400 775 1427 ut

74 1446 169 1472 recte
194 1441 356 1473 observat
376 1443 550 1483 Davisius,
571 1445 713 1484 glossam
741 1455 775 1476 o-

72 1491 131 1522 let.
164 1491 317 1533 Scaliger
329 1497 365 1523 et
380 1493 600 1534 recentiores,
611 1495 776 1534 perferret.

76 1541 183 1572 Clark.
228 1542 430 1583 Imperatoris
443 1546 601 1585 mandata,
617 1549 655 1576 ut
675 1546 775 1585 vulgo

73 1591 200 1632 editur,
215 1593 250 1624 in
265 1593 343 1624 solis
366 1592 503 1624 Andino
527 1598 564 1625 et
588 1594 775 1626 Oxoniensi

73 1642 157 1673 Mss.
184 1643 346 1683 reperias.
409 1644 526 1675 Ceteri
550 1644 634 1676 Mss.
660 1655 774 1677 omnes

74 1693 287 1724 consentiunt
314 1703 390 1724 cum
418 1693 497 1724 olim
521 1694 644 1733 Editis,
667 1695 719 1726 uti
742 1700 777 1726 et

74 1742 328 1784 Metaphrastes
359 1742 499 1774 Graecus
534 1744 590 1774 τοῦ
623 1743 777 1783 Καίσαρος

75 1791 254 1831 ἐντάλματα
281 1792 320 1824 ὡς
344 1791 491 1833 πρέσβυν.
549 1793 650 1826 Quod
677 1794 774 1825 nimis

74 1847 202 1876 temere
241 1853 307 1874 non
344 1842 568 1874 damnandum
611 1843 772 1875 videtur:

73 1902 150 1925 eum
166 1892 386 1934 antiquissimi
402 1897 541 1924 servent
557 1893 663 1925 Codd.
694 1894 774 1926 Ora-

74 1943 151 1973 tor-is
176 1943 263 1974 modo
289 1942 415 1974 addere
442 1943 554 1983 potuit
576 1943 713 1983 Caesar3
737 1948 774 1975 ut

75 2000 115 2023 eo
143 1991 265 2023 clarius
292 1996 442 2032 pateret,
469 1993 528 2032 jus
555 1993 708 2033 gentium
732 1993 774 2024 ab

74 2042 248 2073 Britannis
277 2043 311 2073 in
337 2051 377 2073 eo
407 2043 587 2074 vinciendo
613 2044 774 2076 violatum

74 2089 200 2130 fuisse3
235 2091 325 2132 quod
353 2091 448 2123 nefas
474 2097 511 2124 et
537 2093 572 2124 in
599 2093 774 2127 Ariovisto

77 2141 297 2180 reprehendit
313 2146 432 2173 auctor
448 2151 471 2173 1.
486 2145 540 2174 43.
591 2143 699 2176 Immo
710 2146 775 2176 ‘mi-

76 2195 172 2221 ratur
197 2190 376 2229 Gruterus,
404 2201 476 2222 eam
502 2193 682 2224 lectionem
706 2194 775 2226 cui-

77 2249 178 2282 quam
214 2241 405 2272 mortalium
442 2242 582 2274 sordere
625 2245 776 2283 potuisse

77 2299 147 2331 prae
165 2291 273 2322 altera
288 2291 403 2331 plane,
425 2296 465 2323 ut
492 2292 552 2331 ait,
577 2292 695 2333 inepta
713 2294 776 2326 Im-

73 2341 228 2380 perator-is
241 2343 398 2373 mandata.
443 2342 535 2373 Male
553 2347 665 2374 autem
682 2344 776 2375 Clar-

77 2389 151 2422 kius
175 2390 327 2431 perferret
351 2391 462 2422 credit
486 2401 506 2422 a
527 2391 701 2433 Scaligero
727 2403 777 2425 or-

78 2444 160 2472 tum.
189 2441 277 2472 Nam
293 2446 327 2473 et
340 2441 461 2481 Aldus,
475 2443 679 2483 Stephanus,
691 2443 779 2485 Gry-

78 2490 176 2531 phius
193 2492 318 2532 aliique
343 2493 391 2523 sic
406 2492 598 2532 ediderunt,
614 2498 649 2524 et
665 2498 778 2525 exstat

79 2541 114 2572 in
140 2541 260 2583 Scalig.
289 2542 379 2573 And.
403 2543 496 2574 Leid.
521 2553 573 2583 pr.
600 2543 712 2575 Oxou.
738 2554 778 2576 ac

80 2592 198 2632 Cujac.
221 2597 258 2624 et
280 2593 395 2624 Ursini
419 2592 527 2624 Codd.
553 2601 618 2633 qua
636 2599 778 2635 propter

79 2641 205 2673 iterata
218 2643 405 2675 mutatione
427 2652 495 2674 non
511 2652 595 2683 opus
610 2641 687 2675 fuit.
731 2644 777 2674 U-

81 2697 237 2733 trumque
263 2692 378 2734 jungit
403 2693 443 2724 B.
467 2693 544 2725 Civ.
568 2702 593 2724 1.
620 2696 652 2725 9.
682 2693 692 2710 ‘
711 2693 778 2725 Per

82 2749 165 2782 quos
180 2749 233 2783 ea,
252 2743 454 2786 quaevellet,
477 2743 522 2775 ad
545 2753 622 2776 eum
648 2743 779 2785 perfer-

1417 189 1528 232 1000

827 294 955 328 rentur,
982 292 1070 331 petit
1093 291 1135 322 ab
1175 297 1332 333 utroque,
1368 294 1525 334 qnoniam

830 340 981 379 Pompeii
1008 341 1165 372 mandata
1191 342 1233 372 ad
1261 352 1296 372 se
1313 342 1524 375 detulerint!

827 389 835 405 ‘
853 389 956 419 Fama
973 390 1015 420 ad
1032 400 1107 421 cum
1123 393 1277 431 perlata)
1293 392 1325 425 v.
1341 396 1394 424 39.
1437 394 1528 427 Vide

826 444 861 470 et
888 440 926 470 B.
944 442 1016 471 civ.
1036 451 1075 472 11.
1092 446 1145 474 27.
1203 445 1293 477 Quid
1321 445 1367 477 eit
1387 445 1528 486 perferre

827 493 922 529 patet
953 490 1035 521 ibid.
1060 502 1100 522 ex
1129 503 1158 524 c.
1185 498 1237 525 40.
1268 495 1276 511 ‘
1297 496 1483 528 Mittuntur
1507 506 1528 527 a

827 539 992 570 Cicerone
1023 541 1160 580 litterar,
1187 545 1315 582 magnis
1345 546 1529 586 propositis

827 590 985 630 praemiis,
999 591 1025 620 si
1040 593 1279 631 pertulissent!
1324 596 1412 636 Nep.
1424 597 1525 628 Paus.

826 650 856 671 c.
872 642 904 670 4.
929 641 938 657 ‘
956 641 981 671 si
998 641 1174 681 epistolam
1201 645 1419 683 pertulisset!
1465 648 1528 678 Ea-

825 690 900 721 dem
916 692 1059 723 variatio
1086 702 1118 724 v.
1145 697 1197 724 45.
1244 694 1347 734 Apul.
1373 696 1394 726 l.
1416 706 1463 727 vr.
1492 707 1525 737 p.

825 743 877 773 22.
900 742 909 758 ‘
925 741 1115 773 Venereain
1131 744 1274 783 pertulit
1289 745 1494 785 legationem
1508 746 1532 777 ι’

825 791 940 822 Minus
956 792 1041 823 bene
1060 793 1188 825 Wouw.
1204 797 1240 825 et
1256 795 1349 826 Prie.
1363 797 1508 835 protulit.

868 844 907 872 17
934 842 1414 885 Convenere—commendarunt]
1441 846 1527 877 Mss.

825 894 861 922 et
876 891 962 922 Edd.
976 892 1071 923 Vett.
1097 894 1257 924 convenire
1273 899 1307 924 et
1320 896 1528 927 commendare

825 944 991 980 coeperunt.
1049 941 1155 972 Clark.
1220 944 1436 975 Conrenerunt
1462 944 1528 975 Ed.

826 991 866 1021 R.
884 991 1001 1031 Steph.
1018 995 1055 1022 et
1070 992 1135 1022 Ms.
1154 993 1239 1024 Scal.
1297 994 1454 1034 Vulgatis
1471 994 1528 1025 ad·

824 1041 1007 1080 stipulatur
1041 1040 1258 1081 Oxoniensis‚
1289 1048 1328 1073 ut
1364 1043 1528 1075 videtur:

824 1090 901 1130 quia
915 1090 997 1120 nihil
1011 1100 1053 1121 ex
1073 1100 1114 1122 eo
1138 1091 1336 1123 adnotatum
1353 1096 1419 1124 est.
1464 1094 1527 1124 Ce-

824 1141 889 1171 teri
905 1150 1019 1171 omnes
1045 1144 1081 1171 et
1107 1140 1195 1172 Edd.
1221 1142 1338 1182 primae
1363 1152 1529 1174 convenere

824 1190 879 1221 vel
891 1191 1071 1221 conveniunt
1088 1196 1124 1222 et
1138 1194 1348 1223 commendare
1362 1198 1527 1233 coeperunt.

825 1240 969 1272 Ursinus
985 1242 1115 1282 reperit
1141 1242 1174 1273 iu
1201 1243 1267 1273 suis
1290 1253 1365 1274 esse
1390 1243 1529 1275 infiniti-

827 1299 904 1321 vum
937 1291 1008 1322 sine
1037 1293 1082 1330 τῷ
1110 1295 1276 1332 coeperunt,
1292 1293 1528 1325 historicorum

824 1349 929 1371 more.
974 1340 1043 1372 Sed
1060 1341 1162 1372 credo
1177 1342 1210 1373 iu
1227 1343 1317 1375 notis
1335 1352 1478 1383 errasse,
1493 1348 1529 1374 et

824 1399 942 1421 vocem
980 1395 1135 1431 coeperunt
1172 1393 1322 1424 omisisse
1361 1393 1528 1425 librarios.

825 1439 938 1471 Aliter
952 1445 988 1471 et
999 1441 1160 1479 jusserunt
1176 1447 1293 1482 posset
1309 1442 1526 1483 subintelligi.

826 1491 995 1521 Revocavi
1022 1500 1098 1531 ego,
1124 1491 1215 1532 quod
1239 1492 1375 1532 plurimi
1391 1496 1427 1524 et
1443 1493 1528 1523 anti-

827 1540 974 1580 quissimi
1009 1540 1091 1572 dant
1130 1541 1296 1573 Codices:
1344 1542 1406 1573 nisi
1437 1543 1527 1584 qnod

824 1601 987 1622 convenere
1002 1601 1078 1622 cum
1103 1593 1218 1624 multis
1243 1593 1454 1634 retinuerim,
1469 1603 1527 1634 ap-

824 1642 967 1680 tissimo,
983 1642 1017 1673 ni
1033 1641 1141 1683 fallor,
1158 1653 1268 1674 sensu.

868 1700 1000 1722 xxvm.
1025 1695 1041 1722 1
1068 1693 1150 1723 Pace
1161 1692 1311 1734 firmata]
1355 1693 1452 1724 Licet
1465 1693 1529 1725 hoc

826 1750 888 1781 per
918 1751 953 1772 se
988 1751 1055 1772 non
1086 1742 1254 1783 damnem,
1287 1743 1527 1775 excudendum

826 1795 938 1822 tamen
954 1790 1029 1830 fuit,
1039 1791 1129 1832 quod
1141 1796 1317 1824 ostentant
1329 1793 1414 1824 Mss.
1447 1793 1528 1825 Jam

823 1850 905 1872 vero
932 1841 1096 1881 Bongars.
1132 1841 1327 1881 Leidenses,
1359 1842 1530 1879 Vossiani,

825 1892 952 1923 Lovan.
969 1890 1137 1932 Egmund.
1164 1891 1286 1932 scalig.
1315 1895 1350 1922 et
1378 1895 1447 1923 tres
1474 1892 1529 1922 alii

825 1950 902 1972 cum
917 1941 1002 1972 Mss.
1018 1941 1151 1972 Carrar.
1178 1946 1215 1971 et
1239 1940 1374 1972 Brantii
1399 1950 1438 1972 ac
1463 1941 1528 1974 Ed.

825 1991 967 2023 Incerta
982 1990 1110 2021 babent
1124 2000 1156 2030 p.
1172 1990 1364 2032 confirmata.

867 2046 888 2074 9
910 2041 1145 2082 Dejicerentur]
1180 2041 1295 2072 Proba
1312 2052 1389 2073 vox.
1435 2042 1530 2083 Deji·

825 2093 925 2133 citur,
939 2093 997 2134 qui
1012 2092 1169 2123 deorsum
1194 2092 1388 2133 impellitur.
1432 2093 1529 2124 Male

825 2143 1026 2174 Ciacconius
1039 2142 1237 2181 rejicerentur·
1252 2143 1400 2183 legebat.
1440 2144 1529 2175 Nam

825 2192 940 2224 Caesar
956 2198 992 2225 ut
1018 2193 1181 2224 rationem
1196 2193 1294 2233 hujus
1308 2193 1462 2225 vocabuli
1479 2203 1530 2225 os—

826 2243 957 2283 tendat,
982 2243 1053 2283 ipse
1081 2243 1194 2283 paullo
1211 2248 1292 2274 ante
1308 2243 1369 2283 ait,
1391 2245 1401 2261 ‘
1421 2243 1463 2274 ad
1479 2244 1528 2279 in·

824 2291 984 2324 feriorem
1020 2293 1140 2324 insulae
1175 2293 1332 2333 partem.²
1392 2294 1528 2325 Vossius.

826 2342 951 2373 Audin.
968 2347 1002 2374 et
1029 2343 1142 2374 Oxou.
1165 2353 1184 2374 e
1207 2344 1328 2375 Glossa
1341 2344 1530 2384 dissiparen-

826 2395 888 2423 tur.
934 2392 1065 2430 Deferri
1080 2393 1128 2424 ait
1144 2402 1174 2424 c.
1192 2395 1244 2424 30.
1263 2398 1297 2424 et
1312 2402 1347 2424 v.
1364 2396 1395 2424 8.

869 2451 973 2474 nix.
998 2446 1015 2474 1
1042 2442 1121 2478 Qua:
1135 2442 1216 2482 dies]
1258 2442 1337 2474 Hoc
1354 2453 1467 2474 rursus
1482 2443 1530 2473 in-

827 2496 956 2523 trusum
969 2497 1021 2524 est
1037 2493 1079 2524 ab
1095 2493 1355 2525 recentioribus.
1401 2494 1443 2526 In
1461 2494 1529 2524 Ms-

829 2542 942 2574 Oxon.
966 2544 1045 2575 item
1064 2544 1127 2575 Ed.
1153 2543 1233 2575 Ald.
1251 2545 1370 2585 Stepb.
1395 2544 1528 2584 Grypb.

829 2591 967 2633 aliisque
981 2603 1049 2625 non
1064 2599 1242 2634 comparet
1254 2593 1331 2624 dies.
1365 2593 1431 2624 Sed
1446 2593 1529 2623 Mss.

829 2646 959 2674 tantum
974 2652 1042 2675 non
1063 2653 1152 2675 omn.
1170 2648 1206 2674 et
1222 2643 1310 2674 Edd.
1338 2643 1457 2682 primae
1474 2650 1530 2673 ex·

826 2691 947 2725 hibent
975 2694 1042 2734 qui.
1099 2693 1199 2726 Quod
1228 2692 1357 2723 idcirco
1383 2692 1528 2733 reposui.

826 2742 885 2775 Sic
911 2744 953 2777 B.
970 2744 1044 2777 Cir.
1062 2753 1118 2776 111.
1135 2745 1188 2775 22.
1213 2744 1222 2759 ‘
1235 2743 1333 2782 jussu
1359 2742 1527 2788 Pompeii,
