1883 3121
226 199 309 242 137
312 200 341 241 6

228 313 405 346 perperam
435 303 622 334 arbitratus
650 306 701 332 est
717 302 801 332 nii-es
825 301 857 331 in
875 311 927 332 no-

227 356 375 387 minustro
407 353 563 391 singulari
589 352 642 382 liic
676 352 816 392 antique
847 351 926 390 dici,

227 412 280 437 est
311 406 398 435 enim
429 402 764 442 11ccusatiripluralis;
795 412 869 432 nam
897 402 929 430 iu

229 456 337 486 altero
354 463 432 483 casu
456 462 522 482 nou
547 454 641 490 uices,
657 452 715 483 scd
735 452 931 482 nirismsur·

229 509 312 545 pant
328 508 474 533 veteres.
500 502 589 533 Vide
613 504 656 533 G.
676 503 710 534 J.
723 503 878 532 vossium
897 503 929 532 in

229 553 377 593 Etymol.
415 560 449 583 et
486 552 561 584 Art.
601 553 789 584 Grammat.
822 562 845 582 1.
878 555 929 582 21.

228 604 340 635 Daris.
388 603 583 640 Legeudum
603 609 683 643 puto
700 606 765 633 tum
780 605 880 633 autem
892 613 930 632 ex

227 654 365 685 omnibus
377 654 531 683 montibus
543 654 622 683 nive
634 654 782 693 proluta,
797 662 932 682 autumas

228 705 314 745 ripas
343 703 468 735 flumen
497 705 666 743 superarit.
711 703 800 732 Vide
830 704 928 732 call).

229 755 329 786 Idem.
375 764 444 785 cur.
471 764 538 784 sec.
589 754 656 783 Mt
683 753 798 793 proluit
829 751 930 782 etiam

229 805 344 836 videas
376 806 409 835 in
443 805 530 835 Edd.
563 803 702 833 Mediol.
734 803 832 832 vase.
861 802 930 832 Str.

228 856 347 896 Steph.
367 854 499 894 Gryph.
527 857 616 893 post.
645 856 678 882 et
709 852 791 882 Mss.
819 851 932 882 Palat.

230 907 339 946 Bong.
358 905 453 936 Leid.
473 914 540 935 sec.
562 903 646 934 Hot.
670 904 777 933 Dorv.
795 907 829 933 et
844 903 931 932 aliis.

230 957 300 988 Ma:
313 957 439 997 profluit
455 955 535 986 Ald.
553 954 668 984 Plant.
681 954 802 983 Cellar.
816 957 851 983 et
862 953 935 982 alii:

226 1006 393 1048 prefiuxz't,
424 1005 512 1046 quod
538 1015 614 1035 cum
644 1003 774 1034 Fae'rno
800 1004 933 1034 Manat.

229 1062 264 1088 et
292 1057 376 1087 Hot.
409 1055 593 1094 malebant,
624 1054 731 1085 edidit
757 1054 930 1094 Gryphius

230 1107 271 1138 A.
290 1110 383 1138 1536.
430 1107 554 1136 Verum
577 1105 677 1136 ctiam
703 1104 822 1144 optimi
850 1105 933 1134 Mss.

230 1157 347 1197 Cujac.
378 1158 498 1187 I'etav.
525 1160 560 1186 et
578 1156 704 1186 Lovan.
745 1154 843 1184 Nic-es
864 1164 934 1193 pro-

231 1208 301 1247 luit,
317 1213 351 1238 et
365 1207 486 1246 Scalig.
502 1207 588 1237 nives
599 1205 766 1245 promitur.
782 1205 821 1234 In
840 1204 934 1235 Leid.

234 1267 285 1298 pr.
304 1258 399 1288 Nivis
419 1257 521 1297 pluit:
555 1261 589 1286 at
607 1256 688 1285 uicis
711 1255 823 1295 proluit
851 1255 935 1285 bene

232 1308 266 1338 in
302 1308 478 1337 vossiano.
525 1305 626 1338 Quod
664 1305 697 1334 in
736 1304 934 1334 accusativo

232 1358 431 1388 sumendum
459 1361 523 1394 est,
552 1364 647 1395 a‘que
672 1364 711 1385 ac
736 1356 834 1393 niz-133,
860 1364 934 1395 quae

234 1406 433 1437 terminatio
457 1414 523 1436 non
552 1408 667 1444 potest
697 1413 770 1435 esse
785 1404 935 1434 nomina-

235 1458 336 1488 tivus.
361 1456 448 1487 Vide
477 1456 529 1487 Cl.
559 1455 676 1486 Burni.
701 1455 744 1485 ad
769 1453 934 1487 Quinctil.

231 1509 331 1539 Deci.
348 1517 398 1538 Vl.
416 1509 468 1538 17.
513 1506 684 1537 Videntur
699 1509 814 1536 autem
836 1503 935 1535 libra-

232 1558 286 1597 rii,
312 1558 429 1598 proluit
448 1556 653 1588 neutraliter
680 1556 861 1593 sumsisse3
886 1559 936 1586 at-

232 1618 299 1649 que
315 1608 392 1639 hinc
408 1608 466 1638 m'x
488 1606 674 1647 scripsisse.
721 1606 909 1646 Perperam
925 1615 933 1642 ;

232 1659 314 1690 licet
341 1658 429 1699 apud
446 1658 604 1698 Fulgent.
621 1656 768 1697 Mythol.
786 1665 814 1686 c.
833 1658 863 1686 l.
893 1655 936 1686 sit

232 1712 316 1742 unda
328 1711 471 1751 proluens
487 1718 547 1749 pro
563 1708 728 1749 profluens,
742 1712 778 1738 et
794 1707 868 1738 aliis
886 1706 935 1737 sic

231 1761 441 1801 praeterluere,
456 1760 634 1791 interluere.
659 1757 935 1790 Subaudiendum

234 1815 287 1843 est
303 1811 501 1852 praecedens
528 1812 703 1850 tempestas,
719 1819 795 1850 quae
818 1809 936 1848 proluit

233 1862 335 1898 nivem·
359 1863 458 1901 plane
475 1867 513 1892 ut
530 1860 619 1900 apud
635 1860 758 1899 Virgil.
775 1858 848 1889 AEn.
869 1867 935 1889 ΧΠ.

233 1915 309 1943 685.
326 1913 335 1929 ⁴
352 1913 475 1942 Saxum
491 1910 645 1941 turbidus
660 1909 766 1940 imber
776 1908 934 1939 Proluit!

235 1962 292 1993 De
320 1962 427 1992 verbo
452 1962 591 2001 proluere
619 1960 717 2000 plura
734 1958 810 1990 vide
833 1959 874 1989 ad
892 1959 934 1989 B.

234 2012 279 2044 G.
299 2022 346 2043 vr.
365 2015 416 2043 21.
462 2012 586 2042 Fateor
605 2016 718 2041 tamen
736 2014 807 2040 tum
823 2009 937 2040 durius

233 2062 302 2093 dici
318 2065 483 2101 tempestas
497 2060 653 2101 superavit
676 2060 763 2100 ripas
777 2059 937 2100 fluminis.-

232 2112 322 2144 unde
339 2113 412 2153 jam
441 2112 677 2142 Hotomannus
694 2111 740 2141 ibi
768 2109 934 2150 relingere

235 2164 383 2195 tentavit
397 2163 529 2203 flumen.
554 2161 620 2192 Sed
640 2161 737 2201 plura
757 2159 861 2190 verba
882 2159 939 2190 uni

236 2213 450 2244 substantivo
469 2212 616 2252 jungere
633 2209 792 2251 frequens
812 2213 864 2240 est
880 2219 939 2250 op-

236 2263 326 2294 timis
347 2263 573 2303 scriptoribus
588 2272 596 2299 3
622 2265 657 2292 et
673 2260 796 2299 saepius
819 2260 850 2290 in
866 2260 940 2300 ipso

235 2316 370 2345 Caesare
400 2323 460 2344 usu
487 2313 592 2350 venit,
613 2316 651 2342 ut
679 2310 759 2342 alibi
789 2310 941 2350 pluribus

237 2363 350 2395 docui.
395 2362 495 2396 Quod
534 2362 561 2392 si
596 2361 650 2391 hic
690 2370 754 2391 non
794 2360 939 2399 placeat,

239 2417 357 2454 posset
392 2422 513 2453 magna
537 2421 612 2442 cum
643 2409 939 2441 verisimilitudine

238 2463 366 2503 conjici
397 2461 541 2502 fluminis
577 2460 623 2491 vis
655 2459 825 2500 superarit.
871 2457 940 2489 Adi

239 2517 358 2546 notata
375 2511 417 2543 ad
435 2522 465 2543 c.
479 2515 531 2543 40.
554 2515 589 2542 et
606 2512 646 2542 B.
660 2511 704 2542 G.
722 2512 812 2540 1.46.
839 2509 938 2539 Leid.

243 2562 378 2596 Codicis
407 2562 507 2593 lectio
533 2560 652 2592 itidem
683 2569 748 2590 non
773 2559 862 2590 mala
892 2564 943 2590 est

241 2613 324 2645 nivis
334 2613 416 2654 pluit
433 2622 494 2653 pro
509 2610 664 2642 defluxit.
710 2610 840 2641 Passim
853 2610 941 2640 enim

239 2665 345 2704 pluere
369 2673 429 2704 pro
447 2662 562 2703 fluere,
598 2671 743 2702 quocum
779 2659 941 2691 confundi

240 2716 340 2753 solet,
355 2714 510 2755 usurpari
536 2713 728 2746 docuerunt
759 2712 940 2753 aliquoties

243 2764 307 2797 viri
333 2764 440 2797 docti.
494 2763 565 2796 Sed
596 2762 689 2804 prius
711 2763 818 2795 malo:
858 2772 942 2804 prae·

696 206 837 237 NOTAE
870 206 1134 237 VARIORUM
1166 206 1216 236 IN

983 300 1100 331 sertim
1129 309 1205 330 cum
1223 298 1347 339 passim
1366 298 1480 329 Caesar
1495 307 1570 330 cum
1591 303 1682 330 cete-

983 351 1027 380 ris
1043 351 1074 380 iu
1093 350 1213 390 plurali
1231 349 1394 379 adhibeat
1415 349 1511 379 nit-cs.

1024 405 1041 430 5
1069 403 1243 439 I’onh‘sque
1283 398 1403 438 ambos]
1464 398 1633 437 Rescripsi
1663 406 1684 429 e

982 450 1184 480 membranis
1201 450 1318 490 primis
1338 448 1556 479 Leidensibus
1566 449 1683 487 pontio-

982 511 1039 540 que
1061 500 1159 530 ambo.
1208 500 1262 531 De
1285 500 1477 531 accusativo
1502 499 1534 528 in
1561 499 1588 528 is
1614 497 1686 528 dic-

982 556 1052 581 tum
1078 550 1151 589 jam
1167 550 1362 589 saepissime,
1387 555 1422 580 vt
1439 550 1480 580 de
1498 550 1605 579 altero
1621 558 1685 578 atn-

982 602 1030 638 bo,
1057 602 1129 639 duo,
1159 601 1298 630 consule
1327 605 1446 630 notata
1475 599 1516 629 ad
1548 601 1685 630 v11.33.

985 650 1062 681 Hoc
1090 659 1108 681 e
1125 650 1207 681 Mss.
1235 650 1387 681 restituit
1404 651 1477 689 jam
1505 650 1606 680 etiam
1632 649 1685 680 Cl.

983 700 1095 730 Drak.
1136 699 1208 730 Liv.
1239 708 1293 730 111.
1326 702 1380 729 (52.
1436 700 1445 716 ‘
1464 700 1559 730 Inter
1587 699 1686 730 ambo

983 751 1157 782 exercitus
1177 751 1197 781 :'
1223 750 1279 781 ubi
1297 750 1384 781 vide.

1028 805 1065 832 15
1093 802 1374 840 frumentumque
1400 801 1431 830 in
1456 800 1558 831 herbis
1581 799 1688 840 erant]

984 853 1038 884 Sic
1057 863 1098 883 ex
1115 851 1245 883 Nicasii
1263 850 1460 882 Hellebodii
1472 851 1686 890 conjectura,

985 902 1277 942 adstipulantibus
1312 901 1469 932 Manutio
1495 907 1532 931 et
1549 901 1689 933 Ciacco-

985 953 1053 989 nio,
1089 952 1274 983 ediderunt
1303 952 1457 991 Scaliger
1495 955 1530 981 et
1568 960 1688 982 recen-

987 1003 1109 1033 tiores:
1147 1012 1222 1032 cum
1267 1002 1347 1031 Mss.
1387 1011 1504 1033 omnes
1535 1006 1571 1032 et
1601 1001 1687 1033 Edd.

986 1057 1161 1083 ostentent
1186 1053 1219 1082 in
1236 1052 1383 1082 hilnrnis.
1431 1051 1529 1084 Quod
1557 1061 1624 1082 non
1642 1052 1688 1082 vi-

986 1102 1062 1140 deo,
1087 1112 1148 1133 cur
1171 1102 1291 1132 mutari
1323 1102 1492 1133 debuerit.
1539 1103 1629 1133 Nam
1645 1111 1687 1133 eo

985 1162 1050 1183 non
1078 1152 1163 1183 dicit
1191 1153 1318 1191 Caesar,
1349 1157 1480 1191 tempus
1510 1152 1688 1183 hibernum

985 1203 1102 1246 fuisse,
1127 1203 1186 1234 sed
1205 1202 1373 1233 frumenta
1390 1212 1455 1232 uon
1486 1203 1629 1242 amplius
1655 1202 1689 1232 in

985 1255 1120 1284 hibernis
1149 1252 1369 1293 superfuisse,
1394 1263 1470 1293 quae
1508 1257 1686 1283 consumta

986 1308 1095 1340 erant,
1122 1308 1158 1333 et
1175 1304 1245 1343 jam
1274 1303 1424 1333 instabat.
1451 1302 1587 1340 messis;
1611 1311 1689 1333 nam

985 1354 1058 1383 ultae
1078 1353 1147 1390 jam
1172 1353 1206 1383 in
1235 1353 1392 1391 segetibus
1414 1353 1528 1392 leerboe,
1557 1358 1593 1384 et
1614 1353 1688 1391 fru-

983 1406 1087 1434 menta
1101 1413 1159 1434 non
1170 1404 1299 1434 multum
1315 1414 1334 1434 a
1347 1404 1529 1434 maturitate
1538 1404 1688 1441 uber-‘mh'

987 1463 1062 1494 quae
1093 1454 1195 1485 verba
1227 1453 1417 1485 debuerant
1446 1455 1535 1486 viros
1565 1455 1685 1487 doctos

985 1505 1213 1544 admonuisse,
1237 1506 1419 1537 lectionem
1442 1507 1476 1537 iu
1499 1506 1600 1537 herbis
1623 1507 1691 1538 huc

986 1565 1053 1586 non
1065 1556 1256 1587 convenire.
1302 1556 1439 1587 Etenim
1454 1566 1515 1587 non
1529 1556 1659 1587 multum
1671 1567 1691 1588 a

986 1606 1170 1636 matur-itate
1191 1606 1311 1643 abesse;
1334 1607 1416 1638 etin
1432 1607 1536 1639 herbis
1557 1609 1692 1639 nondum

986 1665 1060 1695 esse,
1085 1657 1184 1696 plane
1211 1656 1381 1688 contraria
1410 1662 1496 1689 sunt.
1544 1656 1630 1688 Nam
1654 1662 1692 1689 et

989 1705 1122 1746 quando
1141 1707 1213 1746 jam
1240 1707 1273 1737 in
1288 1706 1392 1738 herbis
1412 1712 1502 1746 sunt,
1518 1708 1693 1739 multuma

987 1756 1172 1787 maturitate
1187 1755 1309 1789 absunt.
1355 1756 1393 1787 In
1407 1757 1508 1788 herbis
1523 1760 1567 1789 est
1580 1766 1690 1798 seges,

991 1806 1089 1846 cujus
1115 1806 1256 1837 virescit
1283 1815 1436 1845 germen,
1450 1807 1510 1838 sed
1542 1807 1692 1838 nondum

989 1855 1098 1895 surgit
1115 1865 1154 1886 ac
1182 1860 1299 1896 turget
1314 1857 1347 1886 in
1363 1857 1493 1887 aristas.
1542 1857 1617 1889 Hoc
1634 1857 1692 1889 ‹lo-

988 1909 1069 1935 cent
1085 1905 1193 1935 omnia
1217 1905 1292 1936 loca
1309 1915 1328 1935 a
1344 1905 1425 1935 viris
1440 1905 1551 1936 doctis
1565 1906 1692 1938 adlata.

989 1955 1049 1993 Ea,
1077 1964 1204 1995 quaeso,
1231 1955 1349 1994 lector,
1374 1955 1561 1995 perpende,
1590 1956 1640 1987 uti
1654 1960 1691 1987 et

989 2015 1063 2045 quae
1093 2005 1246 2035 citantur
1274 2005 1316 2035 ab
1345 2004 1487 2036 Heinsio
1515 2005 1557 2036 ad
1586 2005 1690 2037 Ovid.

991 2055 1101 2095 Epist.
1128 2064 1161 2085 v.
1176 2058 1251 2086 263.
1297 2058 1306 2072 ‘
1324 2055 1390 2086 Sed
1407 2055 1545 2087 nimium
1569 2065 1691 2096 prope-

990 2115 1053 2145 raS,
1076 2110 1113 2136 et
1129 2105 1239 2136 adbuc
1271 2110 1328 2136 tua
1359 2105 1475 2136 messis
1513 2105 1547 2136 in
1585 2106 1693 2137 herba

989 2159 1042 2187 est
1059 2155 1078 2185 ε’
1103 2160 1139 2186 et
1155 2156 1248 2187 Viris
1265 2155 1375 2187 doctis
1395 2156 1437 2186 ad
1457 2155 1588 2187 Livium
1605 2164 1694 2188 xxv.

991 2208 1043 2236 15.
1088 2206 1096 2222 ‘
1115 2206 1193 2236 Non
1222 2205 1264 2236 ad
1292 2204 1464 2237 frumenta
1487 2205 1599 2246 modo,
1617 2215 1692 2246 quae

984 2254 1056 2295 jam
1073 2255 1106 2286 in
1124 2255 1273 2286 hibernis
1288 2260 1398 2294 erant,
1413 2255 1661 2296 corrumpenda
1672 2254 1694 2286 τ’

992 2306 1048 2336 ubi
1085 2306 1212 2337 rectius
1240 2306 1272 2337 in
1307 2307 1421 2337 herbis.
1473 2306 1615 2338 Hiberna
1637 2316 1694 2338 au-

991 2361 1059 2387 tem
1086 2357 1139 2388 hic
1156 2357 1300 2397 intelligi
1327 2357 1456 2388 debent
1479 2357 1532 2388 vel
1559 2357 1691 2396 horrea,

993 2407 1025 2437 in
1063 2407 1185 2447 quibus
1221 2406 1427 2438 frumentum
1459 2407 1626 2448 provisum
1657 2407 1691 2437 in

993 2457 1136 2488 hiemem
1155 2457 1380 2497 condebatur,
1398 2458 1449 2488 vel
1467 2468 1507 2488 ea
1522 2458 1609 2497 loca,
1635 2457 1692 2488 ubi

991 2509 1224 2539 hiemaverant
1255 2509 1305 2539 lue
1334 2509 1497 2549 legiones,
1528 2512 1563 2539 et
1601 2509 1691 2539 uude

991 2558 1224 2590 advehebatur
1269 2558 1485 2595 frumentum,
1532 2558 1693 2599 quamdiu

993 2609 1073 2650 quid
1099 2614 1286 2649 supererat.
1332 2608 1419 2639 Vide
1442 2617 1472 2638 ‹·.
1487 2610 1538 2638 37.

1034 2663 1075 2691 23
1101 2660 1222 2691 Cclruti
1237 2659 1390 2690 citerioris
1405 2658 1584 2698 Hispunioe]
1602 2659 1693 2698 Ergo

993 2716 1030 2742 et
1046 2711 1182 2751 quidam
1209 2709 1384 2749 Hispaniae
1412 2708 1580 2740 citerioris
1597 2717 1693 2749 gere-

994 2760 1075 2794 bant
1092 2763 1217 2799 cctras,
1241 2768 1317 2790 cum
1333 2758 1433 2800 vulgo
1449 2757 1497 2790 illi
1523 2761 1620 2791 scuta
1634 2758 1692 2790 ha·
