1818 3131
218 175 331 218 1212

219 283 271 312 14.
299 280 398 311 ‘Has
425 278 570 309 altitudo
593 280 754 318 puppium
782 290 918 320 supera-

218 330 289 369 bat,
304 331 351 360 ut'
374 334 438 358 xc.
453 340 460 358 ε
496 328 549 357 ubi
567 329 772 359 intruserant
789 333 919 370 inritum,

217 381 357 421 aliisque
388 379 480 408 locis,
539 380 699 410 Ceterum
729 381 822 410 Leid.
847 391 916 412 sec.

217 430 275 461 dat
303 429 429 467 recepit,
454 429 551 458 male.
599 429 706 460 Recte
735 430 916 461 Hotoman-

217 490 279 511 nus
297 479 459 518 explicuit
484 479 623 519 excipere
637 479 721 517 suga
739 490 798 519 per
815 480 917 511 inter-

215 530 328 570 cipere
343 529 374 558 in
393 528 463 568 ipsa
492 529 566 559 via:
602 535 639 560 ut
659 539 706 560 vn.
725 534 776 560 35.
801 533 810 547 ‘
830 531 916 560 Mul-

216 585 267 610 tos
283 588 325 610 ex
344 577 422 619 fuga
448 579 616 619 dispersos
633 581 829 620 excipiunt)
875 582 914 611 B.

215 630 288 661 Civ.
305 638 329 661 1.
343 632 396 660 24.
419 631 428 646 ‘
447 630 632 660 Reducitur
648 630 688 660 ad
706 641 780 661 eum
798 630 916 670 depre-

213 681 334 711 hensus
350 690 392 711 ex
409 680 552 711 itinere!
598 681 676 711 san.
701 681 740 711 B.
760 681 858 712 Catil.
885 690 915 711 c.

213 734 266 763 34.
288 732 298 748 ‘
315 732 366 762 Ex
394 732 515 762 itinere
542 732 674 763 litteras
700 731 826 762 mittin*
873 732 916 762 Et

212 781 262 812 ita
279 782 403 822 passim
421 784 430 798 ⁴
450 791 490 812 ex
509 782 629 812 itinere
646 781 844 821 obpugnare
863 790 915 811 ur-

213 831 314 870 bem‚'
338 836 373 862 et
392 831 523 861 similia.

258 884 297 912 19
314 880 547 921 Disparnndos]
569 881 690 911 Rarior
706 880 805 920 liujus
820 880 915 911 verbi

212 940 292 961 usus
322 935 375 961 est
405 930 495 970 apud
521 930 614 960 aurci
643 931 706 961 aevi
731 931 915 970 scriptores

213 990 276 1021 pro
305 981 476 1020 sejungere,
499 990 654 1020 separare,
680 980 769 1011 unde
797 986 914 1012 notan-

211 1032 304 1071 dum,
329 1033 362 1062 in
390 1033 473 1063 Mss.
500 1033 659 1072 Gottorp.
689 1038 724 1064 et
751 1033 914 1064 Vossiano

211 1087 291 1114 tert.
320 1082 421 1113 scribi
448 1083 670 1123 dispertiendos
695 1093 714 1114 a
739 1083 913 1123 dispertire,

210 1132 280 1162 sive
295 1132 484 1172 dispartire:
520 1142 585 1173 quo
609 1133 682 1163 aliis
700 1134 731 1164 in
748 1134 832 1165 locis
849 1135 913 1165 uti-

210 1187 266 1213 tur
297 1189 415 1213 auctor
432 1182 465 1212 in
485 1184 565 1213 Lov.
593 1183 794 1223 disparandos
820 1185 913 1215 dedu-

209 1234 319 1263 cendos
341 1234 380 1263 ad
404 1243 429 1263 S.
474 1234 600 1263 Verum
619 1238 655 1263 ut
673 1234 736 1273 bic,
755 1234 802 1264 ita
822 1235 912 1266 clai-e

209 1282 354 1314 Plautus
373 1282 461 1313 Rud.
487 1283 520 1312 in
538 1283 631 1313 Prol.
648 1292 696 1313 vs,
713 1286 745 1313 6.
769 1284 777 1300 ‘
796 1283 830 1314 Is
854 1294 912 1314 nos

209 1333 385 1374 pergentis
405 1333 504 1363 alium
522 1333 588 1364 alia
603 1333 781 1374 disparat!
826 1334 912 1365 (¹on-

199 1383 288 1423 jecit
304 1383 404 1414 etiam
431 1384 483 1414 Cl.
513 1384 721 1423 Perizonius,
749 1384 811 1415 hoc
839 1395 912 1415 ver-

208 1433 288 1464 bum
315 1433 562 1464 restituendum
589 1434 665 1465 Val.
693 1434 786 1465 Max.
814 1444 855 1465 11.
878 1438 910 1466 7.

208 1487 260 1515 ll.
284 1484 294 1501 ‘
311 1493 428 1514 manus
445 1494 464 1514 a
481 1484 678 1524 corporibus
696 1485 763 1515 suis
780 1485 911 1516 distric-

208 1539 264 1574 tae,
280 1533 381 1576 inque
407 1539 585 1566 cruentato
613 1535 683 1566 solo
710 1535 871 1576 dispersae
887 1535 910 1567 :’

207 1590 245 1616 ut
262 1586 375 1626 legere
388 1587 514 1618 malim.

248 1644 354 1666 xxrx.
379 1638 397 1667 3
438 1637 546 1677 Neque
571 1636 603 1667 in
627 1637 706 1677 acie]
749 1637 805 1669 Sic
822 1638 907 1670 Mss.

206 1685 293 1727 Reg.
319 1687 443 1718 Eliens.
469 1693 505 1718 et
533 1688 654 1718 Vossii.
700 1688 793 1719 Editi
818 1699 911 1729 neque

206 1738 272 1768 acie
288 1737 396 1768 minus
414 1737 511 1769 bene.
538 1738 645 1769 Clark.
692 1739 802 1770 Recte
819 1740 910 1771 Clar-

205 1787 280 1818 kius
295 1787 428 1819 addidit
442 1788 719 1828 praepositionem
735 1789 788 1819 in.-
810 1799 909 1830 quam

205 1841 397 1877 agnoscunt
409 1846 485 1867 cum
503 1836 565 1867 Ed.
586 1837 656 1867 Inc.
675 1843 709 1868 et
728 1838 812 1868 Mss.
831 1838 909 1869 Urs.

205 1887 344 1919 Hotom.
371 1888 492 1917 Brant.
520 1887 584 1917 mei
614 1887 756 1918 Codices
781 1897 908 1926 omnes,

210 1942 357 1977 excepto
378 1937 609 1967 recentissimo
626 1938 851 1977 Dor-villiano,
867 1948 907 1969 ex

206 1987 349 2018 Caesaris
363 1987 476 2027 genio,
493 1997 592 2028 quem
610 1992 747 2018 secutus
764 1993 815 2018 est
832 1989 908 2019 Hir-

205 2037 270 2068 tius
294 2038 334 2068 B.
362 2037 459 2068 Alex.
491 2047 521 2068 c.
545 2040 597 2068 56.
621 2037 630 2053 ‘
648 2037 850 2077 Pompeium
874 2038 906 2068 in

205 2088 277 2118 acie
305 2088 430 2118 victum
446 2087 465 2118 :'
512 2097 541 2118 c.
567 2090 619 2118 74.
644 2088 652 2103 ‘
672 2087 705 2117 iu
733 2088 806 2118 acie
830 2097 908 2118 con-

204 2136 343 2176 flixisse,
368 2141 403 2167 et
430 2136 576 2167 vicisse)
623 2137 905 2177 Praepositionem

203 2187 258 2218 hic
282 2187 339 2217 alii
367 2197 500 2228 quoque
527 2187 745 2219 addiderunt.
790 2189 904 2219 Valer.

203 2236 299 2268 Max.
328 2246 352 2267 1.
381 2242 411 2268 5.
439 2238 455 2277 ξ
480 2240 511 2268 6.
537 2239 546 2254 ‘
568 2238 747 2278 Pompeius
774 2238 806 2269 in
833 2240 906 2270 acie

203 2287 397 2318 Pharsalica
412 2288 523 2318 victus
539 2288 559 2318 :'
584 2297 636 2319 ιιι.
653 2291 684 2319 2.
701 2292 733 2320 4.
758 2291 767 2306 ⁴
783 2289 905 2321 ducem

202 2337 417 2368 Fidenatium
434 2338 466 2367 iu
481 2338 553 2369 acie
566 2348 766 2377 congressus
782 2339 905 2370 iutere-

202 2387 318 2418 misset
334 2390 352 2417 :'
376 2393 474 2428 atque
494 2388 540 2418 ita
559 2388 641 2418 Mss.
660 2388 824 2420 innumeri
836 2390 904 2420 Sal-

202 2437 282 2467 lust.
308 2437 388 2476 Jug.
415 2446 445 2468 c.
472 2440 524 2468 54.
552 2439 568 2477 ᾧ
594 2442 623 2468 5.
657 2438 665 2453 ‘
682 2439 812 2470 Statuit
838 2449 903 2470 nou

203 2486 341 2527 proeliis,
358 2496 465 2527 neque
483 2487 515 2517 in
534 2488 618 2526 acie,
635 2487 693 2519 sed
721 2489 786 2519 alio
810 2500 903 2521 more

202 2537 329 2568 bellum
357 2538 567 2578 gerundum.’
624 2539 680 2570 Sic
713 2549 842 2581 quoquc
874 2551 904 2572 c.

202 2591 253 2619 64.
268 2589 350 2619 Mss.
368 2590 518 2630 plerique
532 2591 564 2620 in
584 2591 650 2621 acie
663 2591 903 2623 dimicaturum.-

201 2643 239 2669 ut
255 2643 290 2669 et
315 2639 354 2670 B.
370 2638 480 2670 Afric.
509 2650 538 2670 c.
556 2643 608 2670 80.
633 2641 642 2657 ‘
661 2641 701 2671 In
719 2642 791 2672 acie
809 2643 903 2674 dimi-

201 2689 362 2720 cassent!
406 2690 448 2721 B.
475 2689 585 2721 Afric.
610 2701 640 2723 c.
656 2695 708 2723 42.
732 2694 741 2709 ‘
761 2693 800 2723 In
828 2694 902 2726 acie

201 2740 374 2780 pugnare.’
432 2740 523 2773 Hinc
539 2740 586 2773 nil
603 2743 801 2775 mutandum
825 2753 902 2777 cen·

679 185 820 216 NOTAE
852 187 1116 219 VARIORUM
1150 188 1202 218 IN

970 292 1025 312 sco
1042 283 1128 323 apud
1147 283 1305 316 Quinctil.
1322 283 1423 314 Decl.
1438 291 1503 314 ΧΠ.
1521 285 1573 315 21.
1597 284 1607 302 ‘
1623 284 1662 316 In

970 333 1042 362 acie
1059 332 1261 371 confligere:

1011 386 1030 413 6
1054 383 1205 414 Secundus
1217 393 1316 414 rerum
1333 383 1469 423 eventus]
1486 384 1569 415 Mss.
1587 384 1665 416 Car-

970 442 1033 463 mr.
1062 438 1095 463 ct
1121 433 1257 464 Norvic.
1275 444 1348 463 cum
1367 434 1464 464 cditt.
1484 434 1580 464 Rom.
1601 434 1665 464 Be-

969 482 1070 512 roald.
1087 483 1247 514 exhibent
1263 486 1409 514 secundos
1425 494 1525 514 rerum
1538 494 1665 524 proten-

967 536 1039 566 tus.-
1063 542 1136 572 qum
1154 533 1286 573 quidem
1304 535 1406 564 lectio
1430 535 1507 564 mibi
1533 534 1667 566 videtur

969 582 1172 620 recipienda.
1217 582 1273 612 sic
1292 583 1329 613 B.
1347 583 1390 613 G.
1408 592 1449 614 ιι.
1468 587 1518 614 38.
1543 585 1551 599 ‘
1567 594 1665 624 supe-

969 632 1065 661 rioris
1093 632 1255 672 temporis
1277 634 1486 672 proventum’
1511 644 1571 674 pro
1593 644 1665 666 suc-

968 691 1060 711 cessu
1089 682 1209 721 posuit,
1224 691 1286 712 nec
1314 683 1414 713 aliter
1436 684 1444 699 ‘
1463 684 1563 714 rebus
1590 683 1664 715 feli-

968 731 1052 762 citer
1083 731 1367 771 provenientibus’
1397 731 1484 763 dixit
1510 733 1665 765 Justinns

968 790 1029 812 vn.
1046 784 1078 813 6.
1125 782 1179 812 Ita
1195 786 1231 812 et
1247 782 1411 822 Apuleius
1428 783 1564 813 Metam.
1581 783 1602 814 l.
1615 792 1665 815 tx.

968 841 1000 871 p.
1019 834 1091 862 204.
1117 832 1187 862 etl.
1207 840 1242 861 x.
1269 841 1302 871 p.
1320 835 1393 862 210.
1419 831 1472 863 ed.
1497 833 1664 864 Pricaeau.

967 880 1051 911 adeo
1068 889 1105 912 ut
1121 882 1293 921 vulgatam
1320 882 1498 912 lectionem
1524 891 1542 913 e
1568 882 1666 913 Glos-

966 936 1091 962 semute
1115 936 1225 961 ortum
1252 931 1407 962 habuisse
1436 931 1545 963 nullus
1570 932 1666 964 dubi-

967 984 1047 1011 tem.
1080 980 1191 1011 Dat-is.
1247 981 1345 1011 Ratio
1362 985 1425 1020 est,
1449 981 1537 1021 quod
1559 991 1667 1021 prove·

965 1030 1035 1061 nire
1051 1040 1116 1061 non
1142 1040 1311 1072 nunquam
1330 1031 1419 1062 valet
1433 1032 1580 1071 accidere,
1594 1033 1664 1064 sive

967 1081 1072 1112 bonus
1099 1082 1168 1112 sive
1190 1083 1295 1113 malus
1318 1083 1361 1114 sit
1387 1088 1539 1114 eventus.
1585 1082 1665 1114 Sue·

966 1132 1076 1163 tonius
1103 1132 1189 1173 Aug.
1217 1143 1246 1164 c.
1269 1135 1321 1164 94.
1344 1134 1353 1149 ‘
1370 1133 1504 1173 Unique
1530 1132 1664 1163 omniuo

965 1191 1084 1222 magno
1101 1182 1296 1213 Alexandro
1321 1182 1410 1223 apud
1432 1182 1565 1213 casdem
1589 1191 1664 1212 aras

965 1232 1166 1263 sacrificanti
1195 1233 1301 1263 simile
1332 1234 1522 1273 provenisset
1552 1239 1664 1263 osten·

965 1281 1058 1312 tum.’
1114 1282 1225 1323 Vulgo
1243 1283 1367 1323 legitur
1383 1284 1492 1321 unique
1507 1282 1586 1313 olim
1602 1292 1664 1312 om-

963 1333 1058 1363 nino.-
1092 1334 1151 1365 sed
1175 1344 1249 1365 cum
1276 1335 1342 1366 Ms.
1360 1335 1582 1365 Memmianus
1605 1334 1664 1365 det

962 1382 1074 1422 unique
1095 1383 1177 1413 omni
1204 1393 1338 1423 magno.-
1368 1393 1484 1414 vocem
1509 1383 1581 1414 olim
1607 1383 1664 1414 de-

964 1432 1097 1464 tendam
1113 1433 1240 1464 censui.
1273 1434 1369 1464 Idem
1386 1434 1418 1464 in
1434 1434 1573 1474 Vespas.
1586 1443 1615 1464 e.
1630 1437 1661 1464 5.

963 1483 971 1499 ‘
987 1483 1158 1524 Quicquid
1176 1483 1324 1524 agitaret
1350 1484 1569 1523 volveretque
1594 1484 1662 1514 ani-

963 1543 1031 1573 mo,
1048 1534 1235 1575 quamlibet
1250 1544 1404 1575 magnum
1423 1534 1455 1564 id
1471 1534 1661 1574 esset,'(sic

962 1594 1037 1615 cum
1053 1584 1215 1615 Salmasio
1240 1585 1394 1626 legerim)
1419 1586 1663 1623 ‘proventurum

963 1634 1227 1675 pollice1·entnr.’
1272 1635 1450 1666 Vulcatius
1468 1635 1662 1666 Gallicanus

961 1683 994 1714 in
1018 1683 1139 1716 Avidio
1164 1685 1281 1717 Cassio
1309 1696 1338 1716 c.
1356 1688 1387 1716 3.
1411 1686 1419 1702 ‘
1439 1686 1491 1717 Ne
1514 1685 1592 1727 quid
1615 1685 1664 1716 fa-

962 1734 1029 1764 tale
1055 1735 1250 1774 proreniret.'
1304 1736 1472 1777 Vopiscus
1497 1737 1529 1767 in
1556 1735 1663 1768 Aure·

961 1786 1051 1816 liano
1075 1796 1104 1817 c.
1124 1790 1173 1818 18.
1198 1789 1206 1804 ·'
1223 1788 1432 1818 Paventibus
1457 1788 1601 1827 cunctis,
1618 1797 1662 1819 ne

961 1835 1090 1874 eadem,
1119 1846 1192 1876 quae
1223 1837 1285 1868 sub
1324 1838 1481 1869 Gallieno
1514 1838 1661 1878 fueraut,

961 1886 1202 1924 provenirent)
1267 1887 1354 1917 Vide
1392 1888 1434 1918 sis
1468 1893 1501 1918 et
1540 1898 1569 1919 c.
1605 1890 1659 1919 21.

961 1935 1059 1974 Idem,
1082 1945 1150 1966 cur.
1176 1946 1243 1968 sec.
1292 1938 1473 1969 Prot-cneus.
1502 1939 1558 1970 Sic
1577 1939 1659 1971 Mss.

960 1991 994 2016 et
1012 1986 1100 2018 Edit.
1123 1987 1219 2018 Rom.
1238 1999 1244 2018 ε
1271 1998 1371 2029 quam
1391 1990 1583 2027 lectionem,
1601 2000 1658 2021 ex-

960 2037 1079 2077 emplis
1105 2038 1226 2077 allatis,
1254 2039 1383 2070 erudite
1409 2045 1525 2070 tuetur
1555 2040 1659 2071 Davi-

960 2087 1039 2117 sius.
1085 2087 1154 2118 Alii
1190 2089 1330 2128 liabent,
1366 2094 1498 2120 ersntus.
1553 2090 1659 2122 Clark.

959 2136 1064 2168 Hisce
1078 2138 1243 2170 accedant
1267 2140 1350 2171 Mss.
1376 2142 1478 2171 etiam
1503 2141 1568 2172 mei
1592 2150 1659 2172 om-

957 2196 1030 2225 nes,
1049 2192 1174 2228 praeter
1191 2189 1266 2229 Cuj.
1295 2194 1329 2221 et
1353 2190 1448 2221 Leid.
1473 2200 1523 2231 pr.
1568 2190 1659 2222 Item

958 2237 1046 2267 Edd.
1080 2238 1222 2269 Mediol.
1249 2245 1282 2270 et
1309 2239 1457 2271 Incerta.
1511 2240 1658 2272 Omnino

957 2292 1064 2319 recte.
1112 2288 1165 2319 Ita
1179 2289 1356 2320 emendavi
1373 2299 1507 2331 quoque
1529 2299 1547 2321 e
1572 2290 1657 2322 Mss.

957 2337 1138 2378 Apuleium
1154 2339 1174 2369 l.
1193 2348 1227 2369 x.
1248 2349 1279 2379 p.
1292 2342 1367 2370 230.
1395 2339 1458 2370 Ed.
1481 2349 1533 2380 pr.
1557 2342 1566 2358 ‘
1583 2340 1657 2371 Me-

956 2387 1079 2419 dicinae
1110 2395 1292 2428 proventus
1325 2390 1489 2430 adpareat
1503 2389 1524 2420 :’
1557 2390 1656 2429 vulgo

953 2437 1102 2477 probatus
1117 2443 1253 2470 eventus.
1298 2440 1386 2470 Vide
1402 2440 1434 2470 iu
1452 2440 1535 2471 Obs.
1554 2439 1654 2470 Misc.

955 2489 1031 2519 Vol.
1050 2498 1104 2520 111.
1119 2494 1143 2520 t.
1161 2493 1192 2521 2.
1239 2491 1313 2521 Nec
1335 2499 1431 2521 secus
1454 2489 1610 2529 rescripsi
1635 2498 1654 2520 e

956 2539 1137 2572 Codicibus
1160 2539 1249 2572 infra
1274 2551 1306 2572 c.
1325 2544 1377 2571 70.
1401 2542 1410 2557 ‘
1429 2549 1550 2580 pugnae
1578 2549 1654 2579 pro-

954 2596 1093 2622 ventum
1109 2591 1376 2632 exspectabant.'
1420 2591 1533 2621 Valcr.
1559 2591 1654 2622 Max.

954 2650 1009 2672 ιιι.
1038 2644 1070 2671 2.
1098 2642 1115 2680 §
1142 2645 1172 2671 5.
1203 2642 1280 2672 Ext.
1314 2641 1323 2658 ‘
1340 2639 1652 2671 Excellentissimos

953 2691 1089 2721 virtutis
1111 2695 1293 2730 proventus
1315 2689 1515 2720 miserabilis
1540 2690 1652 2730 lapsus

952 2740 1106 2783 sequitur
1119 2739 1139 2772 ι’
1184 2739 1241 2772 ubi
1276 2739 1395 2772 itidem
1431 2739 1515 2772 cod.
1554 2740 1651 2773 Harl.
