1883 3121
443 218 588 248 tun.h
621 208 816 247 cAp.75.

154 311 233 351 quod
257 321 324 343 cum
351 311 476 342 Lovan.
503 311 642 342 Scilicet
672 310 851 348 legendum

156 371 175 392 (¹
193 361 319 393 Codice
348 361 463 392 Ursini
492 362 648 400 Armaque
669 361 747 399 quod
770 370 851 397 cum,

155 411 304 451 repetito
317 411 361 440 τῶ
376 412 465 451 quod,
482 410 622 441 Caesaris
635 419 724 439 more
741 420 747 439 z
774 409 851 440 dein

155 465 324 505 queruntur
340 462 476 493 exhibui
499 461 564 491 fide
590 461 673 491 Mss.
703 470 850 491 nieorum

154 513 313 549 omnium,
324 518 357 543 et
372 511 497 542 Ursini.
536 511 677 551 Ingrata
692 511 852 550 repetitio

153 562 208 592 τοῦ
223 572 278 592 con
295 561 395 592 tertio
412 561 497 590 loco.

199 613 238 642 14
261 610 419 641 Invitandi
434 611 555 651 caussa]
578 611 625 642 Ut
640 619 696 641 eos
709 610 852 650 benigne

154 659 328 701 amiceque
359 661 584 700 exciperent;
618 661 679 691 boc
705 661 794 691 enim
820 661 853 691 in

153 709 230 742 loco
247 710 304 741 illa
320 715 370 741 cst
397 710 487 741 vocis
508 710 662 740 invitandi
689 715 853 750 potestas·

153 759 242 790 Vide
260 769 333 800 quae
351 760 489 800 collegit
504 760 604 792 Joan.
616 760 741 800 Georg.
759 760 853 791 Grae-

154 809 227 841 vius
249 809 291 840 ad
308 809 432 842 Justini
452 818 477 840 1.
493 813 524 840 6.
571 810 681 841 Daris.

195 862 237 890 24
277 859 511 899 Gmtulatione]
547 859 587 890 In
626 860 787 899 Bongars.
818 863 853 890 et

157 910 253 940 Leid.
278 919 345 941 sec.
366 911 632 949 gratulationum:
664 912 757 951 qnasi
781 910 854 941 Cae-

153 955 207 990 sar
223 959 325 990 eliani
352 960 419 991 duo
448 960 556 991 varios
585 969 680 991 casus
700 960 853 1000 junxerit

153 1009 211 1039 uni
234 1009 406 1049 adjectivo
427 1011 549 1049 plenus.-
572 1011 614 1041 de
642 1020 708 1051 qua
724 1020 759 1041 re
776 1011 852 1041 vide

152 1059 195 1092 ad
212 1069 292 1091 vui.
310 1063 361 1092 46.
408 1061 473 1092 Sed
501 1070 566 1092 non
591 1062 733 1094 multum
761 1061 852 1092 hisce

154 1109 326 1140 codicibus
339 1110 452 1142 credo.

195 1159 237 1189 26
278 1159 428 1189 Pristinae
470 1159 622 1199 lenitatis]
668 1159 852 1199 Pridianae,

155 1216 255 1250 quam
286 1206 340 1238 die
372 1207 526 1247 proximo
556 1213 778 1246 exercuerat;
816 1214 852 1239 ut

153 1266 194 1287 ex
211 1265 251 1288 eo
265 1260 375 1297 patet,
394 1257 480 1298 quod
498 1258 612 1298 paullo
627 1262 706 1288 aute
728 1258 853 1289 milites

155 1305 333 1337 Afraniani
349 1307 474 1347 gratias
502 1312 604 1347 agant
621 1317 735 1338 omnes
750 1309 854 1338 omni-

154 1355 228 1396 bns,
264 1355 380 1397 ‘quod
420 1356 483 1388 sibi
523 1357 715 1396 perterritis
744 1357 854 1397 pridie

155 1406 415 1447 pepercissent.’
461 1406 515 1437 Sic
553 1406 593 1437 B.
634 1406 676 1437 G.
718 1416 767 1438 lv.
802 1410 852 1438 14.

154 1456 163 1472 ‘
180 1456 311 1488 Milites
327 1455 448 1495 nostri,
465 1456 598 1497 pristini
622 1456 686 1487 diei
710 1456 854 1497 perfidia

154 1504 289 1537 incitati
301 1509 319 1536 :’
364 1505 438 1547 (ubi
475 1504 603 1547 plura.)
640 1505 683 1537 Α.
725 1506 853 1537 Gellius

155 1555 259 1587 Noct.
292 1555 399 1587 Attic.
429 1565 465 1587 x·
501 1558 556 1587 24.
619 1557 679 1590 Die
704 1557 853 1597 pristino,

154 1607 188 1639 id
229 1612 295 1648 est,
326 1608 454 1649 priore,
484 1608 573 1650 qnod
608 1609 708 1649 vulgo
745 1609 853 1649 pridie

154 1656 289 1688 dicitnr.
336 1658 448 1688 Dat-is.

198 1717 308 1740 Lxxv.
332 1712 351 1740 4
388 1709 530 1740 Petreius
556 1720 625 1741 vero
656 1721 713 1741 non
739 1711 853 1743 deserit

153 1768 238 1796 sese,·
259 1761 361 1789 armat
374 1754 547 1800 familiam]
570 1760 687 1801 Inquit
701 1760 742 1791 ad
766 1761 853 1792 hunc

153 1809 264 1840 locum
297 1808 554 1841 Hotomannus:
595 1811 770 1841 ‘Familiae
796 1820 853 1840 no-

153 1858 244 1889 mine
253 1858 426 1899 intelligit,
438 1859 568 1899 opinor,
578 1860 853 1901 quosProconsu-

153 1907 201 1938 les
227 1915 269 1937 ex
283 1907 478 1939 domesticis
496 1908 779 1948 convictionibus,
795 1913 853 1939 aut

153 1957 351 1989 domesticis
367 1958 635 1999 apparitionibus
661 1967 775 1989 secum
798 1958 854 1989 ha-

152 2008 235 2040 bere
259 2013 524 2045 consueverant;
548 2008 605 2049 qui
622 2008 719 2049 quasi
734 2017 776 2038 ex
799 2017 853 2038 co-

152 2057 249 2089 horte
286 2058 446 2098 praetoria
474 2058 640 2100 appellari
667 2058 789 2097 solent,
816 2062 853 2088 ut

153 2108 202 2140 ait
219 2109 342 2140 Cicero
360 2109 468 2148 Epist.
495 2108 537 2138 ad
563 2108 606 2140 Q.
632 2108 686 2138 Fr.
731 2107 770 2138 In
788 2117 854 2148 qua

152 2157 282 2190 nullum
297 2157 386 2188 aliud
397 2167 501 2198 genus
512 2157 755 2197 animadverto,
765 2157 853 2198 qnod

152 2217 196 2238 ex
226 2207 353 2238 familia
378 2208 447 2238 dici
479 2207 605 2248 possit:
634 2216 708 2238 nam
738 2216 852 2238 servos

153 2262 249 2290 certe
266 2257 308 2288 ad
323 2267 415 2289 arma
430 2249 494 2289 non
513 2261 661 2289 vocaret.
707 2257 852 2288 Colonos

153 2309 303 2351 quidem,
326 2309 368 2341 de
386 2309 503 2351 quibus
520 2309 676 2352 superius
693 2308 852 2347 diximus,

150 2364 266 2402 potest
290 2360 392 2391 etiam
419 2361 482 2391 hoc
508 2359 613 2390 verbo
641 2358 852 2399 significare!

152 2409 232 2453 Sed,
255 2410 344 2451 quod
363 2419 446 2449 paee
464 2409 582 2443 summi
609 2409 673 2439 viri
699 2409 853 2449 dixerim,

153 2460 334 2502 plurimum
362 2459 500 2491 fallitur.
546 2459 681 2492 Familia
706 2459 760 2489 hic
778 2460 852 2490 Cae-

153 2510 220 2542 sari
246 2515 326 2542 sunt
349 2509 480 2550 famuli,
504 2509 631 2549 liberti,
662 2509 853 2549 colonizret

154 2568 198 2590 ne
228 2552 379 2599 dubites,
405 2560 483 2590 andi
522 2560 690 2590 Lucanum
728 2559 770 2589 de
800 2569 853 2589 ea-

154 2609 231 2641 dem
257 2619 294 2641 re
322 2611 528 2651 loquentem,
563 2618 610 2640 lv.
633 2611 709 2639 205.
756 2610 853 2638 ‘nam

154 2663 332 2701 postquam
349 2659 477 2691 foedera
502 2660 596 2701 pacis
621 2658 767 2699 Cognita
787 2658 853 2689 Pe-

157 2707 255 2750 treio,
282 2717 386 2753 seque
422 2713 458 2741 et
488 2718 549 2741 sua
576 2708 702 2741 tradita
732 2718 854 2741 venum

850 217 910 246 DF.
945 217 1098 248 BELLO
1138 217 1308 247 ulvim.

1491 209 1602 250 1391

904 312 1027 342 Castra
1053 312 1160 348 videt,
1192 310 1335 341 famulas
1366 312 1533 342 scelerata
1559 314 1601 344 ad

905 362 1021 400 proelia
1048 362 1188 392 dextras
1218 361 1379 392 Excitat!
1426 361 1547 403 Neque
1570 363 1603 392 id

903 410 965 440 lio(-
1003 411 1091 441 bello
1130 421 1270 447 uovum;
1316 411 1363 441 uit
1410 411 1452 442 de
1490 412 1607 442 Domi-

905 458 953 489 tio
983 469 1085 499 supra
1121 461 1191 500 ipse
1221 461 1355 491 Caesar:
1404 460 1602 493 Profectum

903 508 985 538 item
1030 509 1218 539 Domitium
1280 511 1321 540 ad
1373 511 1603 551 occupandam

904 557 1090 589 Massiliam
1105 557 1244 589 navibus
1262 560 1421 590 actuariis
1440 570 1506 600 vn,
1523 571 1605 602 quas

903 606 980 647 Igili
998 611 1031 637 et
1056 607 1088 636 in
1114 608 1244 638 Cosano
1261 619 1279 638 a
1304 610 1444 648 privatis
1461 616 1606 651 coactas,

903 657 1022 696 servis,
1047 656 1186 696 libertis,
1210 658 1335 688 colonis
1364 660 1430 689 suis
1462 662 1607 701 comple-

903 706 1024 737 verat!
1068 707 1158 738 Hinc
1187 708 1288 738 toties
1307 708 1392 739 infra
1419 719 1605 742 memoran-

904 760 971 794 tur,
991 756 1132 787 colonica>
1147 757 1296 795 cohortes,
1325 761 1354 787 et
1380 761 1542 793 vernacula
1566 761 1608 792 le-

899 805 966 844 gio,
1000 814 1042 836 ex
1078 807 1206 837 colonis
1234 807 1402 847 nimirum,
1433 814 1465 839 et
1501 811 1604 840 servis

904 855 1040 895 scripta.
1081 856 1168 886 Illud
1181 857 1285 897 quaeri
1298 858 1416 897 possit,
1431 869 1472 888 an
1488 866 1522 890 et
1540 860 1606 898 gla-

903 905 1050 936 diatores
1077 907 1331 946 intelligantur:
1357 908 1444 948 quod
1472 918 1538 939 nou
1555 915 1605 940 te-

903 965 994 987 mere
1008 957 1163 988 dixerim.
1208 958 1285 988 Scio
1302 957 1404 989 fuisse
1422 964 1539 999 postea
1555 970 1606 991 so·

904 1008 1044 1038 lutiores
1057 1008 1171 1039 saeculi
1184 1018 1304 1039 mores.
1344 1010 1500 1049 Legimus
1515 1010 1606 1051 apud

904 1059 1058 1090 Tacitum
1096 1070 1120 1091 1.
1183 1060 1364 1092 Annalium
1399 1062 1605 1093 Vibulenum

905 1110 1072 1151 quendam
1094 1112 1234 1142 militem
1258 1113 1458 1152 gregarium,
1488 1113 1530 1144 (le
1558 1114 1608 1144 in-

906 1160 1051 1190 terfecto
1077 1160 1183 1191 fratre
1205 1160 1289 1192 falso
1323 1168 1532 1202 querentem,
1560 1163 1607 1193 ita

905 1209 1054 1240 Blaesum
1067 1210 1234 1249 Legatum
1244 1212 1479 1250 compellasse.
1499 1213 1508 1228 ‘
1522 1212 1606 1244 Quis

904 1258 1002 1289 fratri
1026 1269 1101 1290 meo
1125 1261 1242 1299 vitam,
1265 1261 1338 1301 quis
1363 1260 1504 1292 fratrem
1528 1262 1607 1293 mihi

905 1308 1036 1339 reddit?
1086 1309 1175 1350 (lege
1212 1311 1348 1349 reddet.)
1393 1321 1491 1351 quein
1530 1312 1607 1343 mis·

906 1367 976 1388 sum
1011 1359 1052 1388 ad
1076 1368 1135 1388 vos
1165 1368 1185 1389 a
1216 1358 1423 1390 Germanico
1450 1361 1606 1392 exercitu

906 1407 947 1437 de
995 1408 1226 1438 communibus
1273 1409 1469 1447 commodis,
1505 1418 1606 1442 nocte

905 1457 1058 1496 proxima
1094 1457 1264 1497 jugulavit
1301 1468 1362 1497 per
1399 1459 1605 1497 gladiatores

905 1516 996 1546 suoS,
1025 1517 1107 1548 quos
1125 1507 1157 1537 iu
1185 1508 1325 1538 exitium
1342 1509 1486 1539 militnm
1503 1510 1606 1541 babet

905 1562 1005 1598 atque
1042 1557 1172 1588 armat?
1241 1557 1362 1598 Itaque
1401 1559 1605 1599 gladiatores

903 1607 951 1637 illi
988 1607 1142 1638 solebant
1180 1607 1338 1638 comitari
1375 1608 1606 1649 Imperatores

904 1658 938 1688 in
954 1658 1160 1698 provincias,
1189 1663 1223 1688 et
1246 1664 1341 1689 eraut
1358 1659 1391 1689 in
1408 1659 1540 1690 illorum
1559 1659 1606 1691 fa-

903 1709 1010 1748 milia,
1041 1714 1078 1739 nt
1112 1709 1263 1739 disertim
1293 1714 1463 1740 testantur
1491 1709 1606 1740 Taciti

904 1759 1020 1798 verba,
1044 1759 1101 1800 qui
1133 1759 1246 1798 paullo
1277 1763 1354 1798 post
1385 1759 1518 1790 subdit:
1544 1764 1606 1791 ‘nt

903 1818 982 1849 pars
998 1809 1141 1840 militum
1165 1809 1380 1849 gladiatores,
1409 1809 1464 1850 qui
1496 1819 1512 1840 e
1539 1819 1606 1840 ser-

904 1859 985 1889 vitio
1001 1859 1103 1889 Blaesi
1120 1863 1228 1897 erant,
1243 1869 1320 1899 pars
1343 1864 1501 1891 caeteram
1519 1860 1606 1900 ejus-

903 1908 980 1938 dem
1014 1907 1174 1938 familiam
1200 1908 1391 1939 vincirent!
1441 1910 1606 1940 Disertim

904 1959 964 1997 ait,
977 1959 1183 1999 gladiatores
1199 1968 1215 1989 e
1229 1959 1356 1989 sert-itio
1372 1959 1474 1989 Blaesi
1491 1958 1606 1990 fuisse.

905 2008 970 2038 Sed
988 2018 1052 2038 non
1069 2008 1215 2038 arbitror
1240 2008 1323 2038 illud
1350 2012 1504 2048 tempore
1532 2009 1606 2040 Cae-

905 2057 987 2087 saris
1036 2057 1233 2087 obtinuisse.
1303 2057 1464 2089 Quamvis
1516 2058 1606 2088 enim

903 2117 969 2138 non
998 2107 1150 2148 ignorem
1173 2107 1236 2138 hoe
1266 2107 1342 2147 ipso
1373 2107 1458 2139 libro
1480 2117 1606 2139 memo-

904 2158 970 2188 rari
1007 2158 1049 2188 de
1100 2157 1355 2198 gladiatoribus,
1410 2167 1492 2198 quos
1543 2158 1605 2189 Ca-

903 2218 979 2248 puae
1008 2209 1122 2239 Caesar
1149 2207 1298 2239 habebat
1324 2207 1474 2248 inludo,
1501 2218 1557 2239 eos
1585 2219 1604 2240 a

904 2258 1047 2288 Lentulo
1065 2257 1249 2297 productos
1279 2262 1313 2288 et
1337 2262 1483 2288 armatos
1510 2267 1605 2297 esse;

904 2312 1016 2338 tamen
1034 2312 1116 2348 puto
1143 2307 1220 2337 hinc
1252 2307 1362 2347 colligi
1387 2316 1496 2347 posse,
1525 2317 1606 2338 non-

903 2357 983 2388 dum
1000 2362 1078 2388 tune
1103 2357 1265 2397 temporis
1286 2357 1320 2387 id
1340 2357 1374 2386 in
1399 2366 1460 2387 usu
1476 2355 1603 2389 fnisse:

903 2416 980 2437 nam
998 2407 1200 2447 gladiatores
1223 2407 1271 2437 illi
1298 2408 1426 2447 Capuae
1451 2412 1547 2438 erant
1570 2408 1604 2439 in

902 2456 994 2497 ludo,
1025 2457 1140 2498 ibique
1176 2458 1379 2495 manebant3
1414 2467 1524 2498 neque
1553 2468 1604 2488 ra-

903 2517 978 2542 rum
1006 2508 1053 2547 id,
1090 2512 1127 2539 ut
1166 2508 1308 2538 Romani
1343 2508 1469 2548 privati
1499 2507 1604 2548 gladi-

904 2563 1016 2589 atores
1060 2559 1095 2589 iu
1131 2559 1268 2589 urbibus
1313 2563 1370 2589 aut
1415 2557 1606 2598 municipiis

903 2607 1081 2648 haberent,
1128 2609 1171 2639 ad
1226 2607 1437 2639 concilianda
1486 2616 1604 2641 eorum

904 2657 1037 2689 studia:
1076 2658 1192 2699 itaque
1237 2658 1290 2688 hic
1337 2667 1398 2697 per
1443 2655 1602 2686 familiam

903 2707 1056 2749 intellige
1094 2717 1221 2748 servos,
1263 2706 1415 2746 libertOS‚
1457 2705 1608 2747 colonos,
