1883 3121
445 225 537 255 mu.
573 224 621 252 ιι.
655 223 761 253 car.
785 212 827 252 ΕΞ.

159 323 222 351 ἂν.
246 320 278 350 iu
303 323 389 351 terra
415 319 550 360 defigere
580 317 679 357 vulgo
707 317 740 346 in
774 317 857 347 Mss.

160 371 236 411 legi.
291 369 390 401 Adde
405 369 424 399 Ι.
441 369 536 408 hujus
559 378 587 398 c.
607 371 657 398 10.
682 367 691 384 ‘
710 367 744 397 in
760 367 859 397 trabi—

160 422 220 452 bus
235 421 421 454 columella·
439 416 653 453 defiguntur!

201 474 219 502 7
247 471 331 501 Inter
344 480 374 500 se
387 470 524 510 porticus
537 466 748 507 inecgcbutnr]
770 466 858 497 Nota

155 522 309 561 porticum
339 531 399 560 pro
427 518 524 550 vineis
553 517 650 558 poni:
678 527 739 548 nct:
766 516 856 547 aliud

158 571 256 602 hodic
274 575 424 602 nostrum
437 569 582 608 gazarim.
621 568 729 608 quue
745 568 857 598 vinea-

158 631 232 652 rum
254 621 427 662 proprium
451 630 570 650 nomen
589 624 651 650 est.
697 618 763 649 Sed
780 618 858 659 quia

155 672 235 702 olim
253 671 405 712 porticus
427 670 611 710 (hodieque
625 669 749 710 passim
768 669 857 699 vide-

157 722 248 762 mus)
262 722 295 752 in
313 722 419 752 hortis
442 722 554 752 solent
580 719 715 760 contegi
742 719 858 757 vium,

157 771 235 803 inde
278 781 399 802 nomen
439 771 480 802 ad
519 771 671 802 militiam
711 769 856 800 transiit.

159 823 256 854 Unde
295 823 415 854 Festus
449 822 653 862 Porupeius3
689 819 856 859 ‘Vineaess

158 872 279 914 inquit,
306 875 315 890 ‘
334 873 423 914 quod
450 872 518 903 vini
544 871 673 903 feraces
697 871 774 902 sint.
815 871 857 900 Ε-

154 925 240 955 tiam
268 924 430 954 militares
457 923 612 964 quaedam
640 922 858 953 machinatio-

156 984 215 1006 ucs
243 984 261 1005 a
291 974 512 1005 similitudine
542 972 782 1014 appellantur!
829 972 857 1002 A

154 1025 371 1063 similitudine,
405 1034 471 1055 uon
514 1023 595 1054 vitis
634 1022 751 1063 ipsius,
782 1032 858 1063 quae

155 1077 247 1107 nulla
278 1076 432 1116 profecto
463 1080 528 1114 cst,
559 1075 618 1106 sed
651 1074 731 1114 quia
753 1073 859 1104 vineis

156 1128 290 1164 contegi
317 1128 427 1159 solent
451 1126 602 1167 porticus
619 1126 660 1156 ad
684 1126 858 1156 amoenita-

157 1183 238 1209 tem.
263 1177 303 1208 In
317 1177 428 1209 Gloss.
442 1177 525 1207 Mss.
540 1176 687 1214 invenio,
702 1178 710 1192 ‘
722 1176 858 1213 vincas,

154 1228 499 1260 machinamentorum
514 1235 651 1267 genera,
676 1235 750 1267 quae
772 1224 858 1256 fiunt

154 1279 188 1309 in
215 1278 350 1309 modum
379 1277 533 1316 turrium,
558 1286 597 1307 ac
625 1276 707 1307 rotis
736 1276 858 1317 quibus

155 1328 368 1361 descendunt
394 1328 484 1368 (lege
507 1328 711 1363 adscendunt)
732 1327 857 1358 milites

155 1389 195 1411 ac
208 1389 322 1411 muros
338 1377 559 1420 expugnant?
596 1378 763 1409 Nimirum
779 1387 858 1408 con-

155 1429 246 1461 fudit
278 1431 383 1461 bouus
408 1429 679 1469 Glossographus
714 1428 859 1468 pluteOS,

155 1490 195 1512 ac
223 1481 350 1518 vineas,
375 1490 414 1511 ac
448 1485 571 1511 turres,
618 1480 706 1510 Nam
732 1479 858 1518 pluteis

155 1535 257 1570 rotae;
283 1536 393 1562 turres
408 1530 608 1561 adscensum
626 1529 719 1559 dant.
750 1529 860 1569 Vege-

155 1581 221 1612 tius
245 1590 294 1612 lv.
324 1584 373 1612 15.
399 1581 408 1597 ‘
426 1580 552 1611 Vincas
581 1579 740 1610 dixerunt
768 1584 855 1609 vete-

152 1641 220 1671 reS,
237 1641 319 1673 quas
343 1641 430 1662 nunc
454 1630 593 1661 militari
612 1629 857 1669 barbaricoque

154 1691 213 1712 usn
231 1682 360 1713 causias
374 1680 554 1712 vocamus!
586 1679 651 1710 Sed
670 1679 754 1709 mira
769 1679 858 1709 codi-

154 1742 231 1763 cum
254 1731 400 1762 varietas
417 1736 481 1770 est,
506 1731 539 1760 in
564 1730 683 1771 quibus
707 1729 857 1768 reperias

153 1783 284 1821 causias,
298 1784 427 1821 cautius,
442 1781 574 1819 caucius,
588 1779 739 1815 cautibus,
760 1779 857 1809 canti-

155 1833 222 1865 bus.
261 1834 328 1864 sed
355 1833 556 1864 Vincentius
592 1831 858 1869 Bellovacensis,

154 1883 210 1925 qui
238 1883 420 1923 Vegetium
447 1887 482 1913 et
503 1882 569 1918 hic,
595 1886 631 1912 et
658 1882 782 1922 passim
802 1891 857 1912 ex-

155 1933 288 1972 scribit,
310 1926 436 1964 babet:
467 1932 582 1964 Vincas
603 1931 752 1963 dixerunt
775 1934 857 1962 vele-

151 1993 204 2015 res
228 1993 302 2024 quus
323 1993 403 2015 nuuc
429 1973 610 2021 cirutibulos,
633 1982 712 2013 alias
737 1982 859 2012 chartas

152 2035 243 2074 (lego
258 2032 393 2074 chattos)
408 2035 528 2063 vocant.
554 2033 629 2063 Nec
643 2031 762 2062 dubito
777 2031 857 2072 quin

154 2085 274 2116 chattos
295 2084 379 2115 illud
406 2088 536 2114 rectum
554 2082 620 2120 sit3
646 2091 722 2112 nam
750 2086 785 2112 ct
811 2081 858 2111 vi-

153 2145 220 2166 nea
235 2134 366 2166 Graecis
386 2143 519 2174 quoqne
535 2132 708 2172 appellata
725 2132 858 2163 nomine

156 2184 353 2216 testudinis:
390 2188 428 2215 et
457 2183 534 2213 hinc
562 2183 595 2213 in
621 2181 857 2213 Poliorceticis

156 2234 384 2276 Apollodorus
402 2235 539 2273 χελῶναι
556 2233 666 2274 inquit
681 2231 812 2272 ἐλαφραὶ
828 2232 859 2262 αἱ

155 2285 322 2316 καλοῦνται
345 2283 488 2323 ἆμπέλοι.
531 2284 588 2314 Sic
617 2283 858 2323 posterioribus

156 2345 290 2377 qnoque
320 2338 429 2375 cactos,
456 2335 478 2365 i.
495 2344 524 2365 e.
555 2332 639 2364 feles
667 2333 858 2374 appellatas

155 2395 230 2417 csse
250 2385 466 2417 crediderim.
511 2384 578 2414 Sed
604 2383 797 2424 priusquam
821 2383 857 2414 fi-

155 2437 231 2468 nio:
263 2437 295 2467 iu
324 2437 408 2467 Mss.
435 2435 589 2466 omuibus
610 2439 663 2466 est
679 2434 859 2473 integehau-

155 2491 221 2526 tur,
236 2496 315 2526 non,
338 2491 375 2517 ut
396 2487 545 2525 Scaliger
567 2484 686 2523 edidit,
700 2484 860 2523 integebu-

156 2539 217 2568 tur.
262 2537 376 2570 Quare
402 2537 494 2576 prius
519 2536 662 2573 retineo,
678 2540 714 2566 et
731 2535 784 2566 aio
801 2545 858 2565 vo-

157 2596 232 2618 cem
245 2587 386 2628 porticus
408 2586 530 2627 plurali
546 2595 685 2616 numero
700 2585 753 2615 hic
771 2587 859 2625 posi-

158 2641 226 2667 tam
242 2647 249 2666 :
267 2641 305 2667 ut
319 2637 416 2667 cineae
433 2645 566 2677 quoque
583 2641 716 2666 veteres
732 2634 861 2673 dixere,

155 2695 222 2717 non
238 2687 358 2717 vinea:
383 2696 459 2717 nam
483 2686 547 2717 etsi
577 2686 733 2716 Lucanus
759 2684 860 2723 dixit,

155 2741 164 2754 ⁴
179 2736 344 2767 Procedit
364 2736 463 2768 vinea
478 2736 598 2774 terra3'
621 2741 657 2766 et
680 2735 794 2774 Silius,
807 2745 862 2766 co-

158 2788 234 2820 dem
261 2788 372 2829 modo,
400 2788 434 2819 in
469 2788 633 2829 singulari
661 2788 858 2828 usurpavit3

865 224 924 252 Du·
962 223 1115 252 numm
1148 224 1190 252 Cl
1204 224 1245 252 vl
1260 225 1317 252 Ll-

1496 214 1512 254 l
1524 215 1603 254 -107

912 317 1007 356 pueri
1030 318 1170 348 videant
1195 317 1294 349 metri
1322 327 1440 348 caussa
1464 317 1607 350 nic-tam:

911 367 968 406 qui
984 369 1094 397 soluta
1112 368 1263 398 oratione,
1287 369 1511 408 scripserunt,
1525 380 1610 399 seni-

912 425 972 454 per
986 417 1089 446 vinum
1104 418 1237 448 liabent.
1267 418 1391 448 Vossius
1440 419 1515 449 Nou
1537 420 1611 460 qni-

910 464 986 495 deni
1001 466 1154 505 Scaliger
1177 468 1301 507 priimis
1324 469 1430 499 edidit
1451 469 1609 508 iungeba-

909 519 974 554 ίαν,
997 517 1057 547 sed
1074 518 1143 557 jam
1161 522 1240 549 autc
1257 519 1457 557 Beroaldus,
1474 521 1609 560 aliique.

910 567 993 597 Μῦς.
1011 572 1123 598 tamen
1141 578 1268 607 omncs,
1285 570 1313 600 si
1334 570 1532 601 Vossianum
1554 581 1611 602 ex-

909 617 1026 657 cimas,
1043 624 1077 648 ct
1106 619 1192 651 Eud.
1219 620 1346 660 prima»,
1373 621 1454 651 item
1470 621 1609 652 Vascos.

909 668 1026 707 Stepli.
1046 669 1178 709 Gryph.
1195 675 1230 700 et
1254 671 1367 709 plures
1392 671 1516 701 liabent
1541 672 1611 712 plu-

909 717 1013 748 ralem
1042 729 1229 758 numerum,
1247 720 1302 760 qui
1330 726 1510 761 corruptus
1536 732 1610 753 esse

911 768 1048 799 videtur
1076 769 1119 801 ob
1143 771 1338 810 pra‘cedens
1365 771 1434 809 hac,
1457 772 1519 802 sub
1544 782 1610 813 qua

906 819 1057 857 porticum
1086 820 1348 859 intellexerunt;
1384 821 1443 851 sed
1472 822 1528 852 hac
1555 823 1612 853 ad-

910 870 1104 901 verbialiter
1118 873 1266 911 ponitur,
1284 876 1323 904 ut
1336 873 1479 904 millies:
1497 879 1533 905 ct
1551 884 1610 914 pro

908 928 948 950 eo
964 921 1027 952 1114
1046 922 1152 953 Codd.
1170 923 1331 954 scribitur
1346 923 1413 955 huc.

952 974 971 1001 8
1007 973 1138 1003 Testudo
1163 975 1276 1013 pedum
1304 982 1360 1013 Lx,
1384 974 1525 1014 aequamli
1551 975 1610 1005 toci

908 1022 1133 1060 caussafucta;
1154 1024 1229 1054 item
1245 1034 1284 1055 ex
1298 1023 1486 1062 fedissimis
1500 1025 1610 1064 lignis]

910 1072 1004 1110 Noli,
1032 1074 1119 1112 qnod
1147 1075 1299 1115 Scaliger
1322 1075 1481 1115 putabat,
1504 1076 1612 1106 verba

909 1122 1085 1161 liaecsactct
1097 1125 1170 1156 item
1188 1132 1347 1166 suspecta
1362 1128 1487 1159 habere
1502 1138 1510 1158 :
1536 1138 1612 1168 pro-

910 1172 954 1203 ba
969 1179 1005 1204 et
1020 1175 1116 1205 tirma
1130 1181 1219 1214 sunt,
1231 1182 1266 1207 et
1283 1179 1470 1218 respiciunt
1486 1179 1527 1209 ad
1540 1179 1612 1219 illa,

905 1225 1065 1263 pedulibus
1079 1226 1176 1265 lignis
1188 1228 1272 1257 inter
1287 1237 1318 1258 se
1333 1229 1514 1267 conjunctis.
1551 1228 1613 1260 Ait

911 1275 1036 1313 Caesar,
1050 1277 1319 1308 Massiliensibus
1335 1281 1465 1309 tantam
1487 1279 1612 1310 machi-

909 1334 1028 1356 narum
1059 1325 1189 1366 copiam
1218 1326 1334 1365 fuisse,
1351 1333 1390 1359 ut
1407 1334 1531 1367 crates,
1553 1334 1613 1361 aut

910 1375 943 1405 id
961 1385 1067 1416 genus
1093 1386 1196 1416 opera
1221 1376 1470 1409 disturbarent:
1494 1379 1611 1420 itaque

910 1434 952 1455 ex
978 1425 1096 1456 validis
1122 1426 1224 1465 tignis
1255 1432 1467 1459 constructas
1494 1429 1612 1460 vineas

909 1475 1032 1508 fnisse:
1071 1477 1292 1508 antecessisse
1329 1482 1442 1508 autem
1467 1479 1613 1509 testudi-

910 1536 987 1557 nem
1015 1527 1095 1558 item
1127 1537 1170 1558 ex
1197 1526 1390 1558 fortissimis
1419 1528 1520 1568 lignis
1544 1527 1615 1559 fac-

911 1580 990 1607 tam.
1035 1578 1171 1608 Vossius.
1210 1578 1348 1608 Erravit
1371 1578 1449 1609 Pet.
1474 1578 1612 1609 ciacco-

910 1627 1068 1668 nius‚qui
1094 1629 1180 1658 lianc
1206 1628 1395 1659 machinam
1417 1637 1457 1659 ca
1477 1637 1513 1659 re
1542 1627 1611 1659 fac-

910 1684 976 1710 tam
994 1680 1190 1718 arbitratur,
1207 1685 1245 1710 ut
1262 1689 1365 1720 opera
1377 1679 1522 1710 Caesaris
1535 1680 1612 1710 loco

910 1730 1037 1770 aequari
1055 1735 1208 1769 possent3
1227 1730 1305 1760 mihi
1319 1728 1409 1760 enim
1425 1739 1500 1761 cum
1517 1729 1610 1761 Just.

910 1779 1023 1818 Lipsio
1060 1780 1136 1810 Pol.
1175 1782 1196 1811 l.
1223 1789 1247 1810 1.
1283 1779 1377 1810 Dial.
1401 1782 1432 1812 8.
1466 1779 1611 1819 intelligi

909 1829 1042 1860 videtur
1058 1830 1192 1861 testudo
1217 1830 1259 1860 ad
1275 1830 1529 1871 congestionem
1546 1829 1612 1861 fos-

908 1889 1018 1910 sarum
1043 1885 1174 1919 parata,
1192 1889 1290 1920 qnam
1315 1879 1480 1911 describit
1494 1880 1610 1911 Vitru-

909 1930 981 1959 vius
1000 1938 1035 1960 Χ.
1052 1933 1104 1960 20.
1140 1930 1252 1961 Dacis.

950 1984 970 2012 9
996 1982 1048 2012 Ex
1067 1981 1256 2019 fortissimis
1284 1981 1394 2021 lignis]
1432 1981 1612 2013 Fortitudo

909 2031 951 2062 ad
975 2031 1122 2062 animum
1139 2031 1275 2071 proprie
1290 2030 1459 2069 refertur;
1483 2031 1611 2061 viribus

909 2086 1023 2112 tamen
1051 2081 1222 2121 corporeis
1253 2085 1289 2112 ct
1326 2081 1426 2111 rebus
1455 2080 1610 2112 inanimis

910 2132 1080 2163 interdum
1105 2131 1280 2163 tribuitur.
1316 2131 1448 2162 Plinius
1466 2139 1540 2162 ΧΠ.
1558 2133 1608 2161 11.

909 2184 917 2199 ‘
937 2182 1093 2222 Rigorem
1122 2181 1299 2219 fortissime
1337 2186 1451 2212 servat
1477 2180 1610 2211 ulmus.'

910 2233 989 2263 Non
1019 2233 1126 2263 multo
1157 2231 1255 2262 aliter
1280 2231 1380 2262 Corn.
1407 2231 1551 2261 Severus
1576 2230 1611 2260 in

908 2282 1011 2313 AEtna
1039 2293 1086 2313 vs.
1114 2284 1187 2312 404.
1214 2281 1321 2322 lapidi
1349 2281 1465 2311 molari
1495 2280 1613 2310 animos

908 2334 1077 2364 attribuit.
1108 2333 1274 2373 Vegetins
1301 2332 1344 2363 de
1369 2341 1405 2362 re
1431 2332 1539 2363 mil.1.
1560 2335 1611 2363 15.

908 2385 917 2399 ‘
935 2384 983 2414 Ut
1005 2393 1121 2424 arcum
1135 2383 1283 2414 scienter
1300 2386 1450 2420 teneant,
1468 2387 1504 2412 ut
1513 2381 1611 2419 forti-

908 2438 956 2466 ter
983 2434 1170 2474 impleant.’
1209 2433 1305 2464 Idem
1333 2442 1362 2463 c.
1387 2435 1439 2464 20.
1470 2432 1612 2469 ‘serrum

909 2486 1056 2516 scienter
1081 2495 1120 2516 ac
1142 2485 1277 2523 fortiter
1303 2482 1481 2514 directum’
1511 2482 1611 2512 dixit.

911 2537 1021 2568 Daris.
1048 2538 1063 2552 ‘⁴
1075 2536 1196 2568 fortior
1213 2534 1308 2576 pous'
1332 2536 1372 2566 B.
1390 2534 1492 2565 Alex.
1509 2543 1538 2564 c.
1556 2536 1608 2563 19.

911 2587 1033 2627 Veget.
1059 2596 1084 2617 1.
1107 2590 1160 2618 24.
1188 2587 1197 2603 ‘
1213 2586 1321 2616 Sudes
1347 2584 1446 2625 lignis
1471 2582 1613 2614 fortissi-

911 2637 995 2668 mis.'

956 2689 996 2717 10
1026 2686 1186 2726 Involuta]
1222 2685 1278 2716 Sic
1305 2684 1406 2723 vulgo
1433 2691 1495 2713 nec
1523 2681 1610 2712 male

911 2738 1037 2778 legitur
1067 2747 1110 2768 ex
1147 2735 1401 2768 emendatione·
1415 2731 1587 2764 Ciacconii
1601 2743 1611 2770 3

913 2797 1015 2829 quum
1030 2788 1064 2818 in
1083 2787 1251 2829 prioribus
1276 2784 1363 2816 Edd.
1386 2788 1423 2815 et
1446 2783 1530 2814 Mss.
1554 2790 1614 2813 ex·
