1818 3131
381 209 473 238 mu.
508 208 570 237 iv.
608 207 713 236 osv.
744 197 786 236 5.

130 303 221 343 runs]
256 303 310 334 Sic
336 301 544 333 restituimus
568 310 609 331 cx
627 301 694 331 ΜΒ.
724 300 830 332 Norv.

131 361 166 385 et
198 354 304 385 liniti.
334 354 428 384 Rom.
459 352 542 382 Ven.
566 351 706 391 aliisque
734 350 829 380 Vett.

133 404 316 444 impressis,
334 413 407 432 cnm
426 402 456 431 in
477 401 718 431 recentioribus
742 401 830 439 lega-

132 459 188 485 tur
217 453 391 484 humiliores
423 451 664 492 &firmioresque
692 450 831 480 reddide-

130 507 214 541 runt,
238 513 311 544 qnae
329 501 464 542 quidem
492 502 594 531 lectio
623 510 663 530 ex
693 500 829 531 Glosse-

132 559 220 584 mate
236 559 345 583 ortum
362 552 489 581 habuit.
535 551 621 582 Vide
640 555 709 580 not.
728 549 768 579 ad
788 550 828 579 B.

128 604 172 634 G.
202 612 241 634 ιι.
265 605 317 633 27.
344 602 454 632 Duris.
477 602 531 631 Sic
557 610 687 641 qnoque
714 609 829 630 omnes

129 653 206 684 inei.
232 653 443 684 Remum-unt
459 650 611 689 Scaliger
636 655 763 680 temere
781 659 830 680 re-

129 704 222 744 ecpit
240 715 257 734 c
275 702 396 734 Fu'urni
409 702 508 732 libro.

174 763 224 784 iv.
241 758 260 785 2
286 753 348 788 Qui
361 753 528 792 cumplures
543 751 829 781 annos-sustinue-

127 803 216 843 runt]
241 803 399 843 Plerique
425 802 509 832 Mss.
536 806 571 832 et
597 805 731 831 veteres
758 800 829 830 cusi

129 852 268 892 habent,
293 854 301 869 ‘
320 853 390 894 qni,
408 862 483 882 cnm
501 852 613 892 plnres
631 860 736 881 annos
752 851 830 881 Sue-

130 912 246 934 vorum
271 904 334 933 vim
353 903 594 940 sustinuerint,'
610 904 674 933 διο.
705 901 828 940 Vulga-

128 956 198 982 tam
216 957 327 982 tamen
345 952 525 982 lectionem
547 950 688 981 retineo.
711 950 828 981 Simile

127 1001 199 1033 fere
217 1002 374 1033 mendum
391 1002 540 1032 occurrit
555 1000 644 1041 apud
661 1002 826 1031 Senecam

127 1052 163 1083 in
190 1053 291 1084 Cons.
316 1052 357 1082 ad
389 1052 545 1082 Helviam
571 1060 600 1081 c.
631 1053 681 1081 16.
711 1050 767 1080 ubi
793 1050 827 1080 in

125 1103 208 1135 edit.
227 1104 376 1135 Gronov.
395 1103 443 1133 sic
458 1102 604 1142 legitur;
622 1104 631 1118 6
647 1101 827 1141 Nunquam

126 1153 188 1184 tibi
208 1153 337 1194 placuit
354 1153 469 1192 vestis,
485 1162 558 1192 qnae
586 1151 667 1181 nihil
684 1151 827 1191 amplius

125 1203 284 1243 nudaret,
301 1213 376 1236 cum
401 1201 612 1244 poneretur,'
634 1211 732 1232 sensu
754 1201 827 1242 qui-

124 1253 202 1284 dem
227 1254 374 1295 egregio,
402 1253 460 1284 sed
486 1253 543 1294 qui
571 1261 636 1282 non
663 1261 682 1282 e
709 1252 828 1282 Manu-

125 1305 273 1345 scriptis,
295 1304 355 1335 sed
371 1304 476 1345 Lipsii
500 1304 635 1344 ingenio
652 1302 826 1343 profluxit.

124 1356 210 1386 Cum
228 1355 303 1386 Pal.
326 1364 395 1385 sec.
418 1358 506 1385 teste
523 1354 688 1393 Grutero,
704 1354 827 1384 habeat

125 1405 229 1445 restis,
244 1415 310 1446 quoe
325 1406 364 1435 ud
387 1404 467 1434 nihil
491 1404 586 1443 uliud,
601 1413 691 1444 quam
715 1406 751 1433 ut
772 1413 827 1433 nu-

124 1455 226 1494 daret,
242 1457 457 1495 cmuponetum
474 1453 517 1483 ad
533 1463 632 1494 quam
648 1454 828 1484 lectionem

124 1505 183 1536 alii
200 1505 302 1536 etiam
316 1505 351 1535 M
372 1515 398 1534 ⁵.
416 1509 546 1535 tantum
561 1512 628 1534 non
641 1503 825 1534 accedunt:

124 1554 206 1585 mihi
233 1554 371 1585 dubium
395 1563 460 1584 non
484 1553 631 1591 videtur,
649 1553 729 1594 quin
751 1553 829 1584 scri-

125 1604 272 1636 bendum
301 1605 345 1635 sit
372 1605 477 1643 restis,
492 1613 559 1644 quoe
573 1604 613 1633 ad
630 1603 707 1633 nihil
731 1603 828 1644 uliud,

120 1664 212 1694 quum
241 1658 276 1685 ut
303 1656 446 1693 nudaret,
478 1657 718 1693 componeretur.
770 1654 826 1684 Sic

122 1702 196 1734 fere
214 1703 443 1744 Hieronymus
456 1703 487 1733 in
503 1703 613 1743 Epist.
623 1702 667 1733 ad
683 1703 825 1734 Laetam.

121 1755 130 1769 6
148 1753 242 1784 Talia
257 1755 459 1784 vestimenta
482 1757 592 1793 paret,
610 1753 730 1793 quibus
755 1754 825 1793 pel-

119 1802 211 1834 latur
223 1802 341 1843 frigns,
355 1813 419 1833 non
433 1802 554 1843 quibus
570 1803 682 1832 vestita
697 1812 826 1842 corpora

119 1853 294 1884 nudemur!
339 1853 449 1884 Duris.
506 1852 615 1883 Codd.
659 1852 824 1891 nonnulli,

119 1905 129 1921 ⁴
162 1905 246 1936 Cum
285 1902 691 1945 plures—sustinuerint.'
755 1903 824 1934 Sed

118 1964 201 1986 vera
228 1960 281 1986 est
311 1955 447 1995 vulgata
477 1954 592 1985 lectio.
657 1953 692 1984 Si
723 1954 824 1994 enim,

116 2006 314 2045 cumplures,
339 2006 506 2045 seriptum
534 2009 649 2042 esset;
673 2005 823 2035 scriben-

119 2054 197 2085 ‹lum
205 2059 278 2085 erat
288 2054 462 2094 deinceps,
470 2055 699 2085 sustinuissent.
713 2055 821 2085 Clark.

121 2104 206 2135 Haec
233 2113 314 2135 vero
341 2104 485 2143 varietas
516 2109 646 2136 tantum
671 2111 748 2136 orta
772 2110 824 2136 est

119 2163 162 2184 ex
193 2162 247 2191 eo,
274 2153 362 2194 quod
393 2163 461 2184 cum
487 2155 591 2193 plures
624 2155 824 2195 scripserint

122 2203 250 2234 librarii
281 2213 342 2244 pro
375 2204 553 2244 complures.
612 2204 690 2235 Hoc
725 2210 824 2244 patet

118 2253 209 2291 inde,
226 2253 315 2294 quod
335 2254 440 2293 Bong.
457 2253 554 2293 prim.
567 2253 664 2285 Voss.
683 2255 824 2294 primus,

122 2302 290 2344 Egmund.
318 2307 352 2333 et
381 2304 438 2333 alii
468 2302 616 2334 habeant
641 2305 825 2344 cumplures,

120 2353 203 2384 licet
217 2357 354 2384 servent
365 2353 593 2383 sustinuerunt:
618 2353 708 2394 quod
724 2353 824 2386 adeo-

122 2413 188 2446 que
219 2414 295 2435 cum
326 2405 522 2435 melioribus
554 2405 636 2434 Mss.
664 2409 702 2435 ut
726 2405 825 2445 ana-

119 2464 226 2495 cuano,
241 2455 362 2495 Scalig.
381 2455 493 2485 Oxon.
519 2454 678 2485 Leidensi
700 2455 823 2495 primo,

119 2508 184 2536 otc.
210 2506 351 2535 retineo.
399 2505 619 2535 Recentiores
643 2505 743 2536 modo
760 2507 824 2537 Co·

107 2556 212 2587 uices
234 2555 316 2586 dant
340 2556 555 2586 sustinuerint.
581 2556 701 2586 Petav.
729 2556 822 2587 susti-

118 2609 236 2636 nerent.
255 2606 425 2636 Camerar.
443 2605 664 2636 sustinuerunt.
683 2605 822 2636 Hotom.

117 2656 344 2687 sustinuissent.
372 2666 401 2686 c.
421 2659 470 2686 ll.
506 2656 516 2672 ‘
534 2655 622 2687 Haec
636 2655 824 2686 arbitraba-

122 2713 199 2737 tur:
224 2711 336 2738 tamen
353 2707 449 2746 sese,’
463 2709 528 2738 &cu

121 2783 124 2786 «
161 2761 184 2788 6
206 2758 421 2791 Midtitudinis
435 2757 581 2798 adventu]
610 2757 689 2790 Non
710 2757 820 2788 male:

823 207 883 236 DE
919 207 1072 236 BELLO
1104 203 1334 234 GALLlCO.

1472 192 1583 233 1045

883 303 941 333 sed
960 303 1164 333 vetustiores
1181 302 1265 333 Mas.
1283 304 1321 330 nt
1338 300 1501 338 BongarS.
1518 299 1585 339 pri-

883 362 966 389 mns,
999 353 1086 382 And.
1116 351 1272 382 Vossiani
1308 359 1433 384 omnes,
1469 349 1582 380 Oxou.

883 400 977 431 Leid.
1008 406 1086 431 lert.
1113 407 1147 431 et
1177 400 1236 431 lid.
1261 400 1399 430 Incerta
1422 399 1584 429 exhibent

881 451 981 480 aditu.
1028 453 1103 482 Quo
1121 451 1273 480 alludunt
1290 451 1390 481 etiam
1410 450 1530 481 l’etav.
1548 455 1585 480 et

883 502 1042 541 Gottorp.
1059 502 1184 532 uuditu:
1208 502 1268 531 nisi
1286 501 1380 531 mulis
1395 502 1456 531 noc
1474 500 1582 540 ipsum

883 550 1058 591 praefcrre,
1076 552 1193 591 nijam
1209 552 1355 582 abierint
1374 550 1523 591 Menapii
1541 551 1583 581 ad

881 600 1003 631 sarnam
1017 601 1183 631 adrentus
1199 612 1324 632 eornm.
1359 602 1424 645 Sed
1442 602 1584 632 Gratus

881 652 983 683 etiam
1014 651 1114 691 ἐφόδῳ
1130 653 1246 682 nabot.
1296 653 1335 682 ln
1364 653 1458 682 Leid.
1475 652 1583 692 primo

880 703 952 733 haec
966 712 1029 733 vox
1044 713 1108 733 non
1125 707 1301 742 comparet
1317 712 1335 731 a
1353 711 1448 731 manu
1464 701 1583 741 prima.

882 753 1010 783 Eadem
1027 753 1169 783 variatio
1186 753 1218 782 iu
1239 753 1319 782 Mss.
1336 758 1384 781 est
1406 760 1486 781 vni.
1504 754 1554 782 lb.

927 805 963 832 13
994 803 1112 832 Rursus
1126 800 1334 839 reverterunt]
1366 801 1585 830 pleonasmus

881 857 947 891 est,
977 852 1114 893 optimis
1143 852 1329 892 quibusque
1360 850 1584 890 scriptoribus

881 901 1053 943 frequens.
1100 903 1237 933 Curtius
1256 910 1311 931 111.
1331 904 1380 931 ll.
1402 903 1450 931 14.
1474 902 1482 917 ‘
1502 902 1585 931 Rur-

880 963 935 984 sus
960 953 992 983 in
1017 953 1170 993 prcrlium
1188 951 1356 982 redeunt!
1403 951 1583 981 Petronius

879 1002 980 1034 Satir.
1008 1012 1038 1032 c.
1067 1005 1116 1032 10.
1150 1004 1158 1018 ‘
1179 1002 1305 1032 Rursus
1334 1001 1366 1031 in
1389 1001 1582 1032 memoriam

879 1057 1057 1083 revocatus
1085 1051 1240 1091 injuriae.'
1298 1051 1385 1081 Vide
1416 1056 1452 1081 et
1477 1060 1506 1081 c.
1530 1053 1583 1081 23.

879 1103 990 1134 Datis
1014 1111 1079 1132 ur.
1096 1105 1126 1132 9.
1150 1102 1158 1118 ‘
1178 1102 1303 1132 Rursus
1327 1100 1515 1131 exercitum
1532 1110 1583 1131 re-

879 1151 997 1183 ducit!

924 1206 961 1232 15
989 1201 1232 1242 thresserunl]
1271 1201 1416 1231 Rectum
1449 1201 1523 1238 hoc,
1549 1206 1584 1232 et

878 1253 1050 1293 inopinata
1069 1253 1257 1293 praesertim
1275 1252 1490 1292 aggressione
1508 1261 1582 1291 pro-

878 1303 1000 1343 prium.
1058 1302 1227 1334 Notabilis
1259 1307 1370 1332 tamen
1398 1306 1452 1333 est
1480 1302 1583 1332 lectio

879 1354 1006 1384 vetusti
1032 1353 1168 1384 Codicis
1198 1352 1356 1383 Vossiani
1387 1352 1486 1392 primi
1513 1362 1582 1392 per-

877 1407 1047 1443 cusserunt,
1075 1404 1107 1434 id
1135 1408 1200 1442 est,
1231 1407 1507 1442 consternatum,
1529 1402 1583 1432 vel

877 1455 979 1485 etiam
994 1454 1229 1485 conciderunt.

923 1507 962 1534 13
1004 1504 1082 1539 Quae
1109 1505 1190 1534 citra
1222 1503 1364 1534 Rhenum
1395 1502 1477 1543 erat]
1513 1503 1580 1534 Ms.

878 1559 994 1585 noster
1007 1555 1111 1594 quieta
1127 1555 1159 1584 in
1170 1554 1234 1584 suis
1247 1553 1368 1584 sedibus
1383 1556 1460 1584 erat.
1498 1554 1582 1584 Tum

878 1613 939 1643 pro
967 1603 1047 1634 citra
1076 1604 1162 1633 male
1190 1603 1272 1633 circu
1301 1603 1415 1634 habet.
1450 1603 1581 1634 Vossius.

878 1653 998 1692 Miror,
1012 1653 1246 1693 Interpretum
1262 1653 1443 1691 neminem,
1455 1658 1582 1693 praeter

876 1704 982 1734 solum
997 1703 1165 1743 Vossium,
1179 1704 1307 1744 aliquid
1331 1703 1395 1733 hoc
1422 1704 1495 1734 loco
1513 1713 1582 1735 mo·

876 1753 1001 1784 nuisse.
1035 1753 1239 1783 Persuasum
1270 1758 1382 1783 tamen
1411 1754 1491 1783 mini
1515 1759 1581 1793 est,

875 1803 933 1833 illa
951 1803 1054 1834 verba
1069 1803 1173 1843 quieta
1190 1803 1221 1833 in
1236 1802 1301 1833 suis
1314 1803 1436 1833 sedibus
1453 1803 1581 1843 profec-

876 1857 909 1883 ta
926 1862 998 1883 esse
1023 1862 1041 1883 a
1058 1853 1208 1891 Caesare,
1233 1862 1337 1893 qnare
1363 1862 1403 1883 ea
1427 1862 1486 1883 suo
1503 1862 1581 1883 auc-

876 1904 942 1934 tori
982 1903 1114 1934 restitui
1129 1914 1138 1941 ;
1182 1912 1259 1933 nam
1294 1903 1395 1933 etiam
1436 1902 1580 1933 Audinae

874 1954 1079 1985 membranae
1097 1953 1272 1991 exhibent,
1293 1963 1360 1993 quae
1374 1954 1454 1984 citra
1472 1954 1512 1984 R.
1529 1954 1582 1993 qui

873 2004 907 2034 in
920 2005 984 2035 suis
993 2003 1135 2040 sedibus;
1158 2008 1192 2034 et
1211 2004 1323 2034 Oxou.
1340 2014 1406 2043 quoe
1418 2014 1445 2034 c.
1460 2003 1500 2033 R.
1513 2013 1581 2043 quoe

873 2054 906 2084 in
920 2055 985 2085 suis
999 2054 1131 2086 sedibus.
1157 2054 1266 2084 Immo
1278 2053 1443 2093 Scaligeri
1460 2053 1579 2084 Codex

875 2110 911 2136 et
928 2105 992 2136 Ed.
1011 2107 1052 2136 R.
1068 2105 1231 2145 Stephani
1242 2105 1316 2144 jam
1332 2104 1460 2134 habent
1476 2105 1580 2144 quieta

875 2157 907 2186 in
920 2157 986 2187 suis
999 2156 1130 2187 sedibus.
1164 2155 1220 2186 Ad
1237 2156 1309 2186 haec
1326 2155 1429 2186 vertit
1446 2165 1579 2196 quoque

875 2215 913 2236 ea
928 2207 1071 2237 Graecns
1085 2205 1156 2237 τοὺς
1172 2205 1222 2236 ἐπὶ
1238 2204 1350 2246 θάτερα
1362 2206 1418 2236 τοῦ
1433 2207 1573 2244 ποταμοῦ

873 2255 971 2296 ἠρέμα
985 2256 1078 2289 ὄντας
1094 2256 1278 2288 Μεναπίους.
1315 2255 1442 2288 Confer
1456 2263 1576 2288 notata

875 2308 916 2338 ad
938 2308 1086 2339 Frontin.
1105 2316 1130 2338 1.
1151 2311 1180 2338 l.
1197 2310 1228 2338 S.
1261 2307 1330 2338 Pro
1343 2308 1486 2349 aedificiis
1500 2308 1577 2348 Lip-

874 2357 942 2388 sius
958 2358 1102 2398 margini
1118 2357 1247 2388 adlevit
1262 2358 1347 2388 rivis.

918 2418 952 2440 v.
964 2412 984 2440 9
1000 2407 1200 2448 Rumoribus]
1218 2409 1272 2439 Ita
1285 2413 1412 2448 praeter
1425 2407 1578 2439 Ursinia-

873 2469 933 2490 nos
950 2459 1093 2492 Codices
1110 2460 1213 2491 etiam
1228 2459 1352 2499 Scalig.
1372 2459 1460 2489 And.
1479 2459 1575 2490 Lem.

873 2510 970 2550 prim.
1003 2510 1116 2541 Oxon.
1145 2516 1180 2541 et
1209 2510 1325 2550 Cujac.
1353 2517 1387 2540 et
1414 2509 1500 2540 Eud.
1517 2509 1579 2539 ali-

874 2566 967 2601 quot.
990 2561 1058 2593 Sed
1074 2561 1181 2592 ceteri
1198 2561 1280 2592 Mss.
1300 2566 1335 2591 et
1354 2560 1437 2590 rzdd.
1456 2560 1573 2599 primae

871 2611 962 2642 rebus
984 2612 1166 2643 inculcant.
1211 2615 1220 2628 6
1242 2612 1404 2641 Rumores
1420 2608 1578 2640 adserun-

872 2662 937 2693 tur'
966 2672 1034 2693 vu.
1060 2665 1113 2693 59.
1140 2667 1176 2696 et
1202 2670 1305 2700 soepe.
1334 2660 1376 2690 V.
1402 2660 1507 2690 etiam
1534 2660 1574 2690 B.

873 2712 945 2744 Civ.
959 2721 984 2743 1.
999 2715 1052 2744 53.

916 2765 955 2794 ll
985 2763 1010 2793 E
1026 2760 1172 2802 vestigio]
1198 2760 1247 2791 Ut
1273 2758 1444 2800 extemplo:
1471 2758 1518 2793 sic
1535 2759 1574 2790 B.
