1818 3131
251 208 365 252 1254

252 315 332 346 satis
346 315 551 346 intellectam
566 324 584 345 e
600 315 842 355 superioribus.
866 317 954 348 Vide

251 370 289 396 et
305 374 330 396 ι.
343 369 395 396 29.
437 366 526 395 Dein
546 366 626 397 Mss.
643 367 740 397 multi
758 367 958 400 Belliocassis

253 416 306 446 vel
323 415 510 454 Bajocassis.
560 416 738 449 Veliocassis
752 419 781 448 V
785 428 891 450 ascos.
920 425 955 451 et

253 467 319 496 Str.
351 475 479 505 margo.
531 466 701 499 velocasses
726 477 765 500 ιι.
793 472 823 500 4.
851 470 954 501 Oros.

253 524 303 546 vr.
321 517 389 546 11.:
415 516 582 556 quomodo
608 517 661 549 hic
688 519 790 549 etiam
819 520 955 559 reponit

255 568 469 608 ciacconius,
486 574 521 599 ut
540 573 634 609 puto,
651 570 745 600 bene.
776 571 957 602 Veliocasses

254 626 336 648 νιιι.
350 620 396 648 7.;
422 618 478 648 uhi
493 619 575 650 Mss.
589 619 743 659 plerique
761 621 957 651 srlliocassvs

253 677 398 708 quoque.
435 669 531 700 Dicti
548 679 631 710 ergo
648 670 758 702 t'orcnt
780 672 958 701 Veliocasses

252 723 288 748 et
322 717 491 756 Γείἱοεαεςὶ,
514 724 551 749 ut
577 719 727 750 Santones
756 726 791 751 et
816 720 959 757 Santoni,

254 767 375 797 Caletes
392 768 505 802 Galeri,
521 769 641 809 aliique
659 770 768 805 multi,
785 769 958 809 dequibus

253 816 342 848 alibi.
390 818 576 857 l‘erpcrani
600 820 701 849 etiam
721 820 820 858 vulgo
838 819 958 850 distin-

255 872 404 907 guuntur
420 869 558 906 Aulerci,
576 868 745 900 Eburones:
769 879 842 899 cum
868 870 957 901 idem

253 918 297 947 sit
323 917 484 956 populus:
522 922 558 947 ut
585 917 699 948 docuit
722 919 795 958 jam
821 919 958 950 Ciacco-

253 966 342 1003 nius,
361 966 415 1007 qui
436 966 659 998 Eburovicibus
674 969 801 999 mavult
823 980 840 1000 e
864 970 885 1001 l.
904 980 957 1002 ιιι.

255 1025 284 1048 c.
304 1019 373 1047 171:
401 1017 458 1047 sed
479 1016 525 1047 ibi
549 1019 675 1049 rectius
694 1020 791 1060 vulgo
816 1025 851 1051 et
873 1021 956 1052 Mss.

255 1067 383 1097 Aulerci
400 1068 600 1099 Eburovices.-
624 1075 723 1109 atque
740 1070 787 1100 ita
805 1070 867 1101 hoc
885 1071 958 1102 loco

255 1117 436 1155 legendum
451 1127 522 1149 esse
541 1119 612 1158 jam
628 1119 742 1150 docuit
755 1121 909 1151 Valesius
924 1121 956 1151 in

257 1167 391 1198 Notitia
408 1168 529 1199 Gallim
548 1179 581 1208 p.
595 1173 646 1200 (50.
674 1169 739 1200 Adi
755 1171 858 1201 etiam
872 1171 959 1201 Har-

256 1215 349 1247 duiui
367 1218 494 1248 Comm.
512 1218 553 1248 ad
572 1219 663 1249 Plin.
682 1228 730 1249 iv.
749 1222 799 1249 15.
833 1220 957 1260 Scripti

257 1271 369 1298 tamen
393 1268 562 1298 mordicus
582 1269 778 1299 Eburonibus
797 1270 957 1301 retinent.

259 1316 368 1348 Abest
386 1323 499 1349 autem
516 1319 659 1349 Aulercis
678 1329 696 1350 a
721 1319 794 1360 an.
811 1325 846 1350 et
863 1320 958 1351 Leid.

258 1376 311 1407 pr.
344 1368 382 1398 In
408 1368 564 1399 Samhuci
583 1369 665 1399 eod.
689 1379 748 1409 pro
771 1379 811 1400 eo
835 1370 960 1409 legitur

257 1419 327 1448 dno.
373 1418 459 1449 vide
477 1423 588 1450 notam
606 1425 814 1460 sequentem.

306 1471 344 1499 17
371 1469 463 1499 Boiis
480 1470 570 1509 xxx]
599 1471 683 1500 Bina
700 1470 862 1502 exhibent
878 1471 962 1501 Vas-

263 1528 332 1550 cos.
355 1518 468 1550 Strad.
487 1525 522 1549 et
538 1519 600 1550 Ed.
619 1520 685 1560 Gr)
696 1520 751 1560 ph.
770 1520 939 1560 posterior
955 1531 962 1550 ι

258 1569 365 1599 immo
390 1569 430 1600 R.
453 1570 642 1609 Stephanus
673 1580 749 1601 cum
766 1570 963 1611 Interprete

262 1619 386 1651 Gra³co
412 1620 495 1652 facit
519 1621 623 1652 edens
639 1621 727 1653 bina.-
750 1630 827 1653 xxx
843 1622 964 1652 unirer-

259 1671 302 1700 sis
329 1671 388 1701 cir.
435 1673 512 1704 Quo
533 1672 633 1703 modo
658 1673 772 1703 malim
796 1682 858 1713 ego
883 1683 964 1713 quo-

265 1730 345 1761 que,
360 1721 386 1752 si
401 1722 483 1753 Msti
501 1722 644 1753 Codices
662 1723 874 1763 addicerent,
889 1733 966 1754 eum

261 1771 493 1802 Hotomanno.
539 1773 691 1803 Boiorum
721 1773 811 1804 enim
842 1773 963 1804 civitas

263 1827 337 1852 erat
361 1822 476 1861 exigua
499 1825 590 1862 atque
615 1822 751 1863 infinita,
774 1826 812 1853 ut
828 1822 874 1852 ait
888 1832 964 1853 auc-

267 1875 321 1901 tor
344 1880 374 1902 c.
392 1874 461 1901 17.:
497 1872 626 1902 scilicet
653 1876 728 1911 post
753 1880 965 1901 communem

264 1920 500 1952 Helvetiorum
533 1921 682 1958 cladem;
726 1921 850 1961 quippe
886 1926 965 1952 ante

264 1979 339 2000 eam
371 1971 589 2001 contulerant
619 1971 659 2001 ad
698 1971 824 2001 bellum
854 1971 967 2011 capita

263 2020 401 2050 Rauraci
417 2029 525 2060 xxiii,
553 2021 626 2051 Boii
652 2029 769 2061 xxxii,
792 2025 828 2051 ut
846 2021 966 2052 scribit

266 2073 380 2104 Caesar
397 2082 420 2102 1.
437 2076 489 2103 29.
532 2073 607 2103 Huc
628 2072 724 2112 facit,
749 2073 837 2114 quod
865 2082 967 2114 supra

265 2132 327 2163 pro
344 2124 486 2154 Aulercis
507 2124 538 2154 iu
564 2122 764 2164 quibusdam
781 2123 965 2154 (lodicibus

266 2178 427 2205 exaretur
452 2176 532 2204 duo:
573 2173 662 2214 quod
693 2173 828 2204 videtur
855 2174 966 2204 locum

267 2224 410 2254 alienum
427 2234 621 2264 occupasse.
667 2225 761 2257 Quos
777 2224 886 2254 Mstos
910 2234 965 2254 no-

265 2274 371 2305 minet
397 2274 569 2313 Clarkins,
618 2273 675 2314 qui
703 2273 774 2303 bina
808 2273 967 2314 habeant,

264 2325 379 2356 nescio
395 2337 401 2356 :
427 2329 464 2356 ut
478 2330 588 2356 tamen
604 2333 762 2355 numerus
777 2324 967 2366 conveniat,

264 2374 336 2405 bina
353 2375 454 2406 etiam
468 2379 505 2405 ut
522 2374 604 2413 dixi,
628 2375 728 2405 malo.

309 2427 350 2455 20
375 2424 521 2464 eudetes]
546 2432 586 2454 ιι.
603 2427 633 2454 4.
655 2428 690 2454 et
707 2423 794 2463 apud
815 2423 965 2455 Hirtium

264 2482 348 2506 vul.
363 2477 395 2505 7.
421 2475 523 2504 Caleti
538 2478 702 2504 vocantur
721 2473 753 2503 in
770 2474 850 2504 Mss.
863 2475 912 2505 uti
931 2479 965 2505 et

266 2523 356 2565 apud
386 2524 540 2555 Orosium
573 2533 623 2554 νι.
653 2527 703 2555 11.
736 2534 774 2554 ac
806 2524 963 2555 Plinium.

261 2575 354 2605 vide
383 2575 459 2605 loco
482 2574 630 2604 indicato
661 2574 681 2603 l.
698 2583 737 2604 ιι.
759 2579 794 2605 et
817 2575 869 2604 hic
889 2584 966 2615 qno-

268 2633 334 2665 que
351 2624 509 2655 Ciaccon.
555 2623 660 2654 Recte
688 2623 791 2663 igitur
810 2623 872 2655 hoc
890 2625 965 2655 loco

269 2674 392 2705 Caletes
409 2675 473 2705 Ms.
490 2673 602 2705 Ortel.
628 2674 750 2704 Caletos
766 2674 865 2704 Voss.
885 2678 964 2705 tert.

269 2724 370 2755 Caleti
397 2733 477 2764 ergo
501 2727 537 2754 et
565 2723 688 2754 Caletes
706 2723 800 2763 dicti,
822 2733 888 2754 non
907 2724 966 2754 Ca-

267 2775 362 2807 aeres.
408 2775 524 2806 Caletoe
550 2772 772 2815 Glandorpio.
818 2774 857 2804 In
882 2775 966 2805 Vas·

720 223 861 254 NOTAE
895 223 1157 257 VAmoRUM
1193 228 1240 258 ΙΝ

1005 328 1071 351 coS.
1099 320 1210 360 Mai-g.
1243 320 1412 351 Namnetes.
1469 321 1525 352 De
1552 321 1709 362 Osismiss,

1006 370 1062 410 qui
1076 371 1167 401 varie
1184 371 1218 401 in
1236 372 1317 401 Mss.
1334 377 1610 412 corrumpuntur,
1625 371 1704 403 vide

1005 419 1046 450 ad
1067 429 1120 451 ιιι.
1138 423 1169 452 9.

1048 470 1236 510 Lemovices]
1252 472 1348 502 Hanc,
1366 481 1482 503 vocem
1497 473 1613 504 delent
1628 472 1707 505 Pet.

1007 520 1206 549 Ciam—onius
1223 526 1255 550 et
1271 521 1342 552 Jos.
1359 522 1523 559 Scaliger,
1541 522 1621 563 quia
1635 523 1708 554 Cae-

1007 577 1060 597 sat·
1105 569 1320 599 Lemovicum
1363 580 1464 611 supra
1502 571 1707 603 meminerit.

1009 618 1249 655 Nihilominus,
1287 629 1363 650 cum
1403 631 1519 651 omnes
1559 623 1640 652 Mss.
1671 629 1708 653 et

1008 668 1148 698 Graecus
1167 668 1336 708 interpres
1349 671 1531 710 retineant,
1549 673 1709 704 inducen-

1008 717 1085 748 dam
1116 727 1180 748 nou
1208 719 1420 750 censuerim:
1457 726 1494 750 ut
1521 723 1609 752 enim
1641 727 1711 753 tres

1008 773 1105 798 erant
1123 767 1271 806 Aulerci,
1295 768 1343 798 ita
1369 768 1435 799 duo
1460 774 1619 810 poterant
1636 780 1711 802 esse

1011 819 1218 858 Lemovices,
1241 829 1382 859 qnorum
1410 819 1443 850 hi
1471 820 1504 850 in
1531 819 1712 852 Armorica

1008 868 1102 899 fuere
1118 869 1187 907 siti,
1212 869 1267 899 alii
1285 879 1349 899 non
1367 870 1458 901 item.
1501 870 1612 901 Daris.
1658 870 1710 902 Ex

1011 918 1139 949 valesii
1165 920 1284 950 notitia
1302 919 1437 959 Galliae,
1461 929 1559 961 quem
1576 922 1712 953 omnino

1011 970 1150 1000 consule
1177 979 1210 1009 p.
1238 972 1313 1000 269.
1359 971 1414 1001 De
1438 971 1613 1002 Armoricis
1634 971 1712 1002 vide

1009 1020 1112 1050 ctiam
1130 1029 1162 1050 v.
1180 1023 1233 1051 53.
1280 1020 1466 1051 Duablintes
1487 1021 1541 1052 vel
1567 1021 1715 1053 Diablin-

1009 1073 1073 1100 lres
1089 1076 1258 1110 reponunt
1275 1071 1330 1101 alii
1348 1081 1389 1101 ex
1406 1080 1461 1102 ιιι.
1478 1074 1510 1102 9.

1058 1120 1178 1160 Veneti,
1206 1122 1322 1162 suelli]
1361 1122 1496 1152 Primus
1522 1123 1584 1162 ita,
1623 1121 1713 1163 quod

1009 1169 1125 1207 sciam,
1159 1170 1267 1201 edidit
1296 1171 1467 1211 Scaliger:
1507 1181 1582 1203 cum
1613 1175 1715 1203 antea

1009 1219 1207 1259 legerentur
1230 1225 1359 1252 tantum
1382 1222 1503 1252 Unelli:
1537 1221 1595 1252 sed
1619 1223 1716 1253 Ursi-

1012 1278 1075 1298 nus
1092 1270 1151 1307 ait,
1174 1271 1391 1301 scribendum
1412 1271 1538 1310 Venelli,
1563 1281 1624 1313 pro
1649 1281 1715 1313 qno

1010 1318 1051 1348 V.
1070 1318 1108 1349 C.
1124 1320 1227 1350 habet
1249 1321 1369 1352 Veneti.
1417 1321 1508 1352 Hinc
1525 1323 1596 1352 sine
1613 1321 1715 1353 dubio

1021 1367 1151 1399 Venetos
1167 1370 1298 1401 addidit
1313 1371 1476 1411 Scaliger,
1499 1373 1551 1403 vel
1570 1373 1683 1412 potius
1697 1382 1716 1403 e

1013 1428 1072 1450 suo
1089 1419 1230 1459 Codice;
1251 1420 1284 1451 in
1307 1431 1373 1462 quo
1397 1427 1449 1452 est
1476 1422 1585 1453 Veneti
1610 1422 1717 1454 Lemo-

1012 1470 1094 1501 vices
1112 1470 1224 1501 Unelli.
1271 1471 1423 1512 Reliquis
1450 1472 1557 1503 Codd.
1582 1472 1717 1505 absunt.

1014 1520 1058 1550 Et
1087 1521 1189 1551 Unelli
1216 1520 1305 1553 Edd.
1325 1522 1422 1552 Rom.
1449 1521 1544 1553 Med.
1568 1523 1655 1553 Ven.
1674 1532 1714 1554 ιι.

1014 1573 1067 1602 34.
1092 1572 1144 1602 Aa
1166 1572 1307 1610 Venetos,
1322 1572 1457 1612 Unellos,
1474 1572 1638 1613 0sismios,
1655 1573 1716 1604 Cu-

1014 1623 1182 1662 riosolitas‚
1198 1623 1259 1654 ἃς.
1290 1623 1378 1653 Vide
1395 1627 1430 1654 et
1446 1623 1487 1654 ad
1503 1632 1560 1655 ιιι.
1578 1627 1608 1654 2⁷.
1645 1623 1717 1655 No-

1019 1673 1147 1704 tissima
1171 1677 1285 1704 autern
1315 1673 1493 1704 L'nelloram
1518 1682 1610 1713 gens,
1633 1683 1717 1713 quos
1742 1696 1745 1697 ν

1016 1734 1076 1755 cur
1090 1729 1221 1755 mutare
1245 1724 1391 1755 voluerit
1415 1723 1570 1762 Ursinus,
1592 1723 1717 1754 nescio.

1017 1775 1179 1805 Ceterum
1208 1784 1263 1805 sex
1294 1773 1364 1804 sive
1394 1783 1444 1813 vr,
1482 1778 1520 1804 ut
1559 1773 1719 1813 placebat

1016 1825 1168 1865 Claikio,
1201 1825 1347 1865 reposui,
1382 1825 1588 1855 auctoritate
1619 1823 1717 1855 Leid.

1017 1883 1084 1904 sec.
1103 1874 1228 1904 Lovan.
1258 1874 1354 1903 Duk.
1380 1878 1414 1903 ct
1442 1874 1550 1904 Dorv.
1595 1873 1627 1904 A
1644 1873 1718 1904 reli-

1016 1923 1089 1963 quis
1106 1924 1189 1954 Mss.
1207 1928 1242 1953 et
1257 1923 1344 1953 l-Idd.
1375 1924 1489 1964 primis
1506 1924 1637 1955 exsulat
1660 1933 1720 1955 nu-

1016 1981 1143 2012 merus,
1167 1972 1224 2013 qui
1251 1972 1379 2004 excidit
1404 1982 1464 2013 per
1494 1983 1596 2005 voces
1617 1974 1720 2005 Unelli

1018 2022 1083 2053 Ex.
1101 2022 1182 2053 Sena
1200 2022 1293 2061 Aldi,
1318 2022 1449 2064 (ἔῃ-μὴ.
1473 2029 1509 2054 et
1525 2034 1618 2065 seqq.
1635 2023 1718 2057 sere.

1059 2075 1098 2102 21
1127 2073 1346 2113 Conlulcrnnl]
1388 2074 1470 2105 Mss.
1517 2075 1642 2106 Eliens.
1682 2080 1719 2106 et

1016 2121 1139 2162 Vossii,
1169 2128 1203 2154 et
1231 2123 1323 2154 Edit.
1355 2124 1453 2156 Rom.
1483 2126 1717 2166 compleverunt.

1017 2172 1083 2203 Ms.
1115 2173 1202 2212 Reg.
1230 2173 1440 2213 impleret-nat.
1489 2174 1598 2206 Clark.
1650 2175 1719 2206 Soli

1020 2223 1139 2263 anac.
1165 2223 1252 2253 Scal.
1279 2224 1390 2254 Oxou.
1419 2228 1454 2254 et
1476 2223 1566 2256 And.
1592 2224 1721 2257 habent

1018 2272 1230 2303 contulerunt.
1247 2272 1408 2313 Ἔπεμψαν
1424 2274 1487 2305 Gr.
1499 2274 1621 2316 reliqui
1634 2275 1718 2307 Mss.

1017 2323 1084 2353 mei
1102 2332 1228 2359 omneS,
1252 2328 1290 2353 ut
1306 2328 1341 2354 et
1360 2324 1500 2355 aliorum
1527 2334 1602 2356 cum
1630 2324 1716 2356 Edd.

1017 2382 1075 2413 pp.
1089 2373 1335 2413 compleverunt:
1358 2375 1406 2404 uti
1423 2383 1513 2415 sa‘pe
1531 2374 1563 2405 in
1580 2374 1718 2405 rationi-

1019 2422 1081 2453 bus
1110 2432 1313 2454 summarum
1342 2424 1521 2455 adhibetur
1556 2424 1619 2454 hoc
1646 2433 1718 2454 ver-

1016 2472 1107 2504 bum.
1143 2473 1324 2513 Vulgatum
1339 2479 1449 2504 tamen
1467 2474 1615 2505 hocloco
1632 2483 1718 2513 prac-

1017 2523 1140 2563 placet.
1164 2524 1242 2554 Non
1257 2524 1344 2554 enim
1363 2523 1540 2563 anteajam
1557 2532 1716 2554 numerus

1016 2573 1139 2614 aliquis
1153 2574 1346 2614 eorum,qui
1364 2572 1617 2613 inperabantur,
1638 2573 1716 2604 ade-

1016 2626 1080 2661 rat,
1095 2627 1131 2653 ut
1144 2623 1183 2653 B.
1199 2623 1272 2655 Civ.
1284 2631 1307 2653 1.
1322 2626 1373 2653 25.
1387 2622 1555 2663 ‘legiones
1566 2633 1607 2654 ex
1621 2622 1717 2654 novis

1015 2671 1196 2703 dilectibus
1209 2670 1416 2712 confecerat,
1429 2677 1528 2712 atque
1542 2673 1575 2703 in
1592 2672 1714 2704 itinere

1014 2723 1244 2762 compleverat
1256 2721 1277 2752 :'
1300 2727 1335 2753 et
1353 2724 1362 2739 ‘
1378 2723 1533 2763 explere’
1558 2731 1614 2755 ιιι.
1627 2725 1660 2754 4.

1045 2780 1167 2804 mxxvi.
1179 2774 1193 2803 l
1210 2771 1260 2802 Ila
1270 2771 1318 2811 ut]
1331 2771 1381 2803 Ila
1391 2770 1487 2804 deest
1499 2772 1531 2803 in
1539 2772 1621 2805 Mas.
1631 2773 1716 2814 neg.
