1818 3131
265 212 381 254 1250*

247 316 390 354 fodiebat
417 317 550 354 legerit.
596 316 782 357 perperam
811 317 956 349 omnino.

258 368 418 402 Ceterum
433 366 472 396 ab
484 366 612 406 reliquis
623 368 692 398 ord.
709 373 761 398 est
777 367 810 399 in
825 368 956 399 Duker.

258 423 293 448 et
314 417 418 447 Dorv.

302 470 342 497 16
368 466 536 497 Paullatim
558 467 735 506 angustiore
755 468 795 498 ad
809 477 956 498 summum

248 515 400 555 fastigio]
417 516 473 547 Ita
485 522 520 548 et
533 517 685 557 Scaliger
699 517 817 549 edidit.
833 527 890 549 vv.
904 527 955 549 cc.

256 567 296 597 ad
312 566 462 607 infimum.
500 567 641 599 Ursinus
658 568 739 599 mire
754 573 898 607 nugatur
915 567 956 598 ad

257 617 346 647 hunc
372 617 504 656 locnm;
527 627 603 648 narn
629 618 676 649 ita
703 618 838 649 scribit:
863 620 871 635 ⁴
890 619 956 649 Sed

256 663 398 696 sortasse
412 666 593 707 legendum
605 669 644 699 ad
655 669 760 704 imum,
772 669 822 698 vel
836 669 959 708 potius.

256 716 289 747 in
305 716 410 747 imum.
459 717 547 748 Nam
564 718 816 758 antiquifimnm
833 717 959 747 scribe-

255 766 338 797 bant
354 776 415 806 pro
430 768 533 798 imum.
573 768 618 799 Et
634 778 675 798 ex
690 768 821 797 duabus
839 767 959 798 dictio-

256 817 353 848 nibus
378 818 542 859 infimum,
568 828 644 849 cum
662 828 760 848 unam
787 816 906 849 fecerit
923 818 960 848 li-

256 867 402 905 brarius,
419 868 569 909 infimum,
586 869 672 898 alius
694 872 812 908 postea
829 867 961 898 addidit

258 918 459 957 particulam
483 918 545 948 ad!
593 916 756 948 Profecto
774 918 880 957 pudet
904 927 960 948 nu-

256 977 385 1007 garum,
401 972 436 998 et
452 967 581 998 siluisse
599 969 742 998 mallem.
772 968 877 1000 Quasi
895 977 959 998 non

254 1017 394 1058 izfimum
424 1022 459 1048 et
491 1018 586 1049 imum
617 1018 705 1048 idem
729 1018 807 1048 siut.
865 1018 959 1049 Scire

257 1067 358 1098 etiam
407 1068 518 1106 velim,
558 1079 624 1109 quo
663 1073 780 1099 autore
819 1069 960 1099 Ursinus

256 1116 348 1148 dicat
366 1123 499 1148 veteres
516 1118 630 1159 finium
655 1128 714 1158 pro
742 1119 837 1149 imum
858 1119 960 1159 scrip-

255 1167 352 1199 sisse.
408 1169 473 1198 Scd
503 1169 649 1209 gaudeat
679 1170 735 1199 ille
761 1170 960 1208 conjectura

256 1226 328 1249 sua.
373 1217 520 1257 Magnus
551 1219 684 1258 Lipsius
709 1218 853 1259 putabat
880 1219 959 1249 scri-

255 1266 402 1298 bendum
432 1268 462 1297 iu
480 1268 581 1298 ἠιιιηι.
630 1268 717 1298 Nam
744 1268 880 1308 alioqui,
911 1269 959 1298 in-

256 1319 340 1358 quit,
358 1318 522 1358 quomodo
542 1318 729 1356 commode,
752 1318 841 1358 quod
858 1318 960 1357 subji-

256 1367 305 1398 cit
332 1368 458 1406 Caesar,
486 1367 658 1397 exculcari
686 1372 776 1398 terra
803 1367 959 1407 poterat?

255 1416 387 1455 Potuit,
414 1422 447 1447 et
476 1416 650 1447 couunode
678 1416 823 1457 quidem.
870 1416 960 1447 Nam

256 1466 321 1496 etsi
348 1466 484 1497 scrobes
517 1466 652 1497 iuferius
681 1467 817 1497 latiores
849 1471 959 1506 erant,

255 1516 336 1557 quid
367 1517 522 1557 prohibet
555 1526 712 1557 suprema
741 1521 869 1548 tantum
905 1526 960 1556 pa-

256 1566 374 1604 tuisse,
413 1571 448 1597 ut
477 1566 652 1597 commode
684 1576 744 1607 pes
774 1566 889 1606 inseri,
925 1570 960 1598 et

256 1617 429 1649 exculca1·i
453 1621 543 1648 terra
567 1617 703 1657 posset?
739 1617 915 1647 Praeterea
931 1617 958 1648 si

255 1666 380 1698 arctius
409 1667 584 1707 paullatim
609 1667 650 1698 ad
680 1668 780 1698 imum
809 1667 959 1704 coibant,

254 1717 362 1748 minus
405 1717 581 1758 prot'uudae
626 1717 782 1748 fuissent.
848 1716 959 1757 Atqui

254 1767 398 1799 Caesaris
420 1768 596 1799 consilium
620 1767 697 1808 fuit,
722 1772 758 1798 ut
777 1768 830 1798 vel
858 1768 959 1798 laede-

252 1822 371 1848 rentur
409 1818 484 1848 liliis
515 1818 652 1855 milites,
680 1817 732 1847 vel
758 1817 791 1847 in
819 1817 957 1847 scrobes

254 1867 468 1904 deciderent,
507 1876 549 1897 ex
579 1867 698 1907 quibus
726 1866 832 1896 minus
868 1875 958 1896 coui-

252 1916 352 1947 modc
400 1916 625 1946 extrahuntur
670 1915 786 1955 pedes,
823 1915 957 1955 quando

253 1975 411 2006 suprema
435 1965 631 2003 angustiora
650 1970 740 1996 suut.
788 1964 861 2005 Ego
878 1975 957 1996 cou-

253 2015 358 2047 teudo
397 2015 481 2046 illud
507 2025 655 2046 summum
693 2015 835 2055 probum
872 2024 957 2055 esse,

252 2070 288 2096 et
319 2064 518 2096 tantundem
550 2064 675 2101 valere,
703 2074 742 2094 ac
775 2064 800 2094 si
825 2064 957 2095 diceret

253 2115 380 2154 Caesar,
396 2113 510 2145 infima
525 2114 655 2145 scrobis
669 2115 865 2154 augustiora
878 2113 955 2145 fuis-

249 2174 298 2196 se.
348 2165 392 2195 Et
424 2164 542 2194 melius
573 2164 626 2195 hic
652 2164 740 2195 dixit
771 2165 887 2195 Caesar
913 2166 953 2195 ad

250 2225 412 2254 summum,
429 2224 528 2255 quam
541 2216 580 2245 ad
595 2214 743 2255 infimum.
791 2214 955 2251 &amfus-

250 2265 326 2305 tigit
344 2274 408 2294 vox
426 2264 560 2304 proprie
577 2273 740 2294 summum
759 2268 864 2295 notat:
894 2264 954 2295 sed

250 2314 305 2346 hic
323 2324 486 2345 summum
505 2314 630 2345 dieitur
647 2313 688 2343 de
712 2313 841 2352 scrobe,
858 2319 894 2344 ut
911 2314 955 2344 al-

251 2369 322 2395 tum
343 2374 435 2394 mare
452 2369 486 2394 et
502 2364 622 2394 coelum
639 2368 791 2394 vocatur.
823 2364 953 2396 Vossius,

248 2416 300 2449 Ad
317 2414 467 2455 iusimum.
486 2415 541 2444 Sic.
556 2414 667 2453 plures
682 2413 769 2452 libri,
781 2424 864 2454 quos
883 2424 957 2453 pro-

251 2464 312 2496 bat
326 2464 416 2496 Just.
436 2464 567 2504 Lipsius
596 2464 744 2494 l'oliorc.
761 2465 783 2494 l.
803 2473 842 2494 11.
861 2465 955 2496 Dial.

248 2517 282 2549 2.Δ
303 2524 335 2554 p.
362 2517 436 2546 518.
485 2514 529 2544 Et
556 2513 677 2543 merito
703 2513 856 2553 quidem;
893 2514 953 2545 hos

248 2563 337 2594 enim
355 2563 473 2604 cippos
489 2573 528 2593 es
542 2563 871 2603 similitudinestorum
887 2565 955 2596 lilia

247 2613 453 2654 appellabant,
483 2618 521 2644 ut
551 2613 664 2652 paullo
704 2618 780 2653 post
809 2618 954 2645 testatur

248 2663 384 2701 Cassan
410 2667 445 2693 at
460 2662 539 2694 liliis
567 2663 669 2693 imum
694 2669 744 2693 est
768 2665 954 2704 augustius,

247 2722 376 2744 sumina
394 2722 472 2743 vero
491 2712 597 2753 magis
615 2716 746 2751 patent.
782 2713 857 2744 Jos.
875 2714 953 2744 Sca-

249 2763 343 2805 liger,
358 2763 436 2804 hoc,
460 2767 497 2795 ut
514 2762 644 2805 opinor,
670 2762 704 2793 in
727 2762 872 2794 animum
887 2772 952 2795 uon

725 220 864 252 NoTAE
897 220 1158 254 VARIORUM
1195 224 1244 254 ΙΝ

1009 326 1180 354 revocans,
1197 316 1304 348 edidit
1330 318 1371 348 ad
1384 327 1544 349 stamnum.
1590 318 1706 360 Longe

1008 373 1120 398 autem
1147 368 1256 407 abest,
1273 373 1309 398 ut
1325 368 1447 398 Vossio
1463 368 1637 408 accedam,
1652 369 1708 409 qui

1007 427 1156 448 summum
1183 417 1271 448 idem
1311 427 1349 448 ac
1383 418 1521 458 irfimum
1548 418 1709 450 denotare

1008 468 1206 500 contendit:
1242 477 1305 498 nec
1331 468 1420 499 enim
1438 469 1528 498 valet
1547 470 1608 499 ima
1628 478 1712 500 nm·

1008 518 1065 547 mis
1095 521 1224 548 mutare.
1247 518 1359 548 Dat-is.
1393 519 1445 549 Ad
1474 518 1623 559 irfimum.
1656 519 1711 550 Sic

1009 566 1092 596 Mss.
1106 567 1259 607 plerique
1273 572 1308 598 et
1321 568 1431 598 Editt.
1445 569 1540 598 Vett.
1560 568 1713 608 Scaliger

1009 615 1115 646 edidit
1140 617 1180 646 ad
1203 625 1365 656 summum,
1389 618 1533 649 Graecus
1556 619 1651 655 item,
1670 617 1712 649 εἰς

1010 664 1081 695 ἄνω.
1142 666 1228 696 Utra
1247 667 1348 696 lectio
1364 668 1489 706 verior,
1503 677 1569 698 non
1590 677 1711 700 couve-

1011 715 1061 745 nit
1092 715 1181 745 inter
1203 715 1300 745 Viros
1330 715 1501 746 eruditos:
1535 726 1641 757 neque
1670 727 1711 748 ex

1011 765 1172 796 orationis
1199 766 1284 796 serie
1315 765 1497 806 quidquam
1528 767 1613 796 certi
1636 766 1712 798 elici

1011 819 1141 854 potest3
1175 825 1248 846 cum
1278 825 1344 847 non
1374 816 1455 846 satis
1482 816 1623 857 liqueat,
1647 826 1713 857 quo

1011 870 1169 903 respectu
1187 865 1317 896 dictum
1334 865 1444 904 sit‚ad
1460 866 1715 897 similitudinem

1011 915 1090 945 Lilii
1117 915 1283 945 accedere
1311 916 1392 946 istas
1419 915 1567 946 scrobes.
1603 916 1712 948 Clark.

1010 965 1061 994 Ad
1088 973 1238 994 summum
1269 965 1393 996 liabent
1425 965 1596 1005 pleraeque
1624 965 1712 996 Edd.

1006 1013 1079 1052 jam
1097 1018 1173 1043 ante
1190 1013 1412 1053 Scaligerum,
1429 1015 1538 1054 iisque
1553 1013 1714 1054 suffraga-

1013 1069 1067 1093 tur
1103 1063 1219 1094 Codex
1254 1065 1472 1104 Oxoniensis,
1505 1069 1541 1095 et
1571 1065 1714 1105 anacii.

1010 1113 1136 1142 Verum
1164 1114 1248 1144 Mss.
1273 1114 1392 1154 reliqui
1420 1119 1455 1144 et
1484 1114 1571 1145 Edd.
1596 1114 1713 1154 primae

1011 1173 1085 1193 cum
1116 1164 1154 1194 R.
1180 1164 1294 1204 Stepli.
1322 1165 1485 1195 exhibent
1506 1165 1712 1206 adinfirnum.

1013 1213 1165 1243 Mutasse
1194 1214 1352 1244 videntur
1383 1215 1444 1252 illi,
1471 1215 1523 1254 qui
1541 1214 1714 1254 fastigium

1011 1262 1232 1294 crediderunt
1260 1264 1339 1294 nihil
1373 1270 1504 1304 notare,
1538 1264 1599 1295 uisi
1626 1274 1713 1296 sum-

1011 1321 1098 1342 niam
1126 1314 1321 1344 altitudinem
1329 1325 1340 1350 ;
1375 1324 1451 1345 eum
1473 1320 1508 1344 et
1518 1315 1714 1355 profundim-

1011 1367 1071 1393 tem
1096 1363 1276 1403 significet.
1322 1365 1414 1396 Quid
1441 1366 1562 1395 clarius
1579 1365 1715 1405 Virgilii

1011 1413 1085 1443 loco
1114 1413 1240 1453 Georg.
1263 1423 1303 1444 11.
1335 1418 1409 1445 288.
1435 1416 1509 1455 jam
1535 1415 1567 1445 in
1595 1415 1714 1447 lexicis

1012 1462 1118 1493 ubivis
1135 1463 1246 1503 obvio,
1268 1466 1276 1482 ‘
1295 1465 1448 1495 Forsitan
1466 1470 1500 1496 et
1524 1464 1714 1506 scrobibus,

1012 1522 1086 1553 quae
1113 1513 1178 1544 siut
1195 1513 1342 1555 fastigia,
1355 1525 1487 1556 quaeras
1498 1515 1519 1545 ?’
1545 1515 1672 1549 Lucan.
1689 1516 1713 1546 l.

1011 1572 1060 1594 iv.
1078 1567 1151 1596 296.
1175 1565 1184 1581 ‘
1197 1570 1386 1606 puteusque
1402 1566 1512 1596 cavati
1525 1566 1654 1597 Montis
1669 1566 1711 1597 ad

1010 1613 1132 1654 inrigui
1154 1616 1318 1655 premitur
1334 1615 1470 1657 fastigia
1495 1616 1631 1656 campi.'
1663 1616 1713 1647 Si-

1010 1663 1138 1694 militer
1168 1664 1316 1705 Apuleio
1353 1665 1479 1696 dieitur
1516 1668 1525 1683 ‘
1551 1665 1711 1706 profundi

1010 1714 1110 1744 maris
1139 1715 1203 1745 udo
1231 1715 1358 1746 resedit
1387 1715 1538 1755 vertice,’
1568 1717 1712 1748 Metam.

1010 1763 1028 1793 l.
1041 1773 1089 1794 lv.
1103 1774 1134 1804 p.
1152 1768 1203 1795 85.
1223 1765 1299 1796 Alia
1315 1766 1394 1796 dedi
1411 1766 1547 1806 insuper
1559 1766 1592 1797 in
1611 1767 1713 1798 Misc.

1010 1813 1156 1844 Observ.
1173 1815 1248 1845 Vol.
1269 1824 1302 1846 v.
1315 1816 1359 1846 T.
1377 1819 1406 1846 1.
1424 1825 1455 1856 p.
1469 1819 1522 1847 65.
1550 1817 1601 1847 Ad
1618 1817 1713 1848 imum

1008 1863 1148 1902 conjicit
1163 1864 1268 1894 etiam
1285 1864 1487 1895 Ciacconius
1502 1866 1584 1896 nulli
1603 1865 1701 1897 bono.

1052 1915 1091 1943 17
1116 1912 1269 1953 Feminis]
1301 1913 1357 1945 Sic
1389 1919 1483 1945 recte
1511 1915 1618 1946 edunt
1648 1915 1712 1946 viri

1009 1961 1114 1993 docti.
1143 1963 1235 1994 Male
1259 1963 1391 1994 Viminis
1408 1964 1502 1996 Leid.
1519 1964 1712 2004 pr.femori³

1009 2011 1094 2042 Cod.
1120 2012 1246 2043 Latiuii
1264 2013 1487 2044 Viterbiensis
1512 2019 1599 2045 teste
1620 2015 1713 2046 Ursi-

1009 2071 1064 2101 no,
1078 2066 1112 2092 et
1128 2061 1224 2092 Leid.
1239 2072 1306 2093 sec.
1324 2063 1415 2093 semis
1437 2064 1543 2094 Dorv.
1562 2068 1596 2094 et
1609 2065 1714 2095 semis·

1007 2116 1051 2143 sis
1063 2113 1148 2144 Edd.
1161 2113 1260 2144 Rom.
1272 2113 1366 2144 Med.
1379 2114 1463 2145 ven.
1481 2115 1570 2146 Vide
1586 2115 1711 2148 Gland.

1008 2166 1043 2192 et
1067 2161 1191 2193 Achill.
1215 2163 1304 2194 Stat.
1329 2163 1370 2194 ad
1388 2163 1514 2196 Tibull.
1540 2174 1565 2198 1.
1590 2169 1621 2197 9.
1637 2169 1708 2198 26.:

1008 2222 1159 2253 quosque
1185 2212 1231 2243 ibi
1250 2213 1365 2244 laudat
1387 2215 1636 2248 Broukhusius:
1661 2222 1711 2249 at-

1007 2271 1071 2302 que
1089 2262 1135 2293 ita
1151 2263 1334 2302 saepissime
1351 2263 1530 2305 Apule-jus.

1049 2314 1090 2342 20
1114 2311 1239 2351 Singuli
1252 2313 1289 2343 ab
1313 2313 1418 2354 infimo
1434 2315 1495 2344 solo
1510 2316 1603 2354 pedes
1625 2318 1709 2347 terra

1005 2362 1258 2402 exalcabuntur]
1276 2363 1351 2394 Hoc
1369 2368 1432 2402 est,
1444 2364 1553 2405 inquit
1564 2365 1709 2405 Lipsius,

1006 2421 1024 2442 e
1041 2411 1148 2442 tribus
1166 2412 1231 2442 illis
1248 2412 1402 2452 peditum,
1418 2423 1491 2454 quae
1520 2419 1595 2444 erat
1617 2423 1705 2444 scro-

1005 2461 1056 2492 bis
1073 2461 1231 2500 altitudo,
1258 2462 1378 2492 tertius
1403 2462 1444 2492 ab
1468 2463 1532 2493 imo
1548 2466 1636 2493 terra
1653 2472 1707 2503 ag-

1006 2515 1101 2551 gesta
1114 2515 1149 2542 et
1166 2511 1293 2551 stipata
1307 2511 1561 2542 exculcabatur.
1599 2511 1709 2543 Came-

1005 2573 1090 2602 rum,
1106 2572 1182 2593 cum
1200 2573 1263 2593 vox
1283 2564 1376 2602 pedes
1396 2562 1539 2592 hiulcam
1558 2562 1620 2593 isto
1637 2572 1708 2594 mo·

1005 2612 1047 2643 do
1075 2613 1262 2642 orationem
1287 2611 1408 2648 faciat;
1436 2611 1545 2642 nullus
1574 2611 1706 2651 dubito,

1003 2662 1084 2703 quin
1108 2672 1148 2691 cx
1173 2662 1240 2692 Ms.
1266 2661 1349 2699 Reg.
1377 2665 1414 2691 et
1436 2661 1528 2692 Edit.
1546 2661 1642 2693 Rom.
1659 2662 1706 2693 le-

1003 2711 1148 2752 gendum
1180 2711 1234 2749 sit,
1248 2711 1339 2750 pedes
1353 2713 1416 2741 tres
1442 2713 1538 2749 ter-ra,
1553 2713 1619 2742 dcc.
1657 2711 1706 2745 Ut

1003 2761 1089 2794 adeo
1115 2760 1209 2792 ‹Ucat
1236 2761 1366 2801 Caesar,
1390 2759 1526 2800 singulos
1552 2760 1700 2804 stipites,
