1818 3131
238 170 352 213 1168

237 276 399 309 Frontino
423 279 458 307 et
482 275 617 306 Caesare
636 273 839 305 monendum
865 273 941 306 fuit.

238 326 304 358 Adi
322 326 365 358 ad
380 325 532 357 Frontin.
551 334 591 356 11.
607 327 639 355 4.
657 327 688 356 1.
714 328 749 355 et
774 333 876 365 supra
892 333 940 355 lv.

240 380 292 409 10.

283 431 321 458 15
360 427 524 468 Onussam]
569 426 611 458 In
641 425 753 458 Oxon.
783 426 942 458 scribitur

237 478 295 508 luti
311 487 469 508 emmam:
502 481 537 508 et
566 477 746 517 adscripsit
768 478 941 518 excerptis

238 529 289 559 C-l.
307 528 422 558 Wasse
437 538 446 566 ;
469 537 508 558 zm
521 538 578 568 pro
596 528 701 559 lucri?
734 526 871 566 πολέμου
887 527 942 558 ad-

237 577 287 608 dit
307 577 462 610 Graecus.

282 631 322 660 19
345 629 541 670 Abu-ogmar]
563 628 672 660 Codd.
689 629 842 670 plerique
856 630 942 660 dero-

234 683 343 719 gatur.
392 679 498 711 Clark.
545 679 593 713 In,
610 680 700 711 nullo
717 689 866 710 meorum
892 683 943 708 est

234 729 426 769 abrogatum
460 729 510 760 uti
526 739 589 761 nee
606 730 638 760 in
658 730 781 767 Editis,
805 728 868 759 nisi
887 728 943 759 Al-

237 780 305 811 din.
323 785 358 811 ct
375 780 524 812 Plantin.
542 785 601 812 aut
617 781 738 820 Scalig.
771 788 874 820 quare
891 789 941 810 re-

235 831 329 862 stitui
360 831 398 861 τὸ
419 832 601 869 ‹len-agatur.
659 831 823 863 Quinctil.
854 829 940 861 Inst.

236 880 337 913 Orat.
365 890 415 912 ix.
442 884 472 912 3.
504 881 537 911 in
565 880 589 911 f.
622 880 631 897 ‘
649 890 730 911 cura
758 881 942 912 verborum

238 931 382 971 deroget
409 930 601 963 adfectibus
631 930 757 962 fidem)
814 932 941 962 Lucan.

238 988 289 1011 xx.
307 983 380 1012 359.
404 982 413 998 ‘
432 981 585 1020 Invidus,
597 990 720 1013 annoso
744 980 867 1012 famam
887 982 942 1023 qui

239 1030 383 1071 derogat
400 1031 496 1063 aevo.'

281 1081 430 1122 Hospites
457 1082 571 1113 violare
591 1082 648 1120 sas
672 1093 733 1114 non
760 1083 809 1124 p.]
851 1083 941 1114 Hine

237 1141 294 1162 eos
311 1131 482 1172 hospitibus
496 1135 616 1163 tantum
629 1134 719 1164 bonos
735 1134 944 1173 nuncupavit

236 1183 359 1223 Pomp.
379 1183 472 1214 Mela
499 1192 556 1214 111.
581 1186 610 1214 3.
656 1184 808 1224 Hujusce
823 1186 943 1222 φιλοξε-

238 1231 302 1264 νίας
328 1233 460 1273 insigne
476 1233 705 1264 testimonium
727 1233 859 1273 profert
884 1233 943 1264 Ni-

239 1284 354 1316 colaus
371 1285 614 1322 Damascenas,
646 1284 701 1324 qui
719 1284 775 1314 lib.
794 1284 835 1314 de
854 1284 942 1314 Mor.

236 1334 344 1367 Geut.
363 1345 396 1375 p.
413 1338 444 1365 8.
462 1339 569 1373 notat,
594 1334 686 1375 qnod
708 1334 797 1374 apud
815 1335 942 1372 Celtas,

237 1394 304 1426 quo
343 1385 475 1416 nomine
511 1384 674 1415 Germani
713 1384 942 1423 continentur,

236 1434 331 1474 μείζω
354 1433 438 1464 ἐστὶν
462 1433 596 1472 ἐπιτίμια
612 1433 692 1465 κατὰ
710 1435 766 1464 τοῦ
780 1433 865 1473 ξένον
877 1434 943 1465 ἆνε-

238 1484 362 1523 λόντος,
381 1484 401 1521 ἢ
416 1483 558 1521 πολίτην.
577 1483 652 1524 ὑπὲρ
671 1485 726 1514 τοῦ
740 1483 796 1522 μὲν
816 1485 877 1524 γὰρ
892 1484 943 1515 θά-

238 1548 329 1568 νατος
340 1535 360 1574 ἡ
371 1534 478 1577 ζημία,
491 1535 564 1577 ὑπὲρ
580 1536 636 1566 τοῦ
651 1535 683 1567 δὲ
699 1535 830 1566 πολίτου
846 1535 942 1575 φυγή.

237 1587 348 1618 Daris.

281 1641 323 1669 20
347 1638 396 1669 Ab
412 1637 542 1678 injuria]
587 1638 671 1669 Mss.
693 1637 822 1677 Ursini,
846 1638 942 1669 Carr.

240 1689 336 1721 Leid.
354 1689 452 1730 prim.
469 1689 559 1720 Seal.
586 1693 622 1720 et
649 1687 737 1720 Edd.
753 1689 856 1719 Vasc.
873 1688 942 1719 Str.

238 1739 358 1780 Steph.
388 1749 428 1770 ac
453 1738 620 1779 posterior
636 1738 783 1778 Gryphii
807 1747 873 1768 non
888 1747 942 1778 ag-

239 1794 383 1821 noscunt
407 1789 456 1820 ab.
502 1790 607 1828 Cave,
630 1787 791 1829 sequaris.
838 1787 941 1818 Aliud

239 1844 293 1871 est
307 1840 466 1880 prohibere
488 1839 624 1877 injuria:
657 1837 747 1868 aliud
761 1838 799 1868 ab
815 1838 942 1875 injur-iu.

239 1889 444 1920 Prohibemus
462 1888 588 1927 injuria,
603 1898 701 1928 quem
717 1888 942 1925 continemus,

237 1947 281 1969 ne
309 1948 382 1969 eam
409 1938 523 1969 facere
553 1938 674 1978 possit,
694 1937 942 1977 prohibemusub

238 1989 369 2028 injuria,
379 1999 478 2030 quem
491 1999 533 2019 ne
546 1989 696 2029 accipiat
722 1988 941 2019 defendimus.

239 2048 273 2070 v.
291 2042 342 2070 21.
365 2039 552 2079 ‘populum
580 2038 620 2068 ab
649 2039 770 2078 injuria
797 2038 943 2069 militum

240 2089 419 2131 prohibere
433 2089 452 2120 :'
479 2099 581 2129 snpra
597 2100 626 2120 c.
647 2092 699 2119 10.
722 2091 730 2106 ‘
747 2090 943 2129 Suevosqne

239 2148 259 2170 a
285 2139 462 2170 Cheruscis
489 2139 621 2179 injuriis
650 2139 849 2179 prohibere!
902 2140 943 2170 Β.

241 2189 316 2220 Civ.
341 2198 364 2219 1.
383 2192 435 2219 23.
460 2190 468 2205 ‘
488 2189 560 2220 Hos
587 2199 700 2219 omnes
725 2199 743 2219 a
769 2193 943 2219 contume—

239 2238 291 2270 liis
325 2238 467 2269 militum
501 2239 728 2279 conviciisque
760 2238 941 2278 probibet.’

241 2288 451 2329 Quamquam
475 2298 540 2318 non
564 2293 730 2328 perpetuo
754 2287 792 2318 ab
817 2289 944 2319 omitti-

241 2345 310 2378 tur,
328 2340 354 2370 si
371 2340 483 2380 priore
507 2345 659 2370 sumatur
683 2339 941 2377 significatione.

241 2390 330 2421 Vide
356 2390 397 2420 ad
427 2399 450 2421 1.
477 2394 526 2421 10.
580 2390 688 2420 Cicer.
715 2400 775 2429 pro
794 2391 830 2421 l..
850 2391 942 2421 Mau.

239 2450 271 2472 e.
307 2443 337 2472 7.
382 2442 391 2456 ‘
417 2451 437 2471 a
472 2451 538 2482 quo
575 2441 726 2481 periculo
765 2441 942 2481 prohibete

243 2489 374 2531 Remp.’

283 2543 322 2571 21
355 2541 519 2581 victusque
534 2542 787 2581 communicatur]
833 2543 871 2573 In
890 2543 943 2574 Ci-

242 2599 360 2622 aecon.
388 2591 480 2621 Msto
511 2591 681 2630 rictumque
707 2593 941 2623 communicant.

239 2640 281 2671 In
299 2641 458 2680 Gottorp.
476 2651 554 2672 vcro
569 2646 603 2671 et
621 2642 717 2671 Voss.
744 2647 822 2673 tert.
841 2648 943 2683 atquc

242 2690 307 2721 Ed.
349 2690 423 2721 luc.
470 2689 624 2730 victusque
670 2692 943 2722 co11111111m'camnr.

240 2739 367 2772 Fun-sau
390 2749 457 2772 uon
481 2739 566 2771 male
583 2749 644 2781 pro
666 2741 809 2772 Caesaris
824 2742 945 2782 geni05

709 177 849 209 NOTAE
883 178 1145 210 VARIORUM
1182 179 1230 209 IN

992 274 1048 315 qui
1077 275 1202 315 passim
1226 274 1363 305 adhibet
1388 274 1552 315 pluralem
1580 285 1690 310 nume-

993 334 1065 355 rnm
1081 336 1090 363 ;
1115 330 1152 355 ut
1164 328 1358 365 commeatus,
1368 324 1542 366 frumenta,
1558 331 1691 367 quoestu

992 378 1021 405 et
1038 379 1226 406 mercaturas
1251 385 1279 407 c.
1293 378 1344 406 1-7.
1361 376 1534 407 cenationes
1547 377 1586 408 et'
1597 377 1693 409 innu-

993 434 1085 456 mera
1114 426 1256 456 similia:
1291 436 1367 466 pars
1401 427 1499 457 rictus
1524 431 1636 459 tamen
1659 436 1690 460 ο.

994 485 1096 516 praec.
1112 482 1147 507 et
1159 486 1234 517 cap.
1251 487 1320 517 seq.
1337 478 1439 508 eodem
1452 478 1535 508 rictu
1550 481 1580 508 ct
1595 479 1690 511 cultu.

1037 535 1138 556 xxiv.
1163 530 1179 557 l
1221 528 1355 566 Et-ac,
1380 528 1449 568 Era]
1493 529 1625 560 Desunt
1658 530 1692 562 in

993 576 1076 606 Mss.
1107 576 1157 606 hae
1189 577 1452 616 conjunctiones.
1512 579 1612 612 Quali
1640 589 1692 611 ra-

994 625 1086 656 tione
1112 624 1266 665 ἀσυνδέτῳ
1293 627 1475 667 saepissime
1499 630 1606 660 utitur
1621 629 1695 662 Cae·

994 685 1058 706 sar.
1076 677 1167 707 Edit.
1187 676 1287 707 Rorn.
1310 687 1371 717 pro
1394 682 1424 709 et
1444 680 1526 709 ultro
1539 679 1643 712 habet
1657 684 1694 711 ut

993 727 1082 757 ultro.
1130 726 1238 757 Clark.
1294 727 1441 767 Copulas
1454 731 1484 759 et
1505 733 1540 759 et
1555 739 1591 760 ac
1605 729 1694 771 ejeci

995 776 1199 808 auctoritate
1226 777 1335 817 Βοῦς.
1365 787 1417 818 pr.
1443 779 1693 820 Vossianorum,

995 828 1223 868 hidensium,
1245 829 1364 861 Petav.
1382 830 1508 861 Lovan.
1526 831 1693 872 Egmuud.

994 878 1201 920 aliorumque
1219 883 1254 910 et
1271 879 1333 910 Ed.
1351 880 1425 911 Ine.
1443 886 1479 912 ut
1494 883 1574 913 ultro
1591 882 1694 914 etiam

993 933 1046 959 cst
1075 929 1108 959 in
1137 930 1270 961 Carrar.
1300 935 1336 961 et
1366 930 1453 961 Edd.
1485 931 1624 964 Mediol.
1652 941 1692 965 ae

992 979 1080 1010 Ven.
1098 989 1164 1010 non
1182 979 1268 1011 adeo
1287 981 1375 1012 male
1401 991 1462 1022 per
1484 982 1618 1023 ellipsin
1638 983 1695 1014 τοῦ

993 1031 1079 1069 adeo,
1107 1031 1174 1061 ila:
1207 1030 1250 1061 de
1277 1041 1342 1072 qua
1366 1041 1466 1071 supra
1491 1032 1693 1065 habuimus:

996 1085 1096 1121 atque
1114 1081 1161 1112 ita
1177 1085 1208 1111 ut
1237 1082 1268 1111 in
1293 1086 1322 1112 et
1348 1081 1432 1113 abiit
1458 1082 1490 1113 in
1515 1083 1599 1115 Mss.
1623 1083 1695 1125 qui-

994 1130 1135 1162 busdam
1156 1141 1216 1162 vii.
1235 1136 1286 1163 28.
1303 1132 1362 1163 sed
1387 1138 1422 1163 et
1446 1133 1578 1173 copulae
1599 1134 1696 1165 omis-

993 1181 1086 1213 sione
1102 1183 1183 1213 nihil
1202 1187 1253 1214 est
1269 1182 1481 1224 frequentius
1509 1185 1597 1226 apud
1623 1194 1696 1217 nou-

994 1236 1095 1263 trum.

1036 1285 1053 1312 5
1080 1282 1298 1322 Eratostheni]
1341 1284 1517 1325 Cyrenaeo,
1543 1285 1599 1325 qui
1617 1294 1695 1326 geo-

995 1332 1146 1371 graphiae
1171 1333 1317 1372 scriptor
1340 1334 1477 1365 ultimus
1495 1345 1513 1364 a
1528 1334 1696 1366 Strabone

994 1382 1186 1412 nominatur
1202 1393 1208 1412 :
1243 1382 1320 1413 vide
1343 1392 1426 1424 opus
1450 1383 1556 1425 patris
1572 1384 1636 1416 mei
1653 1384 1696 1416 de

996 1431 1178 1464 Historicis
1214 1433 1345 1464 Gr‘aecis
1385 1443 1409 1465 1.
1449 1437 1499 1466 17.
1564 1434 1695 1467 Vossius.

993 1483 1142 1523 Reponit
1165 1484 1228 1515 Ph.
1244 1483 1420 1517 Cluverius
1438 1486 1554 1518 Germ.
1571 1494 1626 1519 m.
1642 1490 1695 1518 47.

993 1532 1002 1549 ‘
1022 1533 1237 1565 Eratostheni
1255 1541 1290 1566 et
1306 1536 1378 1566 aliis
1390 1535 1588 1576 quibusdam
1603 1536 1698 1569 Grae-

994 1582 1063 1621 cis‚'
1087 1584 1255 1624 quoniam,
1273 1590 1309 1616 ut
1326 1590 1454 1626 censet,
1467 1591 1502 1617 et
1524 1586 1596 1627 ipse
1615 1587 1696 1618 Era-

994 1633 1164 1665 tosthenes
1194 1633 1298 1666 fuerit
1325 1636 1479 1667 Graecus.
1535 1636 1601 1668 Sed
1629 1646 1697 1668 ine-

993 1683 1099 1715 moria
1115 1683 1229 1724 lapsus
1254 1689 1306 1717 est
1333 1686 1384 1717 vir
1411 1686 1587 1725 eruditus3
1622 1691 1696 1720 erat

995 1735 1083 1765 enim
1110 1736 1304 1775 Cyrenaeus,
1321 1741 1358 1768 ut
1387 1747 1517 1768 summo
1543 1742 1696 1769 veterum

995 1795 1157 1816 consensu
1183 1786 1339 1818 traditur.
1397 1788 1485 1819 vide
1502 1788 1545 1820 G.
1563 1787 1594 1821 J.
1613 1789 1696 1820 Vos-

995 1836 1079 1866 sium
1106 1836 1147 1867 de
1171 1838 1263 1868 Hist.
1288 1839 1420 1870 Graecis
1446 1843 1542 1871 1.17.
1587 1841 1697 1873 Daris.

993 1886 1135 1917 Secutus
1174 1887 1367 1919 (luvet-ium
1417 1894 1469 1920 est
1517 1890 1695 1922 Cellarius.

995 1936 1248 1976 metaphrastes
1275 1939 1376 1970 etiam
1403 1939 1494 1970 ἄλλοι
1518 1939 1598 1971 τινὲς
1623 1939 1698 1972 “EA-

994 1991 1095 2022 ληνες.
1141 1987 1207 2018 Sed
1225 1998 1290 2018 non
1313 1999 1397 2029 opus
1422 1994 1486 2021 est.
1531 1991 1586 2022 Sic
1610 1993 1618 2008 ‘
1635 1991 1696 2024 Ju—

994 2035 1084 2076 piter
1112 2041 1147 2068 et
1172 2038 1253 2077 Dii‚’
1278 2040 1287 2055 ‘'
1306 2039 1474 2071 Pindarus
1501 2044 1537 2072 et
1562 2041 1698 2082 Lyrici:

995 2087 1236 2130 innumeraque
1268 2090 1402 2121 similia.
1462 2091 1530 2123 Adi
1561 2093 1696 2124 omniuo

996 2138 1146 2170 Gronov.
1163 2142 1198 2169 et
1214 2139 1393 2171 Drakenb.
1409 2140 1450 2171 ad
1479 2141 1552 2173 Liv.
1568 2150 1625 2173 111.
1642 2144 1695 2174 25.

994 2188 1003 2203 ‘
1020 2188 1205 2228 Virginius,
1221 2194 1256 2220 et
1270 2189 1409 2220 Tribuni
1421 2190 1442 2229 ;'
1478 2195 1514 2221 et
1530 2201 1612 2232 quos
1629 2192 1697 2223 lau-

995 2237 1086 2278 dant,
1102 2247 1164 2268 uec
1182 2247 1247 2269 uon
1261 2239 1343 2270 Sall.
1358 2239 1398 2270 B.
1412 2239 1491 2281 Jug.
1509 2250 1540 2271 c.
1556 2244 1589 2273 4.

1037 2292 1057 2319 6
1084 2288 1260 2328 Orciniana]
1282 2289 1337 2321 Sic
1355 2290 1455 2331 vulgo
1468 2300 1556 2323 nunc
1569 2291 1695 2323 edunt:

995 2350 1071 2370 cnm
1100 2340 1183 2371 Mss.
1212 2341 1322 2382 Bong.
1349 2351 1399 2381 pr.
1417 2343 1513 2373 Voss.
1531 2352 1582 2383 pr.
1599 2342 1696 2373 Leid.

995 2399 1047 2430 pr.
1065 2390 1189 2431 aliique
1214 2392 1311 2422 multi
1335 2397 1370 2423 et
1393 2393 1480 2423 Edd.
1502 2393 1617 2433 primae
1640 2392 1695 2423 ha-

995 2441 1100 2471 beant
1141 2442 1320 2481 Orcyniam.
1378 2442 1498 2474 Recte.
1553 2442 1696 2474 Graecus

995 2491 1246 2531 Metaphrastes
1277 2496 1313 2523 et
1340 2492 1547 2522 Ptolemaeus
1570 2496 1696 2524 vocant

993 2539 1159 2579 Ὀρκύνιον.

1036 2593 1055 2620 7
1085 2591 1181 2630 Vulgo
1206 2591 1386 2629 Tectosages
1408 2589 1608 2630 occuparunt]
1653 2590 1696 2622 In

994 2641 1160 2672 nonnullis
1177 2640 1352 2670 codicibus
1378 2640 1445 2680 legi
1475 2641 1574 2671 Volcae
1592 2641 1698 2672 Tecto·

993 2701 1092 2731 suges,
1126 2691 1229 2721 etiam
1259 2690 1457 2722 Ciacconins
1489 2691 1695 2724 observavit.

993 2741 1074 2782 Sed,
1098 2741 1218 2784 iuquit,
1244 2749 1342 2773 nemo
1369 2746 1526 2779 veterum
1553 2742 1695 2785 populos
