<?xml version="1.0" encoding="UTF-8"?>
<!DOCTYPE html PUBLIC "-//W3C//DTD XHTML 1.0 Transitional//EN"
    "http://www.w3.org/TR/xhtml1/DTD/xhtml1-transitional.dtd">
<html xmlns="http://www.w3.org/1999/xhtml" xml:lang="en" lang="en">
 <head>
  <title>
</title>
<meta http-equiv="Content-Type" content="text/html;charset=utf-8" />
  <meta name='ocr-system' content='tesseract 3.04.00' />
  <meta name='ocr-capabilities' content='ocr_page ocr_carea ocr_par ocr_line ocrx_word'/>
</head>
<body>
  <div class='ocr_page' id='page_1' title='image "./operaomniaexedit03caesuoft/operaomniaexedit03caesuoft_0168.png"; bbox 0 0 1818 3131; ppageno 0'>
   <div class='ocr_carea' id='block_1_1' title="bbox 230 188 345 232">
    <p class='ocr_par' dir='ltr' id='par_1_1' title="bbox 230 188 345 232">
     <span class='ocr_line' id='line_1_1' title="bbox 230 188 345 232; baseline -0.017 0"><span class='ocrx_word' id='word_1_1' title='bbox 230 188 345 232; x_wconf 79' lang='lat'>1088</span> 
     </span>
    </p>
   </div>
   <div class='ocr_carea' id='block_1_2' title="bbox 234 293 952 2799">
    <p class='ocr_par' dir='ltr' id='par_1_2' title="bbox 234 293 950 2095">
     <span class='ocr_line' id='line_1_2' title="bbox 235 293 935 328; baseline -0.003 -1"><span class='ocrx_word' id='word_1_2' title='bbox 235 300 312 328; x_wconf 83' lang='lat' dir='ltr'>tura</span> <span class='ocrx_word' id='word_1_3' title='bbox 328 295 463 326; x_wconf 76' lang='lat' dir='ltr'>concitae</span> <span class='ocrx_word' id='word_1_4' title='bbox 481 298 533 325; x_wconf 86' lang='lat' dir='ltr'>est</span> <span class='ocrx_word' id='word_1_5' title='bbox 546 293 634 324; x_wconf 84' lang='lat' dir='ltr'>haud</span> <span class='ocrx_word' id='word_1_6' title='bbox 652 293 793 325; x_wconf 90' lang='lat' dir='ltr'>multum</span> <span class='ocrx_word' id='word_1_7' title='bbox 810 298 935 325; x_wconf 84' lang='lat' dir='ltr'>ostrea-</span> 
     </span>
     <span class='ocr_line' id='line_1_3' title="bbox 234 344 935 386; baseline -0.003 -8"><span class='ocrx_word' id='word_1_8' title='bbox 234 355 307 378; x_wconf 83' lang='lat' dir='ltr'>rum</span> <span class='ocrx_word' id='word_1_9' title='bbox 321 346 457 376; x_wconf 82' lang='lat' dir='ltr'>conchis</span> <span class='ocrx_word' id='word_1_10' title='bbox 473 344 656 376; x_wconf 68' lang='lat' dir='ltr'>differens!</span> <span class='ocrx_word' id='word_1_11' title='bbox 701 344 755 376; x_wconf 86' lang='lat' dir='ltr'>Ab</span> <span class='ocrx_word' id='word_1_12' title='bbox 776 345 935 386; x_wconf 88' lang='lat' dir='ltr'>antiquis-</span> 
     </span>
     <span class='ocr_line' id='line_1_4' title="bbox 234 395 934 428; baseline 0.001 -2"><span class='ocrx_word' id='word_1_13' title='bbox 234 397 328 428; x_wconf 76' lang='lat' dir='ltr'>simis</span> <span class='ocrx_word' id='word_1_14' title='bbox 358 403 460 426; x_wconf 62' lang='lat' dir='ltr'>evam</span> <span class='ocrx_word' id='word_1_15' title='bbox 489 395 694 426; x_wconf 76' lang='lat' dir='ltr'>editionibus</span> <span class='ocrx_word' id='word_1_16' title='bbox 730 396 823 427; x_wconf 88' lang='lat' dir='ltr'>Rom.</span> <span class='ocrx_word' id='word_1_17' title='bbox 847 396 934 427; x_wconf 88' lang='lat' dir='ltr'>Ven.</span> 
     </span>
     <span class='ocr_line' id='line_1_5' title="bbox 234 445 936 478; baseline -0.003 0"><span class='ocrx_word' id='word_1_18' title='bbox 234 447 392 478; x_wconf 77' lang='lat' dir='ltr'>Beroaiu.</span> <span class='ocrx_word' id='word_1_19' title='bbox 406 447 500 476; x_wconf 80' lang='lat' dir='ltr'>abest</span> <span class='ocrx_word' id='word_1_20' title='bbox 511 446 629 476; x_wconf 89' lang='lat' dir='ltr'>eadem</span> <span class='ocrx_word' id='word_1_21' title='bbox 639 447 769 477; x_wconf 84' lang='lat' dir='ltr'>vocula.</span> <span class='ocrx_word' id='word_1_22' title='bbox 781 445 887 477; x_wconf 79' lang='lat' dir='ltr'>Daris.</span> <span class='ocrx_word' id='word_1_23' title='bbox 907 445 936 476; x_wconf 77' lang='lat' dir='ltr'>A</span> 
     </span>
     <span class='ocr_line' id='line_1_6' title="bbox 240 496 936 537; baseline 0 -11"><span class='ocrx_word' id='word_1_24' title='bbox 240 496 363 527; x_wconf 76' lang='lat' dir='ltr'>Gallica</span> <span class='ocrx_word' id='word_1_25' title='bbox 377 496 539 537; x_wconf 81' lang='lat' dir='ltr'>differunt.</span> <span class='ocrx_word' id='word_1_26' title='bbox 570 496 654 527; x_wconf 86' lang='lat' dir='ltr'>Mss.</span> <span class='ocrx_word' id='word_1_27' title='bbox 667 501 703 528; x_wconf 92' lang='lat' dir='ltr'>et</span> <span class='ocrx_word' id='word_1_28' title='bbox 720 496 826 527; x_wconf 88' lang='lat' dir='ltr'>Editt.</span> <span class='ocrx_word' id='word_1_29' title='bbox 841 496 936 527; x_wconf 84' lang='lat' dir='ltr'>Vett.</span> 
     </span>
     <span class='ocr_line' id='line_1_7' title="bbox 239 546 938 588; baseline -0.001 -11"><span class='ocrx_word' id='word_1_30' title='bbox 239 547 364 578; x_wconf 74' lang='lat' dir='ltr'>Gallica</span> <span class='ocrx_word' id='word_1_31' title='bbox 399 546 573 588; x_wconf 60' lang='lat' dir='ltr'>differunt,-</span> <span class='ocrx_word' id='word_1_32' title='bbox 609 548 731 578; x_wconf 85' lang='lat' dir='ltr'>omissa</span> <span class='ocrx_word' id='word_1_33' title='bbox 771 547 938 587; x_wconf 76' lang='lat' dir='ltr'>Praeposi-</span> 
     </span>
     <span class='ocr_line' id='line_1_8' title="bbox 235 598 937 631; baseline 0.001 -3"><span class='ocrx_word' id='word_1_34' title='bbox 235 598 341 629; x_wconf 77' lang='lat' dir='ltr'>tione.</span> <span class='ocrx_word' id='word_1_35' title='bbox 378 598 485 631; x_wconf 84' lang='lat' dir='ltr'><strong><em>Clark.</em></strong></span> <span class='ocrx_word' id='word_1_36' title='bbox 542 599 698 630; x_wconf 87' lang='lat' dir='ltr'>Meorum</span> <span class='ocrx_word' id='word_1_37' title='bbox 726 599 828 630; x_wconf 87' lang='lat' dir='ltr'>etiam</span> <span class='ocrx_word' id='word_1_38' title='bbox 854 599 937 629; x_wconf 83' lang='lat' dir='ltr'>Mss-</span> 
     </span>
     <span class='ocr_line' id='line_1_9' title="bbox 239 647 939 690; baseline 0.003 -12"><span class='ocrx_word' id='word_1_39' title='bbox 239 647 444 689; x_wconf 78' lang='lat' dir='ltr'>quinderim‚</span> <span class='ocrx_word' id='word_1_40' title='bbox 475 649 508 679; x_wconf 91' lang='lat' dir='ltr'>in</span> <span class='ocrx_word' id='word_1_41' title='bbox 547 649 668 690; x_wconf 79' lang='lat' dir='ltr'>quibus</span> <span class='ocrx_word' id='word_1_42' title='bbox 702 649 812 689; x_wconf 83' lang='lat' dir='ltr'>Bong.</span> <span class='ocrx_word' id='word_1_43' title='bbox 843 650 939 690; x_wconf 86' lang='lat' dir='ltr'>prim.</span> 
     </span>
     <span class='ocr_line' id='line_1_10' title="bbox 237 697 940 739; baseline 0 -11"><span class='ocrx_word' id='word_1_44' title='bbox 237 697 333 729; x_wconf 78' lang='lat' dir='ltr'>Voss.</span> <span class='ocrx_word' id='word_1_45' title='bbox 363 700 461 739; x_wconf 86' lang='lat' dir='ltr'>prim.</span> <span class='ocrx_word' id='word_1_46' title='bbox 489 699 586 739; x_wconf 86' lang='lat' dir='ltr'>Egm.</span> <span class='ocrx_word' id='word_1_47' title='bbox 613 708 679 730; x_wconf 90' lang='lat' dir='ltr'>non</span> <span class='ocrx_word' id='word_1_48' title='bbox 708 699 855 736; x_wconf 77' lang='lat' dir='ltr'>liaben13</span> <span class='ocrx_word' id='word_1_49' title='bbox 880 697 940 728; x_wconf 90' lang='lat' dir='ltr'>sed</span> 
     </span>
     <span class='ocr_line' id='line_1_11' title="bbox 238 747 941 788; baseline -0.001 -10"><span class='ocrx_word' id='word_1_50' title='bbox 238 752 351 778; x_wconf 82' lang='lat' dir='ltr'>tamen</span> <span class='ocrx_word' id='word_1_51' title='bbox 377 749 446 785; x_wconf 89' lang='lat' dir='ltr'>alii,</span> <span class='ocrx_word' id='word_1_52' title='bbox 473 753 509 778; x_wconf 90' lang='lat' dir='ltr'>ut</span> <span class='ocrx_word' id='word_1_53' title='bbox 535 749 701 788; x_wconf 85' lang='lat' dir='ltr'>Bongars.</span> <span class='ocrx_word' id='word_1_54' title='bbox 726 757 794 779; x_wconf 85' lang='lat' dir='ltr'>sec.</span> <span class='ocrx_word' id='word_1_55' title='bbox 811 747 941 778; x_wconf 86' lang='lat' dir='ltr'>Lovan.</span> 
     </span>
     <span class='ocr_line' id='line_1_12' title="bbox 239 796 943 838; baseline -0.001 -10"><span class='ocrx_word' id='word_1_56' title='bbox 239 797 364 838; x_wconf 81' lang='lat' dir='ltr'>Scalig.</span> <span class='ocrx_word' id='word_1_57' title='bbox 383 798 479 828; x_wconf 90' lang='lat' dir='ltr'>Leid.</span> <span class='ocrx_word' id='word_1_58' title='bbox 507 799 605 838; x_wconf 89' lang='lat' dir='ltr'>prim.</span> <span class='ocrx_word' id='word_1_59' title='bbox 633 798 746 829; x_wconf 84' lang='lat' dir='ltr'>Oxon.</span> <span class='ocrx_word' id='word_1_60' title='bbox 771 800 836 828; x_wconf 71' lang='grc' dir='ltr'>διο.</span> <span class='ocrx_word' id='word_1_61' title='bbox 864 796 943 827; x_wconf 88' lang='lat' dir='ltr'>reti-</span> 
     </span>
     <span class='ocr_line' id='line_1_13' title="bbox 236 848 940 880; baseline 0 -2"><span class='ocrx_word' id='word_1_62' title='bbox 236 852 321 878; x_wconf 84' lang='lat' dir='ltr'>nent</span> <span class='ocrx_word' id='word_1_63' title='bbox 349 858 379 878; x_wconf 78' lang='lat' dir='ltr'>a.</span> <span class='ocrx_word' id='word_1_64' title='bbox 439 848 538 880; x_wconf 85' lang='lat' dir='ltr'>Quod</span> <span class='ocrx_word' id='word_1_65' title='bbox 555 848 682 879; x_wconf 89' lang='lat' dir='ltr'>idcirco</span> <span class='ocrx_word' id='word_1_66' title='bbox 699 848 815 879; x_wconf 90' lang='lat' dir='ltr'>delere</span> <span class='ocrx_word' id='word_1_67' title='bbox 828 848 940 879; x_wconf 84' lang='lat' dir='ltr'>nolui:</span> 
     </span>
     <span class='ocr_line' id='line_1_14' title="bbox 237 899 944 939; baseline 0.004 -12"><span class='ocrx_word' id='word_1_68' title='bbox 237 907 317 928; x_wconf 88' lang='lat' dir='ltr'>nam</span> <span class='ocrx_word' id='word_1_69' title='bbox 349 902 385 928; x_wconf 89' lang='lat' dir='ltr'>et</span> <span class='ocrx_word' id='word_1_70' title='bbox 409 899 498 938; x_wconf 83' lang='lat' dir='ltr'>apud</span> <span class='ocrx_word' id='word_1_71' title='bbox 522 899 669 929; x_wconf 82' lang='lat' dir='ltr'>Plinium</span> <span class='ocrx_word' id='word_1_72' title='bbox 686 899 808 930; x_wconf 76' lang='lat' dir='ltr'>conchis</span> <span class='ocrx_word' id='word_1_73' title='bbox 830 899 944 939; x_wconf 87' lang='lat' dir='ltr'>potius</span> 
     </span>
     <span class='ocr_line' id='line_1_15' title="bbox 239 948 943 980; baseline 0.001 -1"><span class='ocrx_word' id='word_1_74' title='bbox 239 948 374 979; x_wconf 88' lang='lat' dir='ltr'>videtur</span> <span class='ocrx_word' id='word_1_75' title='bbox 389 958 461 979; x_wconf 83' lang='lat' dir='ltr'>esse</span> <span class='ocrx_word' id='word_1_76' title='bbox 476 949 623 979; x_wconf 86' lang='lat' dir='ltr'>Dativus</span> <span class='ocrx_word' id='word_1_77' title='bbox 637 959 644 978; x_wconf 90' lang='lat'>:</span> <span class='ocrx_word' id='word_1_78' title='bbox 659 949 709 980; x_wconf 89' lang='lat' dir='ltr'>uti</span> <span class='ocrx_word' id='word_1_79' title='bbox 723 949 843 980; x_wconf 91' lang='lat' dir='ltr'>eodem</span> <span class='ocrx_word' id='word_1_80' title='bbox 856 948 943 980; x_wconf 88' lang='lat' dir='ltr'>libro</span> 
     </span>
     <span class='ocr_line' id='line_1_16' title="bbox 239 997 944 1032; baseline 0.003 -3"><span class='ocrx_word' id='word_1_81' title='bbox 239 1002 270 1029; x_wconf 84' lang='grc'>8.</span> <span class='ocrx_word' id='word_1_82' title='bbox 296 998 408 1030; x_wconf 86' lang='lat' dir='ltr'>‘haud</span> <span class='ocrx_word' id='word_1_83' title='bbox 424 997 583 1030; x_wconf 86' lang='lat' dir='ltr'>differens</span> <span class='ocrx_word' id='word_1_84' title='bbox 597 999 745 1031; x_wconf 86' lang='lat' dir='ltr'>Suillae:&#39;</span> <span class='ocrx_word' id='word_1_85' title='bbox 769 1005 805 1031; x_wconf 87' lang='lat' dir='ltr'>et</span> <span class='ocrx_word' id='word_1_86' title='bbox 831 1000 878 1031; x_wconf 88' lang='lat' dir='ltr'>ita</span> <span class='ocrx_word' id='word_1_87' title='bbox 901 1008 944 1032; x_wconf 81' lang='grc' dir='ltr'>ιι.</span> 
     </span>
     <span class='ocr_line' id='line_1_17' title="bbox 240 1047 942 1082; baseline 0.003 -2"><span class='ocrx_word' id='word_1_88' title='bbox 240 1051 314 1080; x_wconf 77' lang='grc'><strong>103.</strong></span> <span class='ocrx_word' id='word_1_89' title='bbox 331 1049 339 1065; x_wconf 88' lang='lat'>‘</span> <span class='ocrx_word' id='word_1_90' title='bbox 351 1049 482 1080; x_wconf 87' lang='lat' dir='ltr'>Ceteris</span> <span class='ocrx_word' id='word_1_91' title='bbox 499 1047 720 1080; x_wconf 80' lang='lat' dir='ltr'>differentes.¹</span> <span class='ocrx_word' id='word_1_92' title='bbox 744 1049 845 1081; x_wconf 87' lang='lat' dir='ltr'>Adde</span> <span class='ocrx_word' id='word_1_93' title='bbox 862 1051 942 1082; x_wconf 87' lang='lat' dir='ltr'>Bos.</span> 
     </span>
     <span class='ocr_line' id='line_1_18' title="bbox 241 1098 945 1140; baseline 0.004 -11"><span class='ocrx_word' id='word_1_94' title='bbox 241 1098 283 1128; x_wconf 74' lang='lat' dir='ltr'>ad</span> <span class='ocrx_word' id='word_1_95' title='bbox 308 1098 437 1139; x_wconf 88' lang='lat' dir='ltr'>Nepot.</span> <span class='ocrx_word' id='word_1_96' title='bbox 455 1098 559 1140; x_wconf 83' lang='lat' dir='ltr'>Ages.</span> <span class='ocrx_word' id='word_1_97' title='bbox 574 1109 602 1130; x_wconf 91' lang='lat' dir='ltr'>c.</span> <span class='ocrx_word' id='word_1_98' title='bbox 618 1103 649 1132; x_wconf 86' lang='lat'>7.</span> <span class='ocrx_word' id='word_1_99' title='bbox 670 1100 679 1116; x_wconf 86' lang='lat'>‘</span> <span class='ocrx_word' id='word_1_100' title='bbox 693 1099 749 1131; x_wconf 88' lang='lat' dir='ltr'>Sic</span> <span class='ocrx_word' id='word_1_101' title='bbox 775 1101 863 1131; x_wconf 87' lang='lat' dir='ltr'>enim</span> <span class='ocrx_word' id='word_1_102' title='bbox 888 1100 945 1132; x_wconf 84' lang='lat' dir='ltr'>do-</span> 
     </span>
     <span class='ocr_line' id='line_1_19' title="bbox 238 1152 944 1192; baseline 0.004 -10"><span class='ocrx_word' id='word_1_103' title='bbox 238 1160 313 1182; x_wconf 88' lang='lat' dir='ltr'>mus</span> <span class='ocrx_word' id='word_1_104' title='bbox 345 1156 422 1182; x_wconf 88' lang='lat' dir='ltr'>erat</span> <span class='ocrx_word' id='word_1_105' title='bbox 451 1152 630 1192; x_wconf 84' lang='lat' dir='ltr'>instructa,</span> <span class='ocrx_word' id='word_1_106' title='bbox 657 1156 694 1183; x_wconf 87' lang='lat' dir='ltr'>ut</span> <span class='ocrx_word' id='word_1_107' title='bbox 724 1153 816 1183; x_wconf 84' lang='lat' dir='ltr'>nulla</span> <span class='ocrx_word' id='word_1_108' title='bbox 842 1154 876 1184; x_wconf 90' lang='lat' dir='ltr'>in</span> <span class='ocrx_word' id='word_1_109' title='bbox 908 1164 944 1185; x_wconf 90' lang='lat' dir='ltr'>re</span> 
     </span>
     <span class='ocr_line' id='line_1_20' title="bbox 239 1199 944 1243; baseline 0.004 -11"><span class='ocrx_word' id='word_1_110' title='bbox 239 1199 395 1233; x_wconf 81' lang='lat' dir='ltr'>differret</span> <span class='ocrx_word' id='word_1_111' title='bbox 407 1202 512 1233; x_wconf 88' lang='lat' dir='ltr'>cuivis</span> <span class='ocrx_word' id='word_1_112' title='bbox 526 1203 658 1243; x_wconf 65' lang='lat' dir='ltr'>inopis!</span> <span class='ocrx_word' id='word_1_113' title='bbox 683 1203 768 1235; x_wconf 86' lang='lat' dir='ltr'>Cum</span> <span class='ocrx_word' id='word_1_114' title='bbox 782 1203 944 1236; x_wconf 84' lang='lat' dir='ltr'>Ablativo</span> 
     </span>
     <span class='ocr_line' id='line_1_21' title="bbox 239 1252 945 1295; baseline 0.003 -12"><span class='ocrx_word' id='word_1_115' title='bbox 239 1252 266 1283; x_wconf 79' lang='lat' dir='ltr'>si</span> <span class='ocrx_word' id='word_1_116' title='bbox 280 1257 468 1291; x_wconf 78' lang='lat' dir='ltr'>construat,</span> <span class='ocrx_word' id='word_1_117' title='bbox 493 1254 579 1284; x_wconf 84' lang='lat' dir='ltr'>solet</span> <span class='ocrx_word' id='word_1_118' title='bbox 598 1253 722 1284; x_wconf 84' lang='lat' dir='ltr'>addere</span> <span class='ocrx_word' id='word_1_119' title='bbox 735 1255 945 1295; x_wconf 67' lang='lat' dir='ltr'>praepositio-</span> 
     </span>
     <span class='ocr_line' id='line_1_22' title="bbox 241 1303 944 1346; baseline 0.004 -13"><span class='ocrx_word' id='word_1_120' title='bbox 241 1312 332 1343; x_wconf 84' lang='lat' dir='ltr'>nem,</span> <span class='ocrx_word' id='word_1_121' title='bbox 353 1303 418 1334; x_wconf 86' lang='lat' dir='ltr'>nisi</span> <span class='ocrx_word' id='word_1_122' title='bbox 445 1303 642 1344; x_wconf 83' lang='lat' dir='ltr'>designetur</span> <span class='ocrx_word' id='word_1_123' title='bbox 668 1314 732 1344; x_wconf 85' lang='lat' dir='ltr'>res,</span> <span class='ocrx_word' id='word_1_124' title='bbox 758 1314 820 1345; x_wconf 89' lang='lat' dir='ltr'>per</span> <span class='ocrx_word' id='word_1_125' title='bbox 844 1315 944 1346; x_wconf 90' lang='lat' dir='ltr'>quam</span> 
     </span>
     <span class='ocr_line' id='line_1_23' title="bbox 241 1351 945 1391; baseline 0.003 -8"><span class='ocrx_word' id='word_1_126' title='bbox 241 1351 423 1391; x_wconf 77' lang='lat' dir='ltr'>differunt;</span> <span class='ocrx_word' id='word_1_127' title='bbox 449 1354 498 1384; x_wconf 91' lang='lat' dir='ltr'>uti</span> <span class='ocrx_word' id='word_1_128' title='bbox 515 1354 543 1384; x_wconf 90' lang='lat' dir='ltr'>si</span> <span class='ocrx_word' id='word_1_129' title='bbox 567 1354 619 1385; x_wconf 83' lang='lat' dir='ltr'>liic</span> <span class='ocrx_word' id='word_1_130' title='bbox 635 1354 777 1385; x_wconf 85' lang='lat' dir='ltr'>dixisset</span> <span class='ocrx_word' id='word_1_131' title='bbox 800 1356 808 1372; x_wconf 90' lang='lat'>‘</span> <span class='ocrx_word' id='word_1_132' title='bbox 823 1364 842 1385; x_wconf 86' lang='lat' dir='ltr'>a</span> <span class='ocrx_word' id='word_1_133' title='bbox 865 1355 945 1386; x_wconf 89' lang='lat' dir='ltr'>Gal-</span> 
     </span>
     <span class='ocr_line' id='line_1_24' title="bbox 240 1402 946 1436; baseline 0.006 -4"><span class='ocrx_word' id='word_1_134' title='bbox 240 1403 280 1433; x_wconf 84' lang='lat' dir='ltr'>lis</span> <span class='ocrx_word' id='word_1_135' title='bbox 303 1402 466 1434; x_wconf 81' lang='lat' dir='ltr'>differunt</span> <span class='ocrx_word' id='word_1_136' title='bbox 494 1404 762 1436; x_wconf 62' lang='lat' dir='ltr'>consuetudine?</span> <span class='ocrx_word' id='word_1_137' title='bbox 808 1404 874 1436; x_wconf 85' lang='lat' dir='ltr'>Sed</span> <span class='ocrx_word' id='word_1_138' title='bbox 898 1405 946 1436; x_wconf 86' lang='lat' dir='ltr'>ita</span> 
     </span>
     <span class='ocr_line' id='line_1_25' title="bbox 240 1454 946 1486; baseline 0.004 -3"><span class='ocrx_word' id='word_1_139' title='bbox 240 1461 289 1483; x_wconf 77' lang='lat' dir='ltr'>vr.</span> <span class='ocrx_word' id='word_1_140' title='bbox 304 1455 358 1483; x_wconf 85' lang='lat'>21.</span> <span class='ocrx_word' id='word_1_141' title='bbox 375 1454 385 1470; x_wconf 82' lang='lat'><em>⁴</em></span> <span class='ocrx_word' id='word_1_142' title='bbox 397 1454 561 1484; x_wconf 78' lang='lat' dir='ltr'>Germani</span> <span class='ocrx_word' id='word_1_143' title='bbox 575 1454 717 1486; x_wconf 88' lang='lat' dir='ltr'>multum</span> <span class='ocrx_word' id='word_1_144' title='bbox 731 1454 772 1486; x_wconf 75' lang='lat' dir='ltr'>ab</span> <span class='ocrx_word' id='word_1_145' title='bbox 788 1455 852 1486; x_wconf 87' lang='lat' dir='ltr'>hac</span> <span class='ocrx_word' id='word_1_146' title='bbox 868 1464 946 1486; x_wconf 90' lang='lat' dir='ltr'>con-</span> 
     </span>
     <span class='ocr_line' id='line_1_26' title="bbox 239 1503 945 1542; baseline 0.003 -8"><span class='ocrx_word' id='word_1_147' title='bbox 239 1503 420 1535; x_wconf 83' lang='lat' dir='ltr'>suetudine</span> <span class='ocrx_word' id='word_1_148' title='bbox 438 1503 601 1535; x_wconf 82' lang='lat' dir='ltr'>differunt</span> <span class='ocrx_word' id='word_1_149' title='bbox 613 1504 633 1542; x_wconf 76' lang='grc' dir='ltr'>ς’</span> <span class='ocrx_word' id='word_1_150' title='bbox 648 1509 684 1536; x_wconf 86' lang='lat' dir='ltr'>at</span> <span class='ocrx_word' id='word_1_151' title='bbox 696 1514 726 1536; x_wconf 93' lang='lat' dir='ltr'>c.</span> <span class='ocrx_word' id='word_1_152' title='bbox 741 1508 793 1536; x_wconf 84' lang='lat'>16.</span> <span class='ocrx_word' id='word_1_153' title='bbox 810 1506 818 1522; x_wconf 91' lang='lat'><em>‘</em></span> <span class='ocrx_word' id='word_1_154' title='bbox 829 1506 891 1537; x_wconf 81' lang='lat' dir='ltr'>lioc</span> <span class='ocrx_word' id='word_1_155' title='bbox 904 1506 945 1536; x_wconf 86' lang='lat' dir='ltr'>ab</span> 
     </span>
     <span class='ocr_line' id='line_1_27' title="bbox 241 1553 946 1596; baseline 0.003 -12"><span class='ocrx_word' id='word_1_156' title='bbox 241 1554 379 1596; x_wconf 87' lang='lat' dir='ltr'>reliquis</span> <span class='ocrx_word' id='word_1_157' title='bbox 392 1553 573 1587; x_wconf 68' lang='lat' dir='ltr'>differunt!</span> <span class='ocrx_word' id='word_1_158' title='bbox 586 1566 615 1587; x_wconf 90' lang='lat' dir='ltr'>c.</span> <span class='ocrx_word' id='word_1_159' title='bbox 629 1558 682 1587; x_wconf 84' lang='lat'>25.</span> <span class='ocrx_word' id='word_1_160' title='bbox 705 1557 715 1573; x_wconf 83' lang='lat'><strong>⁴</strong></span> <span class='ocrx_word' id='word_1_161' title='bbox 727 1554 890 1587; x_wconf 80' lang='lat' dir='ltr'>differunt</span> <span class='ocrx_word' id='word_1_162' title='bbox 903 1556 946 1587; x_wconf 89' lang='lat' dir='ltr'>ab</span> 
     </span>
     <span class='ocr_line' id='line_1_28' title="bbox 241 1604 948 1638; baseline 0.004 -3"><span class='ocrx_word' id='word_1_163' title='bbox 241 1604 390 1636; x_wconf 64' lang='lat' dir='ltr'>ceteris!</span> <span class='ocrx_word' id='word_1_164' title='bbox 419 1614 501 1637; x_wconf 83' lang='lat' dir='ltr'>vui.</span> <span class='ocrx_word' id='word_1_165' title='bbox 527 1609 580 1637; x_wconf 83' lang='lat'>25.</span> <span class='ocrx_word' id='word_1_166' title='bbox 606 1606 723 1637; x_wconf 90' lang='lat' dir='ltr'>‘cultu</span> <span class='ocrx_word' id='word_1_167' title='bbox 749 1611 785 1637; x_wconf 82' lang='lat' dir='ltr'>et</span> <span class='ocrx_word' id='word_1_168' title='bbox 809 1605 948 1638; x_wconf 85' lang='lat' dir='ltr'>feritate</span> 
     </span>
     <span class='ocr_line' id='line_1_29' title="bbox 242 1655 948 1688; baseline 0.004 -3"><span class='ocrx_word' id='word_1_169' title='bbox 242 1664 309 1686; x_wconf 87' lang='lat' dir='ltr'>non</span> <span class='ocrx_word' id='word_1_170' title='bbox 334 1655 476 1686; x_wconf 88' lang='lat' dir='ltr'>multum</span> <span class='ocrx_word' id='word_1_171' title='bbox 502 1666 520 1687; x_wconf 79' lang='lat' dir='ltr'>a</span> <span class='ocrx_word' id='word_1_172' title='bbox 545 1656 725 1687; x_wconf 80' lang='lat' dir='ltr'>Germanis</span> <span class='ocrx_word' id='word_1_173' title='bbox 741 1655 948 1688; x_wconf 62' lang='lat' dir='ltr'>differebat?</span> 
     </span>
     <span class='ocr_line' id='line_1_30' title="bbox 242 1705 947 1739; baseline 0.003 -3"><span class='ocrx_word' id='word_1_174' title='bbox 242 1705 341 1736; x_wconf 85' lang='lat' dir='ltr'>Adde</span> <span class='ocrx_word' id='word_1_175' title='bbox 358 1706 399 1736; x_wconf 87' lang='lat' dir='ltr'>ad</span> <span class='ocrx_word' id='word_1_176' title='bbox 421 1709 538 1738; x_wconf 79' lang='grc' dir='ltr'>ν1,28.</span> <span class='ocrx_word' id='word_1_177' title='bbox 563 1708 571 1724; x_wconf 79' lang='lat'><em>¹</em></span> <span class='ocrx_word' id='word_1_178' title='bbox 585 1716 606 1737; x_wconf 84' lang='lat' dir='ltr'>a</span> <span class='ocrx_word' id='word_1_179' title='bbox 631 1706 791 1738; x_wconf 84' lang='lat' dir='ltr'>cornibus</span> <span class='ocrx_word' id='word_1_180' title='bbox 807 1706 947 1739; x_wconf 66' lang='lat' dir='ltr'>differt!</span> 
     </span>
     <span class='ocr_line' id='line_1_31' title="bbox 244 1755 948 1788; baseline 0 -2"><span class='ocrx_word' id='word_1_181' title='bbox 244 1755 320 1786; x_wconf 68' lang='lat' dir='ltr'>Nisi</span> <span class='ocrx_word' id='word_1_182' title='bbox 352 1755 470 1787; x_wconf 86' lang='lat' dir='ltr'>eadem</span> <span class='ocrx_word' id='word_1_183' title='bbox 499 1757 544 1787; x_wconf 86' lang='lat' dir='ltr'>sit</span> <span class='ocrx_word' id='word_1_184' title='bbox 571 1757 658 1788; x_wconf 87' lang='lat' dir='ltr'>ratio</span> <span class='ocrx_word' id='word_1_185' title='bbox 689 1761 724 1788; x_wconf 88' lang='lat' dir='ltr'>et</span> <span class='ocrx_word' id='word_1_186' title='bbox 753 1767 830 1788; x_wconf 82' lang='lat' dir='ltr'>usus</span> <span class='ocrx_word' id='word_1_187' title='bbox 855 1757 948 1788; x_wconf 89' lang='lat' dir='ltr'>verbi</span> 
     </span>
     <span class='ocr_line' id='line_1_32' title="bbox 241 1804 949 1847; baseline 0 -11"><span class='ocrx_word' id='word_1_188' title='bbox 241 1804 371 1846; x_wconf 74' lang='lat' dir='ltr'>diff&#39;erre</span> <span class='ocrx_word' id='word_1_189' title='bbox 397 1816 435 1837; x_wconf 88' lang='lat' dir='ltr'>ac</span> <span class='ocrx_word' id='word_1_190' title='bbox 451 1807 587 1837; x_wconf 78' lang='lat' dir='ltr'>distare:</span> <span class='ocrx_word' id='word_1_191' title='bbox 610 1806 698 1846; x_wconf 91' lang='lat' dir='ltr'>quod</span> <span class='ocrx_word' id='word_1_192' title='bbox 715 1806 834 1837; x_wconf 84' lang='lat' dir='ltr'>eadem</span> <span class='ocrx_word' id='word_1_193' title='bbox 851 1806 949 1847; x_wconf 86' lang='lat' dir='ltr'>signi-</span> 
     </span>
     <span class='ocr_line' id='line_1_33' title="bbox 243 1854 950 1888; baseline 0.001 -2"><span class='ocrx_word' id='word_1_194' title='bbox 243 1854 404 1887; x_wconf 83' lang='lat' dir='ltr'>ficatione</span> <span class='ocrx_word' id='word_1_195' title='bbox 433 1857 536 1887; x_wconf 80' lang='lat' dir='ltr'>hahet</span> <span class='ocrx_word' id='word_1_196' title='bbox 564 1856 728 1887; x_wconf 86' lang='lat' dir='ltr'>Dativum</span> <span class='ocrx_word' id='word_1_197' title='bbox 755 1862 791 1887; x_wconf 90' lang='lat' dir='ltr'>et</span> <span class='ocrx_word' id='word_1_198' title='bbox 817 1856 950 1888; x_wconf 79' lang='lat' dir='ltr'>Ablati-</span> 
     </span>
     <span class='ocr_line' id='line_1_34' title="bbox 243 1905 949 1939; baseline 0.004 -4"><span class='ocrx_word' id='word_1_199' title='bbox 243 1915 334 1936; x_wconf 81' lang='lat' dir='ltr'>vum.</span> <span class='ocrx_word' id='word_1_200' title='bbox 380 1905 468 1936; x_wconf 84' lang='lat' dir='ltr'>Vide</span> <span class='ocrx_word' id='word_1_201' title='bbox 493 1906 534 1936; x_wconf 89' lang='lat' dir='ltr'>ad</span> <span class='ocrx_word' id='word_1_202' title='bbox 561 1908 687 1937; x_wconf 83' lang='lat' dir='ltr'>Lucan.</span> <span class='ocrx_word' id='word_1_203' title='bbox 705 1915 787 1937; x_wconf 81' lang='lat' dir='ltr'>viu.</span> <span class='ocrx_word' id='word_1_204' title='bbox 812 1910 886 1938; x_wconf 81' lang='grc'><strong>487.</strong></span> <span class='ocrx_word' id='word_1_205' title='bbox 914 1912 949 1939; x_wconf 91' lang='lat' dir='ltr'>et</span> 
     </span>
     <span class='ocr_line' id='line_1_35' title="bbox 243 1953 947 1996; baseline 0.006 -12"><span class='ocrx_word' id='word_1_206' title='bbox 243 1953 406 1985; x_wconf 81' lang='lat' dir='ltr'>Arntzen.</span> <span class='ocrx_word' id='word_1_207' title='bbox 425 1955 467 1985; x_wconf 80' lang='lat' dir='ltr'>nd</span> <span class='ocrx_word' id='word_1_208' title='bbox 484 1955 602 1986; x_wconf 87' lang='lat' dir='ltr'>Aurel.</span> <span class='ocrx_word' id='word_1_209' title='bbox 619 1956 747 1987; x_wconf 80' lang='lat' dir='ltr'>Victor.</span> <span class='ocrx_word' id='word_1_210' title='bbox 764 1957 854 1996; x_wconf 86' lang='lat' dir='ltr'>Epit.</span> <span class='ocrx_word' id='word_1_211' title='bbox 868 1967 898 1988; x_wconf 90' lang='lat' dir='ltr'>c.</span> <span class='ocrx_word' id='word_1_212' title='bbox 916 1962 947 1988; x_wconf 87' lang='lat'>5.</span> 
     </span>
     <span class='ocr_line' id='line_1_36' title="bbox 244 2005 950 2048; baseline 0.003 -12"><span class='ocrx_word' id='word_1_213' title='bbox 244 2005 407 2036; x_wconf 72' lang='lat' dir='ltr'>‘Distare</span> <span class='ocrx_word' id='word_1_214' title='bbox 445 2006 617 2046; x_wconf 86' lang='lat' dir='ltr'>principes</span> <span class='ocrx_word' id='word_1_215' title='bbox 667 2006 812 2038; x_wconf 86' lang='lat' dir='ltr'>Neronis</span> <span class='ocrx_word' id='word_1_216' title='bbox 856 2007 950 2048; x_wconf 90' lang='lat' dir='ltr'>quin-</span> 
     </span>
     <span class='ocr_line' id='line_1_37' title="bbox 245 2055 414 2095; baseline 0.018 -13"><span class='ocrx_word' id='word_1_217' title='bbox 245 2055 414 2095; x_wconf 62' lang='lat' dir='ltr'>quertino)</span> 
     </span>
    </p>

    <p class='ocr_par' dir='ltr' id='par_1_3' title="bbox 245 2108 952 2799">
     <span class='ocr_line' id='line_1_38' title="bbox 254 2108 949 2150; baseline 0.003 -14"><span class='ocrx_word' id='word_1_218' title='bbox 254 2126 258 2129; x_wconf 90' lang='lat'><em>-</em></span> <span class='ocrx_word' id='word_1_219' title='bbox 286 2110 305 2136; x_wconf 89' lang='grc'><strong><em>5</em></strong></span> <span class='ocrx_word' id='word_1_220' title='bbox 334 2108 449 2138; x_wconf 81' lang='lat' dir='ltr'>Omnes</span> <span class='ocrx_word' id='word_1_221' title='bbox 472 2117 542 2137; x_wconf 71' lang='lat' dir='ltr'>cero</span> <span class='ocrx_word' id='word_1_222' title='bbox 557 2117 588 2137; x_wconf 85' lang='lat' dir='ltr'>se</span> <span class='ocrx_word' id='word_1_223' title='bbox 605 2108 755 2138; x_wconf 80' lang='lat' dir='ltr'>Britanni</span> <span class='ocrx_word' id='word_1_224' title='bbox 780 2108 860 2138; x_wconf 71' lang='lat' dir='ltr'>citro</span> <span class='ocrx_word' id='word_1_225' title='bbox 880 2109 949 2150; x_wconf 84' lang='lat' dir='ltr'>infi-</span> 
     </span>
     <span class='ocr_line' id='line_1_39' title="bbox 245 2156 950 2200; baseline 0.006 -15"><span class='ocrx_word' id='word_1_226' title='bbox 245 2156 343 2195; x_wconf 70' lang='lat' dir='ltr'>ciunt,</span> <span class='ocrx_word' id='word_1_227' title='bbox 379 2158 455 2196; x_wconf 71' lang='lat' dir='ltr'>quenl</span> <span class='ocrx_word' id='word_1_228' title='bbox 492 2158 658 2188; x_wconf 77' lang='lat' dir='ltr'>coeruleum</span> <span class='ocrx_word' id='word_1_229' title='bbox 687 2159 779 2199; x_wconf 62' lang='lat' dir='ltr'>efficit</span> <span class='ocrx_word' id='word_1_230' title='bbox 810 2159 950 2200; x_wconf 77' lang='lat' dir='ltr'>colorcm]</span> 
     </span>
     <span class='ocr_line' id='line_1_40' title="bbox 248 2206 948 2248; baseline 0.004 -12"><span class='ocrx_word' id='word_1_231' title='bbox 248 2206 375 2237; x_wconf 81' lang='lat' dir='ltr'>Vocem</span> <span class='ocrx_word' id='word_1_232' title='bbox 393 2207 471 2236; x_wconf 67' lang='lat' dir='ltr'>vitri</span> <span class='ocrx_word' id='word_1_233' title='bbox 493 2208 565 2246; x_wconf 83' lang='lat' dir='ltr'>jam</span> <span class='ocrx_word' id='word_1_234' title='bbox 591 2207 744 2248; x_wconf 78' lang='lat' dir='ltr'>plerique</span> <span class='ocrx_word' id='word_1_235' title='bbox 772 2208 948 2239; x_wconf 86' lang='lat' dir='ltr'>doctorum</span> 
     </span>
     <span class='ocr_line' id='line_1_41' title="bbox 248 2257 950 2299; baseline 0.006 -13"><span class='ocrx_word' id='word_1_236' title='bbox 248 2265 289 2286; x_wconf 88' lang='lat' dir='ltr'>ex</span> <span class='ocrx_word' id='word_1_237' title='bbox 327 2257 568 2297; x_wconf 60' lang='lat' dir='ltr'>antiquissimis</span> <span class='ocrx_word' id='word_1_238' title='bbox 606 2258 782 2289; x_wconf 83' lang='lat' dir='ltr'>codicibus</span> <span class='ocrx_word' id='word_1_239' title='bbox 813 2268 950 2299; x_wconf 86' lang='lat' dir='ltr'>recepe—</span> 
     </span>
     <span class='ocr_line' id='line_1_42' title="bbox 247 2307 951 2350; baseline 0.006 -13"><span class='ocrx_word' id='word_1_240' title='bbox 247 2312 338 2337; x_wconf 85' lang='lat' dir='ltr'>runt.</span> <span class='ocrx_word' id='word_1_241' title='bbox 387 2307 426 2337; x_wconf 91' lang='lat' dir='ltr'>ln</span> <span class='ocrx_word' id='word_1_242' title='bbox 454 2308 622 2338; x_wconf 79' lang='lat' dir='ltr'>nonnuliis</span> <span class='ocrx_word' id='word_1_243' title='bbox 646 2308 746 2339; x_wconf 85' lang='lat' dir='ltr'>codd.</span> <span class='ocrx_word' id='word_1_244' title='bbox 772 2313 823 2339; x_wconf 87' lang='lat' dir='ltr'>est</span> <span class='ocrx_word' id='word_1_245' title='bbox 835 2311 951 2350; x_wconf 74' lang='lat' dir='ltr'>glasto,</span> 
     </span>
     <span class='ocr_line' id='line_1_43' title="bbox 245 2357 950 2399; baseline 0.007 -12"><span class='ocrx_word' id='word_1_246' title='bbox 245 2361 281 2388; x_wconf 81' lang='lat' dir='ltr'>et</span> <span class='ocrx_word' id='word_1_247' title='bbox 298 2357 384 2388; x_wconf 85' lang='lat' dir='ltr'>hanc</span> <span class='ocrx_word' id='word_1_248' title='bbox 402 2367 536 2399; x_wconf 88' lang='lat' dir='ltr'>quoque</span> <span class='ocrx_word' id='word_1_249' title='bbox 553 2358 695 2389; x_wconf 69' lang='lat' dir='ltr'>Gra-cm</span> <span class='ocrx_word' id='word_1_250' title='bbox 712 2360 881 2399; x_wconf 82' lang='lat' dir='ltr'>interpres</span> <span class='ocrx_word' id='word_1_251' title='bbox 899 2370 950 2392; x_wconf 87' lang='lat' dir='ltr'>re-</span> 
     </span>
     <span class='ocr_line' id='line_1_44' title="bbox 249 2406 950 2450; baseline 0.004 -13"><span class='ocrx_word' id='word_1_252' title='bbox 249 2406 362 2438; x_wconf 81' lang='lat' dir='ltr'>tinuit.</span> <span class='ocrx_word' id='word_1_253' title='bbox 408 2407 494 2438; x_wconf 84' lang='lat' dir='ltr'>Sunt</span> <span class='ocrx_word' id='word_1_254' title='bbox 509 2408 568 2448; x_wconf 79' lang='lat' dir='ltr'>qui</span> <span class='ocrx_word' id='word_1_255' title='bbox 585 2417 627 2438; x_wconf 88' lang='lat' dir='ltr'>ex</span> <span class='ocrx_word' id='word_1_256' title='bbox 643 2408 757 2439; x_wconf 87' lang='lat' dir='ltr'>Plinio</span> <span class='ocrx_word' id='word_1_257' title='bbox 775 2409 950 2450; x_wconf 81' lang='lat' dir='ltr'>irrepsisse</span> 
     </span>
     <span class='ocr_line' id='line_1_45' title="bbox 246 2456 950 2497; baseline 0.003 -10"><span class='ocrx_word' id='word_1_258' title='bbox 246 2461 383 2496; x_wconf 87' lang='lat' dir='ltr'>putent,</span> <span class='ocrx_word' id='word_1_259' title='bbox 420 2456 479 2497; x_wconf 91' lang='lat' dir='ltr'>qui</span> <span class='ocrx_word' id='word_1_260' title='bbox 517 2465 611 2489; x_wconf 80' lang='lat' dir='ltr'>xxti.</span> <span class='ocrx_word' id='word_1_261' title='bbox 645 2460 674 2487; x_wconf 88' lang='lat' dir='ltr'>l.</span> <span class='ocrx_word' id='word_1_262' title='bbox 707 2458 773 2489; x_wconf 88' lang='lat' dir='ltr'>ait:</span> <span class='ocrx_word' id='word_1_263' title='bbox 811 2459 950 2490; x_wconf 85' lang='lat' dir='ltr'>‘Simile</span> 
     </span>
     <span class='ocr_line' id='line_1_46' title="bbox 249 2506 951 2547; baseline 0.006 -11"><span class='ocrx_word' id='word_1_264' title='bbox 249 2506 439 2547; x_wconf 78' lang='lat' dir='ltr'>plantagini</span> <span class='ocrx_word' id='word_1_265' title='bbox 453 2507 596 2546; x_wconf 70' lang='lat' dir='ltr'>glastum</span> <span class='ocrx_word' id='word_1_266' title='bbox 614 2507 646 2537; x_wconf 93' lang='lat' dir='ltr'>in</span> <span class='ocrx_word' id='word_1_267' title='bbox 661 2508 776 2539; x_wconf 84' lang='lat' dir='ltr'>Gallia</span> <span class='ocrx_word' id='word_1_268' title='bbox 799 2514 951 2547; x_wconf 72' lang='lat' dir='ltr'>vocatur,</span> 
     </span>
     <span class='ocr_line' id='line_1_47' title="bbox 249 2557 950 2600; baseline 0.006 -13"><span class='ocrx_word' id='word_1_269' title='bbox 249 2565 315 2596; x_wconf 86' lang='lat' dir='ltr'>quo</span> <span class='ocrx_word' id='word_1_270' title='bbox 332 2557 573 2588; x_wconf 81' lang='lat' dir='ltr'>Britannorum</span> <span class='ocrx_word' id='word_1_271' title='bbox 599 2558 762 2597; x_wconf 71' lang='lat' dir='ltr'>conjuges</span> <span class='ocrx_word' id='word_1_272' title='bbox 780 2569 950 2600; x_wconf 86' lang='lat' dir='ltr'>nurusque</span> 
     </span>
     <span class='ocr_line' id='line_1_48' title="bbox 248 2607 951 2648; baseline 0.006 -12"><span class='ocrx_word' id='word_1_273' title='bbox 248 2609 322 2637; x_wconf 84' lang='lat' dir='ltr'>toto</span> <span class='ocrx_word' id='word_1_274' title='bbox 338 2616 479 2647; x_wconf 90' lang='lat' dir='ltr'>corpore</span> <span class='ocrx_word' id='word_1_275' title='bbox 495 2607 610 2638; x_wconf 66' lang='lat' dir='ltr'>oblitae</span> <span class='ocrx_word' id='word_1_276' title='bbox 633 2608 834 2648; x_wconf 87' lang='lat' dir='ltr'>quibusdam</span> <span class='ocrx_word' id='word_1_277' title='bbox 852 2609 883 2639; x_wconf 88' lang='lat' dir='ltr'>in</span> <span class='ocrx_word' id='word_1_278' title='bbox 901 2620 951 2640; x_wconf 84' lang='lat' dir='ltr'>sa-</span> 
     </span>
     <span class='ocr_line' id='line_1_49' title="bbox 249 2654 951 2699; baseline 0.006 -13"><span class='ocrx_word' id='word_1_279' title='bbox 249 2654 316 2686; x_wconf 85' lang='lat' dir='ltr'>cris</span> <span class='ocrx_word' id='word_1_280' title='bbox 331 2660 366 2686; x_wconf 89' lang='lat' dir='ltr'>et</span> <span class='ocrx_word' id='word_1_281' title='bbox 381 2656 480 2687; x_wconf 84' lang='lat' dir='ltr'>nudae</span> <span class='ocrx_word' id='word_1_282' title='bbox 495 2656 671 2696; x_wconf 86' lang='lat' dir='ltr'>incedunt,</span> <span class='ocrx_word' id='word_1_283' title='bbox 688 2657 879 2699; x_wconf 79' lang='lat' dir='ltr'>AEtliiopum</span> <span class='ocrx_word' id='word_1_284' title='bbox 897 2669 951 2690; x_wconf 86' lang='lat' dir='ltr'>co·</span> 
     </span>
     <span class='ocr_line' id='line_1_50' title="bbox 247 2705 952 2741; baseline 0.009 -6"><span class='ocrx_word' id='word_1_285' title='bbox 247 2705 352 2736; x_wconf 84' lang='lat' dir='ltr'>lorent</span> <span class='ocrx_word' id='word_1_286' title='bbox 365 2705 564 2737; x_wconf 63' lang='lat' dir='ltr'>imitantes)</span> <span class='ocrx_word' id='word_1_287' title='bbox 589 2707 789 2739; x_wconf 82' lang='lat' dir='ltr'>Ciacconius</span> <span class='ocrx_word' id='word_1_288' title='bbox 805 2709 853 2739; x_wconf 81' lang='lat' dir='ltr'>ait</span> <span class='ocrx_word' id='word_1_289' title='bbox 864 2710 952 2741; x_wconf 89' lang='lat' dir='ltr'>hunc</span> 
     </span>
     <span class='ocr_line' id='line_1_51' title="bbox 248 2754 952 2799; baseline 0.007 -13"><span class='ocrx_word' id='word_1_290' title='bbox 248 2754 361 2787; x_wconf 71' lang='lat' dir='ltr'>locum</span> <span class='ocrx_word' id='word_1_291' title='bbox 374 2754 521 2798; x_wconf 84' lang='lat' dir='ltr'>efficere,</span> <span class='ocrx_word' id='word_1_292' title='bbox 533 2761 571 2788; x_wconf 91' lang='lat' dir='ltr'>ut</span> <span class='ocrx_word' id='word_1_293' title='bbox 581 2757 715 2799; x_wconf 82' lang='lat' dir='ltr'>quidam</span> <span class='ocrx_word' id='word_1_294' title='bbox 727 2759 833 2790; x_wconf 86' lang='lat' dir='ltr'>multo</span> <span class='ocrx_word' id='word_1_295' title='bbox 844 2760 952 2792; x_wconf 83' lang='lat' dir='ltr'>minus</span> 
     </span>
    </p>
   </div>
   <div class='ocr_carea' id='block_1_3' title="bbox 694 196 1215 231">
    <p class='ocr_par' dir='ltr' id='par_1_4' title="bbox 694 196 1215 231">
     <span class='ocr_line' id='line_1_52' title="bbox 694 196 1215 231; baseline 0.002 -2"><span class='ocrx_word' id='word_1_296' title='bbox 694 197 836 229; x_wconf 76' lang='lat' dir='ltr'>No&#39;rAE</span> <span class='ocrx_word' id='word_1_297' title='bbox 869 197 1130 231; x_wconf 67' lang='lat' dir='ltr'>VARtonM</span> <span class='ocrx_word' id='word_1_298' title='bbox 1167 196 1215 230; x_wconf 64' lang='lat' dir='ltr'>IN</span> 
     </span>
    </p>
   </div>
   <div class='ocr_carea' id='block_1_4' title="bbox 986 293 1700 1393">
    <p class='ocr_par' dir='ltr' id='par_1_5' title="bbox 986 293 1700 1393">
     <span class='ocr_line' id='line_1_53' title="bbox 986 293 1688 338; baseline 0.003 -12"><span class='ocrx_word' id='word_1_299' title='bbox 986 295 1074 336; x_wconf 87' lang='lat' dir='ltr'>apud</span> <span class='ocrx_word' id='word_1_300' title='bbox 1100 297 1267 327; x_wconf 63' lang='lat' dir='ltr'>Caesarem</span> <span class='ocrx_word' id='word_1_301' title='bbox 1288 294 1387 334; x_wconf 78' lang='lat' dir='ltr'>glasei</span> <span class='ocrx_word' id='word_1_302' title='bbox 1416 304 1534 327; x_wconf 80' lang='lat' dir='ltr'>vocem</span> <span class='ocrx_word' id='word_1_303' title='bbox 1564 293 1688 338; x_wconf 65' lang='lat' dir='ltr'>serant,</span> 
     </span>
     <span class='ocr_line' id='line_1_54' title="bbox 986 345 1689 387; baseline 0.003 -11"><span class='ocrx_word' id='word_1_304' title='bbox 986 355 1061 376; x_wconf 91' lang='lat' dir='ltr'>cum</span> <span class='ocrx_word' id='word_1_305' title='bbox 1096 346 1188 377; x_wconf 90' lang='lat' dir='ltr'>dicat</span> <span class='ocrx_word' id='word_1_306' title='bbox 1219 346 1348 376; x_wconf 85' lang='lat' dir='ltr'>Plinius</span> <span class='ocrx_word' id='word_1_307' title='bbox 1375 345 1570 387; x_wconf 79' lang='lat' dir='ltr'>AEthiopum</span> <span class='ocrx_word' id='word_1_308' title='bbox 1598 347 1689 378; x_wconf 85' lang='lat' dir='ltr'>colo·</span> 
     </span>
     <span class='ocr_line' id='line_1_55' title="bbox 987 396 1691 437; baseline 0.003 -11"><span class='ocrx_word' id='word_1_309' title='bbox 987 405 1056 426; x_wconf 91' lang='lat' dir='ltr'>rem</span> <span class='ocrx_word' id='word_1_310' title='bbox 1085 398 1227 435; x_wconf 84' lang='lat' dir='ltr'>glastum</span> <span class='ocrx_word' id='word_1_311' title='bbox 1252 396 1386 426; x_wconf 83' lang='lat' dir='ltr'>imitari.</span> <span class='ocrx_word' id='word_1_312' title='bbox 1445 396 1489 426; x_wconf 86' lang='lat' dir='ltr'>Et</span> <span class='ocrx_word' id='word_1_313' title='bbox 1518 397 1567 428; x_wconf 81' lang='lat' dir='ltr'>ita</span> <span class='ocrx_word' id='word_1_314' title='bbox 1592 401 1691 437; x_wconf 85' lang='lat' dir='ltr'>puta-</span> 
     </span>
     <span class='ocr_line' id='line_1_56' title="bbox 987 445 1687 478; baseline 0.003 -2"><span class='ocrx_word' id='word_1_315' title='bbox 987 445 1047 476; x_wconf 88' lang='lat' dir='ltr'>bat</span> <span class='ocrx_word' id='word_1_316' title='bbox 1077 446 1177 476; x_wconf 85' lang='lat' dir='ltr'>etiam</span> <span class='ocrx_word' id='word_1_317' title='bbox 1208 447 1259 476; x_wconf 89' lang='lat' dir='ltr'>vir</span> <span class='ocrx_word' id='word_1_318' title='bbox 1293 446 1413 477; x_wconf 85' lang='lat' dir='ltr'>doctus</span> <span class='ocrx_word' id='word_1_319' title='bbox 1443 447 1484 478; x_wconf 91' lang='lat' dir='ltr'>P.</span> <span class='ocrx_word' id='word_1_320' title='bbox 1514 447 1687 478; x_wconf 84' lang='lat' dir='ltr'>Victorius</span> 
     </span>
     <span class='ocr_line' id='line_1_57' title="bbox 987 492 1690 537; baseline 0.003 -11"><span class='ocrx_word' id='word_1_321' title='bbox 987 497 1068 526; x_wconf 79' lang='lat' dir='ltr'>Var.</span> <span class='ocrx_word' id='word_1_322' title='bbox 1095 498 1189 528; x_wconf 70' lang='lat' dir='ltr'>Lect.</span> <span class='ocrx_word' id='word_1_323' title='bbox 1218 505 1297 528; x_wconf 74' lang='lat' dir='ltr'>xrx.</span> <span class='ocrx_word' id='word_1_324' title='bbox 1323 501 1352 528; x_wconf 79' lang='lat'>3.</span> <span class='ocrx_word' id='word_1_325' title='bbox 1406 497 1472 527; x_wconf 87' lang='lat' dir='ltr'>Sed</span> <span class='ocrx_word' id='word_1_326' title='bbox 1504 497 1567 528; x_wconf 86' lang='lat' dir='ltr'>boc</span> <span class='ocrx_word' id='word_1_327' title='bbox 1595 492 1690 537; x_wconf 83' lang='lat' dir='ltr'>argu-</span> 
     </span>
     <span class='ocr_line' id='line_1_58' title="bbox 989 548 1689 589; baseline 0.003 -12"><span class='ocrx_word' id='word_1_328' title='bbox 989 552 1140 577; x_wconf 84' lang='lat' dir='ltr'>mentum</span> <span class='ocrx_word' id='word_1_329' title='bbox 1169 548 1291 578; x_wconf 89' lang='lat' dir='ltr'>nullius</span> <span class='ocrx_word' id='word_1_330' title='bbox 1322 548 1436 588; x_wconf 83' lang='lat' dir='ltr'>pretii,</span> <span class='ocrx_word' id='word_1_331' title='bbox 1463 557 1572 589; x_wconf 86' lang='lat' dir='ltr'>neque</span> <span class='ocrx_word' id='word_1_332' title='bbox 1600 548 1689 580; x_wconf 85' lang='lat' dir='ltr'>enim</span> 
     </span>
     <span class='ocr_line' id='line_1_59' title="bbox 992 596 1692 638; baseline 0.004 -13"><span class='ocrx_word' id='word_1_333' title='bbox 992 596 1124 635; x_wconf 85' lang='lat' dir='ltr'>quando</span> <span class='ocrx_word' id='word_1_334' title='bbox 1161 597 1235 637; x_wconf 85' lang='lat' dir='ltr'>quis</span> <span class='ocrx_word' id='word_1_335' title='bbox 1269 598 1398 638; x_wconf 84' lang='lat' dir='ltr'>aliquid</span> <span class='ocrx_word' id='word_1_336' title='bbox 1431 598 1594 636; x_wconf 86' lang='lat' dir='ltr'>imitatur,</span> <span class='ocrx_word' id='word_1_337' title='bbox 1625 602 1692 628; x_wconf 81' lang='lat' dir='ltr'>sta·-</span> 
     </span>
     <span class='ocr_line' id='line_1_60' title="bbox 991 645 1691 686; baseline 0.004 -12"><span class='ocrx_word' id='word_1_338' title='bbox 991 645 1052 675; x_wconf 90' lang='lat' dir='ltr'>tim</span> <span class='ocrx_word' id='word_1_339' title='bbox 1080 646 1243 686; x_wconf 88' lang='lat' dir='ltr'>sequitur,</span> <span class='ocrx_word' id='word_1_340' title='bbox 1267 646 1329 677; x_wconf 86' lang='lat' dir='ltr'>boc</span> <span class='ocrx_word' id='word_1_341' title='bbox 1357 656 1417 686; x_wconf 89' lang='lat' dir='ltr'>per</span> <span class='ocrx_word' id='word_1_342' title='bbox 1444 647 1556 677; x_wconf 83' lang='lat' dir='ltr'>omnia</span> <span class='ocrx_word' id='word_1_343' title='bbox 1583 647 1691 678; x_wconf 81' lang='lat' dir='ltr'>simile</span> 
     </span>
     <span class='ocr_line' id='line_1_61' title="bbox 993 695 1693 738; baseline 0.004 -12"><span class='ocrx_word' id='word_1_344' title='bbox 993 704 1065 726; x_wconf 79' lang='lat' dir='ltr'>esse</span> <span class='ocrx_word' id='word_1_345' title='bbox 1080 696 1138 734; x_wconf 89' lang='lat' dir='ltr'>illi,</span> <span class='ocrx_word' id='word_1_346' title='bbox 1163 695 1251 737; x_wconf 89' lang='lat' dir='ltr'>quod</span> <span class='ocrx_word' id='word_1_347' title='bbox 1275 696 1440 728; x_wconf 84' lang='lat' dir='ltr'>imitatur.</span> <span class='ocrx_word' id='word_1_348' title='bbox 1486 699 1529 728; x_wconf 85' lang='lat' dir='ltr'>Et</span> <span class='ocrx_word' id='word_1_349' title='bbox 1547 699 1693 738; x_wconf 85' lang='lat' dir='ltr'>glastum</span> 
     </span>
     <span class='ocr_line' id='line_1_62' title="bbox 992 745 1695 788; baseline 0.001 -11"><span class='ocrx_word' id='word_1_350' title='bbox 992 745 1099 777; x_wconf 86' lang='lat' dir='ltr'>efficit</span> <span class='ocrx_word' id='word_1_351' title='bbox 1119 746 1251 777; x_wconf 79' lang='lat' dir='ltr'>fuscum</span> <span class='ocrx_word' id='word_1_352' title='bbox 1272 747 1432 785; x_wconf 87' lang='lat' dir='ltr'>colorem,</span> <span class='ocrx_word' id='word_1_353' title='bbox 1447 751 1482 778; x_wconf 86' lang='lat' dir='ltr'>et</span> <span class='ocrx_word' id='word_1_354' title='bbox 1499 747 1695 788; x_wconf 83' lang='lat' dir='ltr'>AEtltiopum</span> 
     </span>
     <span class='ocr_line' id='line_1_63' title="bbox 994 797 1694 838; baseline 0.003 -11"><span class='ocrx_word' id='word_1_355' title='bbox 994 797 1089 828; x_wconf 91' lang='lat' dir='ltr'>color</span> <span class='ocrx_word' id='word_1_356' title='bbox 1118 797 1206 829; x_wconf 90' lang='lat' dir='ltr'>idem</span> <span class='ocrx_word' id='word_1_357' title='bbox 1235 803 1298 837; x_wconf 85' lang='lat' dir='ltr'>est,</span> <span class='ocrx_word' id='word_1_358' title='bbox 1324 798 1438 838; x_wconf 84' lang='lat' dir='ltr'>itaque</span> <span class='ocrx_word' id='word_1_359' title='bbox 1469 806 1537 828; x_wconf 91' lang='lat' dir='ltr'>non</span> <span class='ocrx_word' id='word_1_360' title='bbox 1564 801 1694 829; x_wconf 87' lang='lat' dir='ltr'>temere</span> 
     </span>
     <span class='ocr_line' id='line_1_64' title="bbox 995 847 1696 888; baseline 0.003 -10"><span class='ocrx_word' id='word_1_361' title='bbox 995 847 1126 879; x_wconf 89' lang='lat' dir='ltr'>Plinius</span> <span class='ocrx_word' id='word_1_362' title='bbox 1140 849 1203 879; x_wconf 83' lang='lat' dir='ltr'>lioc</span> <span class='ocrx_word' id='word_1_363' title='bbox 1220 847 1319 879; x_wconf 88' lang='lat' dir='ltr'>dixit.</span> <span class='ocrx_word' id='word_1_364' title='bbox 1365 848 1437 887; x_wconf 75' lang='lat' dir='ltr'>Ego</span> <span class='ocrx_word' id='word_1_365' title='bbox 1454 857 1514 888; x_wconf 89' lang='lat' dir='ltr'>pro</span> <span class='ocrx_word' id='word_1_366' title='bbox 1529 852 1625 879; x_wconf 91' lang='lat' dir='ltr'>certo</span> <span class='ocrx_word' id='word_1_367' title='bbox 1641 848 1696 880; x_wconf 85' lang='lat' dir='ltr'>ha-</span> 
     </span>
     <span class='ocr_line' id='line_1_65' title="bbox 994 897 1697 938; baseline 0.001 -9"><span class='ocrx_word' id='word_1_368' title='bbox 994 898 1058 929; x_wconf 87' lang='lat' dir='ltr'>beo</span> <span class='ocrx_word' id='word_1_369' title='bbox 1071 899 1209 938; x_wconf 79' lang='lat' dir='ltr'>glastum</span> <span class='ocrx_word' id='word_1_370' title='bbox 1220 902 1255 929; x_wconf 90' lang='lat' dir='ltr'>et</span> <span class='ocrx_word' id='word_1_371' title='bbox 1269 898 1385 928; x_wconf 67' lang='lat' dir='ltr'>vitrum</span> <span class='ocrx_word' id='word_1_372' title='bbox 1401 897 1490 928; x_wconf 88' lang='lat' dir='ltr'>idem</span> <span class='ocrx_word' id='word_1_373' title='bbox 1505 906 1591 930; x_wconf 87' lang='lat' dir='ltr'>esse.</span> <span class='ocrx_word' id='word_1_374' title='bbox 1616 897 1697 930; x_wconf 87' lang='lat' dir='ltr'>Non</span> 
     </span>
     <span class='ocr_line' id='line_1_66' title="bbox 994 947 1696 988; baseline 0 -9"><span class='ocrx_word' id='word_1_375' title='bbox 994 948 1265 988; x_wconf 82' lang='lat' dir='ltr'>adspernandum</span> <span class='ocrx_word' id='word_1_376' title='bbox 1281 947 1344 979; x_wconf 85' lang='lat' dir='ltr'>hac</span> <span class='ocrx_word' id='word_1_377' title='bbox 1361 948 1395 978; x_wconf 91' lang='lat' dir='ltr'>in</span> <span class='ocrx_word' id='word_1_378' title='bbox 1418 958 1453 979; x_wconf 89' lang='lat' dir='ltr'>re</span> <span class='ocrx_word' id='word_1_379' title='bbox 1477 953 1529 980; x_wconf 87' lang='lat' dir='ltr'>est</span> <span class='ocrx_word' id='word_1_380' title='bbox 1546 948 1696 980; x_wconf 83' lang='lat' dir='ltr'>testimo-</span> 
     </span>
     <span class='ocr_line' id='line_1_67' title="bbox 994 998 1697 1039; baseline 0 -9"><span class='ocrx_word' id='word_1_381' title='bbox 994 999 1087 1030; x_wconf 89' lang='lat' dir='ltr'>nium</span> <span class='ocrx_word' id='word_1_382' title='bbox 1112 998 1295 1030; x_wconf 86' lang='lat' dir='ltr'>Humfrcdi</span> <span class='ocrx_word' id='word_1_383' title='bbox 1319 999 1439 1039; x_wconf 84' lang='lat' dir='ltr'>Lbuyd</span> <span class='ocrx_word' id='word_1_384' title='bbox 1463 999 1697 1034; x_wconf 83' lang='lat' dir='ltr'>Cambro-Bri-</span> 
     </span>
     <span class='ocr_line' id='line_1_68' title="bbox 995 1049 1696 1091; baseline 0.003 -11"><span class='ocrx_word' id='word_1_385' title='bbox 995 1050 1102 1089; x_wconf 83' lang='lat' dir='ltr'>tanni,</span> <span class='ocrx_word' id='word_1_386' title='bbox 1118 1050 1175 1091; x_wconf 92' lang='lat' dir='ltr'>qui</span> <span class='ocrx_word' id='word_1_387' title='bbox 1193 1050 1226 1080; x_wconf 94' lang='lat' dir='ltr'>in</span> <span class='ocrx_word' id='word_1_388' title='bbox 1243 1049 1363 1090; x_wconf 77' lang='lat' dir='ltr'>patriae</span> <span class='ocrx_word' id='word_1_389' title='bbox 1380 1059 1448 1081; x_wconf 78' lang='lat' dir='ltr'>suae</span> <span class='ocrx_word' id='word_1_390' title='bbox 1464 1050 1696 1091; x_wconf 86' lang='lat' dir='ltr'>descriptione</span> 
     </span>
     <span class='ocr_line' id='line_1_69' title="bbox 995 1101 1696 1140; baseline 0.001 -9"><span class='ocrx_word' id='word_1_391' title='bbox 995 1101 1059 1131; x_wconf 87' lang='lat' dir='ltr'>ait:</span> <span class='ocrx_word' id='word_1_392' title='bbox 1085 1102 1094 1118; x_wconf 86' lang='lat'><em>‘</em></span> <span class='ocrx_word' id='word_1_393' title='bbox 1109 1102 1182 1132; x_wconf 88' lang='lat' dir='ltr'>Nec</span> <span class='ocrx_word' id='word_1_394' title='bbox 1199 1102 1245 1139; x_wconf 84' lang='lat' dir='ltr'>lii,</span> <span class='ocrx_word' id='word_1_395' title='bbox 1263 1101 1321 1132; x_wconf 91' lang='lat' dir='ltr'>sed</span> <span class='ocrx_word' id='word_1_396' title='bbox 1339 1101 1507 1140; x_wconf 85' lang='lat' dir='ltr'>Britanni,</span> <span class='ocrx_word' id='word_1_397' title='bbox 1524 1106 1560 1132; x_wconf 91' lang='lat' dir='ltr'>ut</span> <span class='ocrx_word' id='word_1_398' title='bbox 1580 1101 1696 1133; x_wconf 83' lang='lat' dir='ltr'>Caesar</span> 
     </span>
     <span class='ocr_line' id='line_1_70' title="bbox 996 1150 1696 1191; baseline 0 -10"><span class='ocrx_word' id='word_1_399' title='bbox 996 1155 1031 1182; x_wconf 92' lang='lat' dir='ltr'>et</span> <span class='ocrx_word' id='word_1_400' title='bbox 1061 1151 1117 1182; x_wconf 87' lang='lat' dir='ltr'>alii</span> <span class='ocrx_word' id='word_1_401' title='bbox 1149 1150 1316 1191; x_wconf 86' lang='lat' dir='ltr'>referunt,</span> <span class='ocrx_word' id='word_1_402' title='bbox 1344 1161 1490 1191; x_wconf 82' lang='lat' dir='ltr'>corpora</span> <span class='ocrx_word' id='word_1_403' title='bbox 1517 1152 1624 1191; x_wconf 79' lang='lat' dir='ltr'>glasto</span> <span class='ocrx_word' id='word_1_404' title='bbox 1661 1151 1696 1182; x_wconf 87' lang='lat' dir='ltr'>in</span> 
     </span>
     <span class='ocr_line' id='line_1_71' title="bbox 997 1201 1700 1240; baseline 0 -8"><span class='ocrx_word' id='word_1_405' title='bbox 997 1202 1176 1232; x_wconf 77' lang='lat' dir='ltr'>caeruleum</span> <span class='ocrx_word' id='word_1_406' title='bbox 1200 1201 1360 1240; x_wconf 88' lang='lat' dir='ltr'>colorem,</span> <span class='ocrx_word' id='word_1_407' title='bbox 1377 1207 1414 1232; x_wconf 91' lang='lat' dir='ltr'>ut</span> <span class='ocrx_word' id='word_1_408' title='bbox 1431 1201 1584 1232; x_wconf 84' lang='lat' dir='ltr'>hostibus</span> <span class='ocrx_word' id='word_1_409' title='bbox 1603 1202 1700 1233; x_wconf 86' lang='lat' dir='ltr'>terri-</span> 
     </span>
     <span class='ocr_line' id='line_1_72' title="bbox 995 1251 1699 1293; baseline 0 -11"><span class='ocrx_word' id='word_1_410' title='bbox 995 1251 1131 1282; x_wconf 86' lang='lat' dir='ltr'>biliores</span> <span class='ocrx_word' id='word_1_411' title='bbox 1149 1251 1355 1292; x_wconf 77' lang='lat' dir='ltr'>viderentur,</span> <span class='ocrx_word' id='word_1_412' title='bbox 1370 1253 1511 1293; x_wconf 80' lang='lat' dir='ltr'>pingere</span> <span class='ocrx_word' id='word_1_413' title='bbox 1524 1252 1628 1283; x_wconf 84' lang='lat' dir='ltr'>soliti.</span> <span class='ocrx_word' id='word_1_414' title='bbox 1654 1252 1699 1282; x_wconf 84' lang='lat' dir='ltr'>Et</span> 
     </span>
     <span class='ocr_line' id='line_1_73' title="bbox 995 1302 1698 1344; baseline -0.001 -12"><span class='ocrx_word' id='word_1_415' title='bbox 995 1302 1092 1333; x_wconf 86' lang='lat' dir='ltr'>nobis</span> <span class='ocrx_word' id='word_1_416' title='bbox 1103 1303 1134 1332; x_wconf 92' lang='lat' dir='ltr'>in</span> <span class='ocrx_word' id='word_1_417' title='bbox 1144 1302 1232 1333; x_wconf 90' lang='lat' dir='ltr'>hunc</span> <span class='ocrx_word' id='word_1_418' title='bbox 1243 1302 1330 1333; x_wconf 88' lang='lat' dir='ltr'>diem</span> <span class='ocrx_word' id='word_1_419' title='bbox 1339 1302 1443 1344; x_wconf 83' lang='lat' dir='ltr'>(quod</span> <span class='ocrx_word' id='word_1_420' title='bbox 1455 1302 1698 1343; x_wconf 86' lang='lat' dir='ltr'>antiquitatem</span> 
     </span>
     <span class='ocr_line' id='line_1_74' title="bbox 997 1351 1698 1393; baseline 0.001 -12"><span class='ocrx_word' id='word_1_421' title='bbox 997 1352 1142 1392; x_wconf 89' lang='lat' dir='ltr'>probare</span> <span class='ocrx_word' id='word_1_422' title='bbox 1159 1351 1312 1393; x_wconf 86' lang='lat' dir='ltr'>videtur)</span> <span class='ocrx_word' id='word_1_423' title='bbox 1338 1353 1503 1383; x_wconf 81' lang='lat' dir='ltr'>caeruleus</span> <span class='ocrx_word' id='word_1_424' title='bbox 1519 1353 1611 1383; x_wconf 86' lang='lat' dir='ltr'>color</span> <span class='ocrx_word' id='word_1_425' title='bbox 1627 1353 1698 1393; x_wconf 80' lang='lat' dir='ltr'>glas</span> 
     </span>
    </p>
   </div>
   <div class='ocr_carea' id='block_1_5' title="bbox 997 1401 1748 1443">
    <p class='ocr_par' dir='ltr' id='par_1_6' title="bbox 997 1401 1748 1443">
     <span class='ocr_line' id='line_1_75' title="bbox 997 1401 1748 1443; baseline 0.003 -12"><span class='ocrx_word' id='word_1_426' title='bbox 997 1401 1136 1442; x_wconf 53' lang='lat' dir='ltr'>dicitur,</span> <span class='ocrx_word' id='word_1_427' title='bbox 1168 1411 1235 1443; x_wconf 91' lang='lat' dir='ltr'>quo</span> <span class='ocrx_word' id='word_1_428' title='bbox 1270 1403 1404 1433; x_wconf 91' lang='lat' dir='ltr'>nominc</span> <span class='ocrx_word' id='word_1_429' title='bbox 1440 1406 1476 1433; x_wconf 89' lang='lat' dir='ltr'>et</span> <span class='ocrx_word' id='word_1_430' title='bbox 1509 1402 1614 1433; x_wconf 83' lang='lat' dir='ltr'>herba</span> <span class='ocrx_word' id='word_1_431' title='bbox 1643 1402 1701 1433; x_wconf 82' lang='lat' dir='ltr'>illa</span> <span class='ocrx_word' id='word_1_432' title='bbox 1745 1420 1748 1421; x_wconf 31' lang='grc' dir='ltr'>ν</span> 
     </span>
    </p>
   </div>
   <div class='ocr_carea' id='block_1_6' title="bbox 995 1451 1705 2801">
    <p class='ocr_par' dir='ltr' id='par_1_7' title="bbox 995 1451 1705 2801">
     <span class='ocr_line' id='line_1_76' title="bbox 997 1451 1699 1492; baseline 0.006 -11"><span class='ocrx_word' id='word_1_433' title='bbox 997 1451 1187 1492; x_wconf 78' lang='lat' dir='ltr'>plantagini</span> <span class='ocrx_word' id='word_1_434' title='bbox 1211 1452 1299 1483; x_wconf 86' lang='lat' dir='ltr'>haud</span> <span class='ocrx_word' id='word_1_435' title='bbox 1321 1453 1505 1492; x_wconf 86' lang='lat' dir='ltr'>dissimilis,</span> <span class='ocrx_word' id='word_1_436' title='bbox 1522 1458 1558 1484; x_wconf 90' lang='lat' dir='ltr'>et</span> <span class='ocrx_word' id='word_1_437' title='bbox 1572 1461 1699 1485; x_wconf 83' lang='lat' dir='ltr'>merca-</span> 
     </span>
     <span class='ocr_line' id='line_1_77' title="bbox 998 1502 1701 1545; baseline 0.004 -12"><span class='ocrx_word' id='word_1_438' title='bbox 998 1502 1125 1533; x_wconf 87' lang='lat' dir='ltr'>toribus</span> <span class='ocrx_word' id='word_1_439' title='bbox 1141 1512 1231 1534; x_wconf 91' lang='lat' dir='ltr'>nunc</span> <span class='ocrx_word' id='word_1_440' title='bbox 1257 1503 1384 1544; x_wconf 86' lang='lat' dir='ltr'>optime</span> <span class='ocrx_word' id='word_1_441' title='bbox 1402 1505 1553 1545; x_wconf 81' lang='lat' dir='ltr'>cognita,</span> <span class='ocrx_word' id='word_1_442' title='bbox 1574 1514 1701 1536; x_wconf 90' lang='lat' dir='ltr'>nuncu-</span> 
     </span>
     <span class='ocr_line' id='line_1_78' title="bbox 998 1553 1701 1595; baseline 0.004 -12"><span class='ocrx_word' id='word_1_443' title='bbox 998 1553 1121 1594; x_wconf 84' lang='lat' dir='ltr'>patur.&#39;</span> <span class='ocrx_word' id='word_1_444' title='bbox 1159 1554 1245 1584; x_wconf 89' lang='lat' dir='ltr'>Sane</span> <span class='ocrx_word' id='word_1_445' title='bbox 1261 1553 1428 1595; x_wconf 83' lang='lat' dir='ltr'>hodieque</span> <span class='ocrx_word' id='word_1_446' title='bbox 1445 1555 1560 1593; x_wconf 65' lang='lat' dir='ltr'>Belgis</span> <span class='ocrx_word' id='word_1_447' title='bbox 1578 1555 1701 1586; x_wconf 89' lang='lat' dir='ltr'>vitrum</span> 
     </span>
     <span class='ocr_line' id='line_1_79' title="bbox 995 1604 1700 1643; baseline 0.003 -9"><span class='ocrx_word' id='word_1_448' title='bbox 995 1604 1067 1643; x_wconf 77' lang='lat' dir='ltr'>glas</span> <span class='ocrx_word' id='word_1_449' title='bbox 1091 1608 1244 1635; x_wconf 88' lang='lat' dir='ltr'>vocatur.</span> <span class='ocrx_word' id='word_1_450' title='bbox 1290 1604 1460 1635; x_wconf 84' lang='lat' dir='ltr'>Caeterum</span> <span class='ocrx_word' id='word_1_451' title='bbox 1484 1609 1522 1635; x_wconf 92' lang='lat' dir='ltr'>ut</span> <span class='ocrx_word' id='word_1_452' title='bbox 1550 1605 1700 1636; x_wconf 79' lang='lat' dir='ltr'>dubitem</span> 
     </span>
     <span class='ocr_line' id='line_1_80' title="bbox 996 1654 1702 1699; baseline 0.006 -16"><span class='ocrx_word' id='word_1_453' title='bbox 996 1655 1100 1693; x_wconf 77' lang='lat' dir='ltr'>glasto</span> <span class='ocrx_word' id='word_1_454' title='bbox 1114 1655 1240 1699; x_wconf 73' lang='lat' dir='ltr'>Caesar,</span> <span class='ocrx_word' id='word_1_455' title='bbox 1253 1663 1294 1685; x_wconf 83' lang='lat' dir='ltr'>an</span> <span class='ocrx_word' id='word_1_456' title='bbox 1309 1655 1391 1686; x_wconf 68' lang='lat' dir='ltr'>citro</span> <span class='ocrx_word' id='word_1_457' title='bbox 1404 1655 1591 1696; x_wconf 86' lang='lat' dir='ltr'>scripserit,</span> <span class='ocrx_word' id='word_1_458' title='bbox 1605 1654 1702 1694; x_wconf 82' lang='lat' dir='ltr'>facit,</span> 
     </span>
     <span class='ocr_line' id='line_1_81' title="bbox 1001 1705 1702 1747; baseline 0.006 -12"><span class='ocrx_word' id='word_1_459' title='bbox 1001 1705 1089 1746; x_wconf 92' lang='lat' dir='ltr'>quod</span> <span class='ocrx_word' id='word_1_460' title='bbox 1106 1705 1206 1737; x_wconf 90' lang='lat' dir='ltr'>video</span> <span class='ocrx_word' id='word_1_461' title='bbox 1235 1715 1326 1747; x_wconf 84' lang='lat' dir='ltr'>saepe</span> <span class='ocrx_word' id='word_1_462' title='bbox 1353 1706 1401 1737; x_wconf 87' lang='lat' dir='ltr'>illi</span> <span class='ocrx_word' id='word_1_463' title='bbox 1426 1707 1577 1739; x_wconf 78' lang='lat' dir='ltr'>exoticas</span> <span class='ocrx_word' id='word_1_464' title='bbox 1599 1717 1702 1740; x_wconf 81' lang='lat' dir='ltr'>voces</span> 
     </span>
     <span class='ocr_line' id='line_1_82' title="bbox 999 1756 1703 1798; baseline 0.007 -13"><span class='ocrx_word' id='word_1_465' title='bbox 999 1760 1188 1795; x_wconf 82' lang='lat' dir='ltr'>usurpatas.</span> <span class='ocrx_word' id='word_1_466' title='bbox 1231 1756 1288 1787; x_wconf 90' lang='lat' dir='ltr'>Sic</span> <span class='ocrx_word' id='word_1_467' title='bbox 1307 1757 1338 1787; x_wconf 91' lang='lat' dir='ltr'>in</span> <span class='ocrx_word' id='word_1_468' title='bbox 1356 1758 1432 1797; x_wconf 80' lang='lat' dir='ltr'>alce,</span> <span class='ocrx_word' id='word_1_469' title='bbox 1445 1763 1480 1789; x_wconf 90' lang='lat' dir='ltr'>et</span> <span class='ocrx_word' id='word_1_470' title='bbox 1502 1758 1650 1798; x_wconf 78' lang='lat' dir='ltr'>ambacti,</span> <span class='ocrx_word' id='word_1_471' title='bbox 1666 1763 1703 1790; x_wconf 75' lang='lat' dir='ltr'>et</span> 
     </span>
     <span class='ocr_line' id='line_1_83' title="bbox 998 1805 1703 1845; baseline 0.009 -12"><span class='ocrx_word' id='word_1_472' title='bbox 998 1805 1138 1843; x_wconf 71' lang='lat' dir='ltr'>soldurii,</span> <span class='ocrx_word' id='word_1_473' title='bbox 1168 1805 1321 1845; x_wconf 85' lang='lat' dir='ltr'>aliisque.</span> <span class='ocrx_word' id='word_1_474' title='bbox 1369 1807 1442 1838; x_wconf 92' lang='lat' dir='ltr'>Nec</span> <span class='ocrx_word' id='word_1_475' title='bbox 1471 1807 1596 1839; x_wconf 80' lang='lat' dir='ltr'>frustra</span> <span class='ocrx_word' id='word_1_476' title='bbox 1623 1808 1703 1839; x_wconf 88' lang='lat' dir='ltr'>Pla—</span> 
     </span>
     <span class='ocr_line' id='line_1_84' title="bbox 999 1855 1702 1899; baseline 0.01 -15"><span class='ocrx_word' id='word_1_477' title='bbox 999 1855 1118 1894; x_wconf 81' lang='lat' dir='ltr'>nudes,</span> <span class='ocrx_word' id='word_1_478' title='bbox 1135 1856 1187 1886; x_wconf 86' lang='lat' dir='ltr'>vel</span> <span class='ocrx_word' id='word_1_479' title='bbox 1205 1857 1355 1898; x_wconf 83' lang='lat' dir='ltr'>quisquis</span> <span class='ocrx_word' id='word_1_480' title='bbox 1373 1858 1515 1889; x_wconf 66' lang='lat' dir='ltr'>Caesaris</span> <span class='ocrx_word' id='word_1_481' title='bbox 1532 1859 1702 1899; x_wconf 86' lang='lat' dir='ltr'>interpres</span> 
     </span>
     <span class='ocr_line' id='line_1_85' title="bbox 1000 1905 1702 1941; baseline 0.009 -6"><span class='ocrx_word' id='word_1_482' title='bbox 1000 1905 1140 1936; x_wconf 86' lang='lat' dir='ltr'>eandem</span> <span class='ocrx_word' id='word_1_483' title='bbox 1159 1916 1276 1937; x_wconf 86' lang='lat' dir='ltr'>vocem</span> <span class='ocrx_word' id='word_1_484' title='bbox 1302 1908 1455 1939; x_wconf 84' lang='lat' dir='ltr'>retinuit.</span> <span class='ocrx_word' id='word_1_485' title='bbox 1502 1910 1646 1940; x_wconf 81' lang='lat' dir='ltr'>Rursum</span> <span class='ocrx_word' id='word_1_486' title='bbox 1665 1915 1702 1941; x_wconf 90' lang='lat' dir='ltr'>ut</span> 
     </span>
     <span class='ocr_line' id='line_1_86' title="bbox 1000 1956 1701 1998; baseline 0.007 -11"><span class='ocrx_word' id='word_1_487' title='bbox 1000 1956 1133 1987; x_wconf 64' lang='lat' dir='ltr'>credam</span> <span class='ocrx_word' id='word_1_488' title='bbox 1166 1957 1247 1987; x_wconf 76' lang='lat' dir='ltr'>vitro</span> <span class='ocrx_word' id='word_1_489' title='bbox 1287 1958 1475 1998; x_wconf 80' lang='lat' dir='ltr'>scripsisse,</span> <span class='ocrx_word' id='word_1_490' title='bbox 1508 1965 1622 1991; x_wconf 71' lang='lat' dir='ltr'>movet</span> <span class='ocrx_word' id='word_1_491' title='bbox 1648 1970 1701 1992; x_wconf 88' lang='lat' dir='ltr'>me</span> 
     </span>
     <span class='ocr_line' id='line_1_87' title="bbox 1000 2006 1699 2050; baseline 0.009 -15"><span class='ocrx_word' id='word_1_492' title='bbox 1000 2014 1066 2035; x_wconf 91' lang='lat' dir='ltr'>non</span> <span class='ocrx_word' id='word_1_493' title='bbox 1084 2006 1182 2037; x_wconf 78' lang='lat' dir='ltr'>inodo</span> <span class='ocrx_word' id='word_1_494' title='bbox 1201 2008 1365 2038; x_wconf 85' lang='lat' dir='ltr'>autoritas</span> <span class='ocrx_word' id='word_1_495' title='bbox 1384 2008 1498 2049; x_wconf 60' lang='lat' dir='ltr'>Mela),</span> <span class='ocrx_word' id='word_1_496' title='bbox 1519 2010 1574 2050; x_wconf 89' lang='lat' dir='ltr'>qui</span> <span class='ocrx_word' id='word_1_497' title='bbox 1599 2018 1653 2041; x_wconf 82' lang='grc' dir='ltr'>ιιι.</span> <span class='ocrx_word' id='word_1_498' title='bbox 1668 2012 1699 2041; x_wconf 89' lang='grc'>6.</span> 
     </span>
     <span class='ocr_line' id='line_1_88' title="bbox 1000 2054 1701 2096; baseline 0.009 -12"><span class='ocrx_word' id='word_1_499' title='bbox 1000 2054 1115 2092; x_wconf 84' lang='lat' dir='ltr'>habet,</span> <span class='ocrx_word' id='word_1_500' title='bbox 1153 2057 1344 2087; x_wconf 85' lang='lat' dir='ltr'>‘incertum</span> <span class='ocrx_word' id='word_1_501' title='bbox 1375 2057 1419 2087; x_wconf 88' lang='lat' dir='ltr'>ob</span> <span class='ocrx_word' id='word_1_502' title='bbox 1450 2058 1620 2096; x_wconf 84' lang='lat' dir='ltr'>decorem,</span> <span class='ocrx_word' id='word_1_503' title='bbox 1659 2069 1701 2090; x_wconf 86' lang='lat' dir='ltr'>au</span> 
     </span>
     <span class='ocr_line' id='line_1_89' title="bbox 1001 2104 1703 2147; baseline 0.007 -13"><span class='ocrx_word' id='word_1_504' title='bbox 1001 2104 1080 2145; x_wconf 84' lang='lat' dir='ltr'>quid</span> <span class='ocrx_word' id='word_1_505' title='bbox 1117 2105 1220 2145; x_wconf 85' lang='lat' dir='ltr'>aliud,</span> <span class='ocrx_word' id='word_1_506' title='bbox 1258 2106 1346 2136; x_wconf 83' lang='lat' dir='ltr'>vitro</span> <span class='ocrx_word' id='word_1_507' title='bbox 1385 2115 1525 2147; x_wconf 80' lang='lat' dir='ltr'>corpora</span> <span class='ocrx_word' id='word_1_508' title='bbox 1559 2107 1703 2139; x_wconf 83' lang='lat' dir='ltr'>infecti.’</span> 
     </span>
     <span class='ocr_line' id='line_1_90' title="bbox 1000 2155 1702 2197; baseline 0.004 -12"><span class='ocrx_word' id='word_1_509' title='bbox 1000 2155 1193 2187; x_wconf 77' lang='lat' dir='ltr'>Jornandes</span> <span class='ocrx_word' id='word_1_510' title='bbox 1216 2166 1244 2186; x_wconf 92' lang='lat' dir='ltr'>c.</span> <span class='ocrx_word' id='word_1_511' title='bbox 1263 2159 1295 2186; x_wconf 82' lang='grc'>2.</span> <span class='ocrx_word' id='word_1_512' title='bbox 1324 2156 1380 2197; x_wconf 89' lang='lat' dir='ltr'>qui</span> <span class='ocrx_word' id='word_1_513' title='bbox 1404 2157 1507 2187; x_wconf 76' lang='lat' dir='ltr'>verba</span> <span class='ocrx_word' id='word_1_514' title='bbox 1527 2157 1628 2188; x_wconf 78' lang='lat' dir='ltr'>Meiae</span> <span class='ocrx_word' id='word_1_515' title='bbox 1646 2166 1702 2188; x_wconf 82' lang='lat' dir='ltr'>ex-</span> 
     </span>
     <span class='ocr_line' id='line_1_91' title="bbox 1000 2206 1703 2249; baseline 0.006 -14"><span class='ocrx_word' id='word_1_516' title='bbox 1000 2206 1132 2243; x_wconf 89' lang='lat' dir='ltr'>scribit,</span> <span class='ocrx_word' id='word_1_517' title='bbox 1164 2206 1229 2237; x_wconf 83' lang='lat' dir='ltr'>‘ob</span> <span class='ocrx_word' id='word_1_518' title='bbox 1257 2206 1439 2246; x_wconf 77' lang='lat' dir='ltr'>‹lecorc1n‚&#39;</span> <span class='ocrx_word' id='word_1_519' title='bbox 1469 2207 1529 2245; x_wconf 89' lang='lat' dir='ltr'>ait,</span> <span class='ocrx_word' id='word_1_520' title='bbox 1553 2209 1703 2249; x_wconf 88' lang='lat' dir='ltr'>‘nescio,</span> 
     </span>
     <span class='ocr_line' id='line_1_92' title="bbox 1001 2256 1704 2299; baseline 0.004 -13"><span class='ocrx_word' id='word_1_521' title='bbox 1001 2265 1041 2285; x_wconf 86' lang='lat' dir='ltr'>an</span> <span class='ocrx_word' id='word_1_522' title='bbox 1060 2256 1158 2286; x_wconf 81' lang='lat' dir='ltr'>aliani</span> <span class='ocrx_word' id='word_1_523' title='bbox 1177 2257 1220 2287; x_wconf 90' lang='lat' dir='ltr'>ob</span> <span class='ocrx_word' id='word_1_524' title='bbox 1238 2266 1319 2296; x_wconf 82' lang='lat' dir='ltr'>reni,</span> <span class='ocrx_word' id='word_1_525' title='bbox 1343 2256 1433 2288; x_wconf 83' lang='lat' dir='ltr'>ferro</span> <span class='ocrx_word' id='word_1_526' title='bbox 1458 2257 1603 2299; x_wconf 82' lang='lat' dir='ltr'>pingunt</span> <span class='ocrx_word' id='word_1_527' title='bbox 1631 2268 1704 2289; x_wconf 89' lang='lat' dir='ltr'>cor-</span> 
     </span>
     <span class='ocr_line' id='line_1_93' title="bbox 1001 2305 1702 2346; baseline 0.006 -10"><span class='ocrx_word' id='word_1_528' title='bbox 1001 2305 1106 2346; x_wconf 87' lang='lat' dir='ltr'>pora.&#39;</span> <span class='ocrx_word' id='word_1_529' title='bbox 1162 2307 1229 2337; x_wconf 90' lang='lat' dir='ltr'>Ubi</span> <span class='ocrx_word' id='word_1_530' title='bbox 1258 2307 1422 2338; x_wconf 83' lang='lat' dir='ltr'>audacter</span> <span class='ocrx_word' id='word_1_531' title='bbox 1445 2308 1595 2339; x_wconf 88' lang='lat' dir='ltr'>dicerem</span> <span class='ocrx_word' id='word_1_532' title='bbox 1622 2309 1702 2340; x_wconf 85' lang='lat' dir='ltr'>scri—</span> 
     </span>
     <span class='ocr_line' id='line_1_94' title="bbox 1002 2355 1705 2397; baseline 0.006 -12"><span class='ocrx_word' id='word_1_533' title='bbox 1002 2355 1150 2386; x_wconf 89' lang='lat' dir='ltr'>bendum</span> <span class='ocrx_word' id='word_1_534' title='bbox 1179 2366 1251 2387; x_wconf 89' lang='lat' dir='ltr'>esse</span> <span class='ocrx_word' id='word_1_535' title='bbox 1276 2357 1369 2397; x_wconf 71' lang='lat' dir='ltr'>vitro,</span> <span class='ocrx_word' id='word_1_536' title='bbox 1393 2358 1457 2389; x_wconf 91' lang='lat' dir='ltr'>nisi</span> <span class='ocrx_word' id='word_1_537' title='bbox 1482 2358 1600 2389; x_wconf 87' lang='lat' dir='ltr'>scirem</span> <span class='ocrx_word' id='word_1_538' title='bbox 1629 2359 1705 2389; x_wconf 86' lang='lat' dir='ltr'>Bri-</span> 
     </span>
     <span class='ocr_line' id='line_1_95' title="bbox 1002 2407 1703 2447; baseline 0.006 -12"><span class='ocrx_word' id='word_1_539' title='bbox 1002 2409 1122 2436; x_wconf 92' lang='lat' dir='ltr'>tannos</span> <span class='ocrx_word' id='word_1_540' title='bbox 1139 2415 1202 2436; x_wconf 87' lang='lat' dir='ltr'>non</span> <span class='ocrx_word' id='word_1_541' title='bbox 1222 2407 1308 2437; x_wconf 89' lang='lat' dir='ltr'>vitro</span> <span class='ocrx_word' id='word_1_542' title='bbox 1326 2411 1470 2447; x_wconf 86' lang='lat' dir='ltr'>tantum,</span> <span class='ocrx_word' id='word_1_543' title='bbox 1484 2407 1542 2438; x_wconf 86' lang='lat' dir='ltr'>sed</span> <span class='ocrx_word' id='word_1_544' title='bbox 1559 2413 1594 2439; x_wconf 94' lang='lat' dir='ltr'>et</span> <span class='ocrx_word' id='word_1_545' title='bbox 1611 2407 1703 2439; x_wconf 83' lang='lat' dir='ltr'>ferro</span> 
     </span>
     <span class='ocr_line' id='line_1_96' title="bbox 1001 2455 1702 2497; baseline 0.006 -12"><span class='ocrx_word' id='word_1_546' title='bbox 1001 2455 1095 2496; x_wconf 89' lang='lat' dir='ltr'>prius</span> <span class='ocrx_word' id='word_1_547' title='bbox 1113 2456 1252 2497; x_wconf 79' lang='lat' dir='ltr'>pingere</span> <span class='ocrx_word' id='word_1_548' title='bbox 1269 2466 1414 2497; x_wconf 86' lang='lat' dir='ltr'>corpora</span> <span class='ocrx_word' id='word_1_549' title='bbox 1429 2457 1549 2497; x_wconf 82' lang='lat' dir='ltr'>solere,</span> <span class='ocrx_word' id='word_1_550' title='bbox 1564 2462 1602 2488; x_wconf 88' lang='lat' dir='ltr'>ut</span> <span class='ocrx_word' id='word_1_551' title='bbox 1619 2457 1702 2489; x_wconf 83' lang='lat' dir='ltr'>faci-</span> 
     </span>
     <span class='ocr_line' id='line_1_97' title="bbox 1002 2507 1702 2539; baseline 0.003 -2"><span class='ocrx_word' id='word_1_552' title='bbox 1002 2508 1064 2538; x_wconf 87' lang='lat' dir='ltr'>lius</span> <span class='ocrx_word' id='word_1_553' title='bbox 1100 2508 1281 2539; x_wconf 88' lang='lat' dir='ltr'>cicatrices</span> <span class='ocrx_word' id='word_1_554' title='bbox 1319 2507 1523 2538; x_wconf 88' lang='lat' dir='ltr'>imbiberent</span> <span class='ocrx_word' id='word_1_555' title='bbox 1553 2509 1702 2539; x_wconf 83' lang='lat' dir='ltr'>colorent</span> 
     </span>
     <span class='ocr_line' id='line_1_98' title="bbox 1002 2558 1704 2600; baseline 0.003 -12"><span class='ocrx_word' id='word_1_556' title='bbox 1002 2558 1195 2589; x_wconf 79' lang='lat' dir='ltr'>caeruleuin.</span> <span class='ocrx_word' id='word_1_557' title='bbox 1253 2558 1363 2588; x_wconf 85' lang='lat' dir='ltr'>Testis</span> <span class='ocrx_word' id='word_1_558' title='bbox 1391 2563 1441 2588; x_wconf 89' lang='lat' dir='ltr'>est</span> <span class='ocrx_word' id='word_1_559' title='bbox 1475 2558 1704 2600; x_wconf 83' lang='lat' dir='ltr'>Herodianus,</span> 
     </span>
     <span class='ocr_line' id='line_1_99' title="bbox 1002 2606 1704 2649; baseline 0.004 -11"><span class='ocrx_word' id='word_1_560' title='bbox 1002 2608 1058 2648; x_wconf 76' lang='lat' dir='ltr'>qui</span> <span class='ocrx_word' id='word_1_561' title='bbox 1077 2608 1097 2638; x_wconf 95' lang='grc' dir='ltr'>Ι.</span> <span class='ocrx_word' id='word_1_562' title='bbox 1117 2617 1172 2638; x_wconf 89' lang='grc' dir='ltr'>ΙΙΙ.</span> <span class='ocrx_word' id='word_1_563' title='bbox 1191 2608 1256 2638; x_wconf 87' lang='lat' dir='ltr'>ait:</span> <span class='ocrx_word' id='word_1_564' title='bbox 1281 2606 1321 2637; x_wconf 80' lang='grc' dir='ltr'>τὰ</span> <span class='ocrx_word' id='word_1_565' title='bbox 1339 2606 1371 2637; x_wconf 84' lang='grc' dir='ltr'>δὲ</span> <span class='ocrx_word' id='word_1_566' title='bbox 1389 2607 1518 2645; x_wconf 77' lang='grc' dir='ltr'>σώματα</span> <span class='ocrx_word' id='word_1_567' title='bbox 1545 2608 1704 2649; x_wconf 79' lang='grc' dir='ltr'>στίζονται</span> 
     </span>
     <span class='ocr_line' id='line_1_100' title="bbox 1001 2656 1703 2697; baseline 0.004 -10"><span class='ocrx_word' id='word_1_568' title='bbox 1001 2658 1135 2697; x_wconf 74' lang='grc' dir='ltr'>’γραφαῖς</span> <span class='ocrx_word' id='word_1_569' title='bbox 1150 2657 1296 2687; x_wconf 83' lang='grc' dir='ltr'>ποικίλων</span> <span class='ocrx_word' id='word_1_570' title='bbox 1311 2656 1396 2696; x_wconf 81' lang='grc' dir='ltr'>ζώων</span> <span class='ocrx_word' id='word_1_571' title='bbox 1412 2660 1613 2690; x_wconf 78' lang='grc' dir='ltr'>παντοδαπῶν</span> <span class='ocrx_word' id='word_1_572' title='bbox 1628 2658 1703 2690; x_wconf 80' lang='grc' dir='ltr'>εἶκό·</span> 
     </span>
     <span class='ocr_line' id='line_1_101' title="bbox 1002 2708 1703 2748; baseline 0.006 -10"><span class='ocrx_word' id='word_1_573' title='bbox 1002 2720 1062 2739; x_wconf 78' lang='grc' dir='ltr'>σιν.</span> <span class='ocrx_word' id='word_1_574' title='bbox 1087 2708 1155 2739; x_wconf 81' lang='grc' dir='ltr'>ὅθεν</span> <span class='ocrx_word' id='word_1_575' title='bbox 1175 2709 1237 2739; x_wconf 77' lang='grc' dir='ltr'>οὐδ’</span> <span class='ocrx_word' id='word_1_576' title='bbox 1263 2708 1491 2748; x_wconf 77' lang='grc' dir='ltr'>ἀμφιέννυνται,</span> <span class='ocrx_word' id='word_1_577' title='bbox 1515 2710 1567 2740; x_wconf 84' lang='grc' dir='ltr'>ἰ’νσ.</span> <span class='ocrx_word' id='word_1_578' title='bbox 1581 2710 1618 2748; x_wconf 73' lang='grc' dir='ltr'>δὴ</span> <span class='ocrx_word' id='word_1_579' title='bbox 1633 2710 1703 2742; x_wconf 77' lang='grc' dir='ltr'>σκέ-</span> 
     </span>
     <span class='ocr_line' id='line_1_102' title="bbox 1002 2759 1701 2801; baseline 0.003 -10"><span class='ocrx_word' id='word_1_580' title='bbox 1002 2770 1082 2791; x_wconf 82' lang='grc' dir='ltr'>πωσι</span> <span class='ocrx_word' id='word_1_581' title='bbox 1111 2760 1167 2790; x_wconf 84' lang='grc' dir='ltr'>τοῦ</span> <span class='ocrx_word' id='word_1_582' title='bbox 1196 2759 1336 2797; x_wconf 78' lang='grc' dir='ltr'>σώματος</span> <span class='ocrx_word' id='word_1_583' title='bbox 1370 2759 1426 2792; x_wconf 78' lang='grc' dir='ltr'>τὰς</span> <span class='ocrx_word' id='word_1_584' title='bbox 1454 2759 1586 2801; x_wconf 70' lang='grc' dir='ltr'>γραφάς.</span> <span class='ocrx_word' id='word_1_585' title='bbox 1633 2761 1701 2794; x_wconf 80' lang='lat' dir='ltr'>Ubi</span> 
     </span>
    </p>
   </div>
  </div>
 </body>
</html>
