1818 3131
228 209 341 251 1326

229 303 283 333 vel
300 301 342 332 ad
360 301 493 331 Paulum
510 300 736 336 deserentem,
752 296 929 328 referatur.

227 351 307 384 Quo
329 355 430 390 pacto
447 358 522 379 cum
546 347 704 387 ambigua
727 347 860 377 demum
887 347 930 377 sit

229 400 320 433 facta
350 398 581 436 constructio3
599 398 671 438 jam
701 402 760 428 aut
784 407 827 429 ex
854 398 930 428 reli-

230 460 303 490 quae
342 447 504 478 orationis
542 452 706 478 contextu
749 447 931 479 manifesta

229 500 288 530 fiat
318 499 494 537 oportebit
527 499 708 538 sententia,
739 504 796 530 aut
828 499 929 530 vitari

229 549 368 580 debebit
407 548 468 579 ista
501 550 726 589 constructio,
758 554 930 590 utcunque

230 599 410 640 purissima
424 605 460 630 et
475 600 619 631 maxime
635 601 767 632 Latina.
813 600 927 640 Atque

229 649 304 680 haec
319 648 453 689 quidem
471 649 635 680 hactenus
647 650 726 680 satis
740 649 931 679 manifesta.

229 700 358 730 Verum
376 699 408 729 in
425 708 575 730 errorem
586 700 657 739 jam
674 700 752 730 hinc
770 699 931 738 deinceps

229 748 361 780 inducti
389 754 467 780 sunt
499 749 804 780 Grammaticorum
834 748 934 787 pleri-

231 808 308 840 que,
323 809 360 830 ac
386 800 411 830 si
434 799 604 839 promiscue
622 798 776 839 usurpari
794 800 933 837 possent

235 849 521 881 Demonstratirum
549 859 582 879 et
601 848 816 888 Reciprocum,
834 856 934 888 prop-

231 904 325 931 terea
341 899 430 940 quod
448 899 481 929 in
505 898 696 938 hujusmodi
716 898 852 938 quidem
867 908 934 928 sen-

230 950 330 980 tentia
347 949 525 989 composita,
549 949 665 989 (aliter
679 958 815 989 prorsus
832 953 935 989 atque

232 999 265 1029 in
282 998 436 1039 Simplici,
465 999 513 1029 uti
529 1008 632 1038 supra
659 1002 712 1029 est
737 996 938 1037 ostensnn1‚>

232 1049 344 1089 possit
375 1048 546 1079 interdum
579 1057 676 1088 mque
703 1047 824 1079 Latine
843 1056 936 1077 usur-

233 1098 305 1138 pari
330 1099 381 1130 vel
406 1098 696 1132 Demonstratirum
711 1098 765 1128 vel
789 1097 935 1137 Recipro-

233 1158 311 1180 cum.
358 1149 398 1180 Id
429 1148 520 1190 quod
551 1149 628 1179 ideo
659 1149 776 1189 utique
808 1147 936 1186 evenit,

233 1210 299 1232 nou
317 1200 406 1241 quod
439 1200 609 1240 Reciproca
634 1199 762 1239 possint
789 1208 934 1240 unquam

234 1251 335 1281 aliter
366 1250 537 1289 usurpari,
569 1259 670 1290 quam
699 1254 737 1280 ut
769 1250 836 1280 sint
868 1259 936 1279 rere

234 1301 413 1339 reciproca;
448 1299 572 1329 nedum
604 1299 694 1339 quod
719 1299 808 1329 aliud
840 1307 935 1328 voca-

232 1349 346 1380 bulum
373 1358 434 1389 pro
458 1348 525 1379 alio
553 1347 662 1387 possit
689 1357 835 1387 unquam
862 1356 936 1387 pro-

235 1399 308 1439 prie
325 1403 359 1429 et
380 1398 502 1428 Latine
520 1398 619 1436 poni;
645 1397 694 1438 (id
711 1398 811 1436 enim,
826 1397 885 1427 nisi
902 1397 936 1427 in

234 1450 334 1489 plane
357 1448 571 1488 Synouymis,
599 1457 734 1487 semper
761 1451 815 1477 est
842 1447 937 1487 inep-

236 1500 425 1538 tissimum3
446 1508 556 1540 neque
582 1503 676 1529 certa
692 1499 762 1529 ulla
783 1503 874 1529 esset
889 1497 937 1528 fu-

236 1555 314 1582 tura
336 1551 424 1582 ratio
442 1554 500 1581 ant
517 1559 635 1581 norma
653 1549 811 1590 loquendi
823 1548 849 1587 3)
878 1548 936 1579 sed

237 1602 340 1642 quod,
369 1602 402 1632 in
431 1601 587 1632 sententia
622 1600 800 1640 composita,
831 1599 939 1640 possit

235 1652 353 1683 codem
370 1652 402 1682 in
428 1653 516 1690 loco,
545 1651 665 1681 diverso
695 1653 844 1691 respectu,
860 1649 938 1694 poni

237 1703 290 1733 vel
326 1702 528 1743 Reciprocnm
558 1702 611 1733 vel
642 1702 938 1732 Demonstratz'vwn.

237 1752 394 1792 Exempli
423 1752 555 1791 gratiag
593 1751 699 1782 Redde
731 1750 873 1781 Ciceroni
902 1751 939 1780 li-

238 1800 325 1832 brum
348 1811 447 1839 snum,
479 1802 531 1832 vel
562 1801 638 1840 eJ'us,
668 1810 709 1830 ex
742 1810 840 1841 aequo
872 1799 940 1830 dici

237 1856 373 1893 potest3
411 1851 568 1882 nimirum
614 1851 791 1890 reciproce
828 1850 941 1880 librum

237 1913 337 1942 suum,
366 1906 523 1942 respectu
553 1901 711 1932 Ciceronis
736 1901 789 1930 cui
821 1900 939 1930 redda-

239 1958 317 1990 tur;
347 1952 400 1982 vel
431 1950 696 1982 demonstrative
729 1949 837 1980 librum
868 1950 941 1988 ejus,

240 2006 401 2041 respectu
430 2000 488 2031 Tui
515 2000 571 2040 qui
595 1998 728 2030 reddas.
776 1999 879 2038 Rogat
910 2003 941 2030 te

239 2051 369 2090 Paulus,
393 2060 430 2080 ne
458 2051 580 2080 deseras
606 2059 650 2087 se,
678 2049 731 2078 vel
758 2057 794 2078 ne
820 2049 941 2078 deseras

239 2112 326 2133 enm:
351 2101 527 2141 reciproce
544 2100 712 2138 nimirum,
728 2109 759 2129 se
781 2103 941 2139 respectu

240 2152 336 2183 Pauli
353 2151 410 2193 qui
442 2155 558 2191 roget;
582 2151 635 2181 vel
663 2149 942 2188 demonstrative,

239 2211 318 2242 etun,
339 2206 499 2242 respectu
518 2201 579 2231 Tui
605 2200 660 2241 qui
678 2200 826 2238 deseras.
872 2201 942 2231 De-

241 2252 354 2293 nique,
372 2251 577 2292 Reciprocum
593 2259 829 2290 nonnunquam
852 2250 941 2289 apud

242 2301 348 2334 bonos
364 2301 533 2334 Auctores
549 2300 699 2332 refertur
723 2300 765 2331 ad
794 2300 942 2332 Antece-

242 2350 327 2382 dens
351 2351 649 2388 subintellectum3
673 2354 710 2381 ut
735 2350 768 2381 iu
791 2350 852 2381 isto
876 2351 945 2381 Pli-

243 2402 304 2441 nii,
322 2402 418 2433 Vinea
433 2403 459 2432 si
476 2402 654 2439 mocrucrit,
666 2401 696 2431 ei
711 2405 866 2432 sarmenta
883 2412 943 2433 sua

242 2451 423 2482 comburito.
484 2452 529 2482 Et
543 2452 573 2482 in
592 2451 769 2481 durissima
788 2451 851 2482 ista
866 2461 942 2483 con-

242 2501 429 2533 structione
469 2501 557 2541 apud
586 2503 761 2539 Senecam,
795 2503 878 2533 Puer
904 2504 944 2534 acl

243 2555 331 2582 tuum
346 2550 502 2588 fornweur
527 2551 703 2589 arbitrium,
727 2552 857 2582 multum
881 2553 944 2584 sibi

241 2600 350 2636 dubis;
373 2600 434 2630 boc
463 2605 526 2639 est,
542 2602 669 2630 multum
697 2601 726 2631 ei
753 2601 851 2640 dabis,
866 2603 945 2638 sibi,-

246 2651 297 2686 vjel
324 2652 454 2681 multum
468 2650 498 2681 ei
518 2650 619 2689 dabis,
635 2653 711 2690 quod
737 2652 795 2682 sibi
822 2652 944 2684 habeat.

248 2701 439 2740 Postremo,
477 2700 510 2730 in
545 2699 610 2731 isto
650 2700 777 2740 Ovidii,
816 2702 946 2743 Respice

246 2749 393 2792 Laerten,
411 2753 444 2782 ut
458 2750 528 2789 jam
543 2749 571 2782 ei
598 2760 654 2782 sua
677 2751 790 2783 lumina
817 2753 945 2784 condas:

685 214 827 245 No'rAE
868 213 1086 246 YARIORU
1099 215 1128 244 M
1173 216 1222 245 IN

980 298 1145 338 siquidem
1185 298 1233 328 ita
1272 297 1468 338 scripsisset
1510 296 1676 329 Ovidius:

980 357 1056 378 nam
1072 357 1148 377 vera
1178 348 1278 378 lectio
1303 348 1402 387 longe
1425 347 1521 378 aliam
1543 346 1681 378 exhibet

981 398 1268 429 constructionem
1287 409 1295 435 ;
1346 398 1476 438 Respice
1525 397 1680 428 himen.-

985 449 1028 478 Ut
1043 448 1109 486 jam
1137 459 1190 478 sua
1216 450 1331 479 Iumina
1358 450 1481 487 condus,
1499 447 1682 488 Supremam

974 498 1041 536 fati
1067 499 1197 529 sustinet
1230 499 1283 529 ille
1322 500 1413 530 diem.
1477 498 1592 538 Atque
1626 497 1680 529 his

983 548 1117 578 demum
1145 548 1252 578 modis
1284 546 1381 579 facile
1407 548 1571 589 explicari
1589 551 1683 588 pote-

984 603 1074 636 runt,
1091 608 1302 639 quaecunque
1314 600 1389 631 loca
1401 600 1491 640 apud
1507 599 1684 630 Sanctium

984 648 1135 687 aliosque
1167 648 1415 680 Grammaticos
1431 659 1506 681 eum
1524 649 1558 679 in
1580 648 1683 679 finem

984 697 1132 728 adducta
1155 698 1320 737 reperiaS,
1344 703 1381 728 ut
1408 699 1591 729 ostendant
1616 698 1684 729 Re-

982 748 1156 789 ciprocum
1173 753 1207 778 ct
1222 748 1536 778 Demonstrativum
1556 748 1687 787 promie-

983 807 1040 828 cue
1067 806 1128 838 pro
1158 806 1193 827 se
1224 796 1366 828 invicem
1398 797 1551 837 usurpari
1570 806 1685 837 posse.

984 846 1026 877 Id
1056 847 1146 888 quod
1173 847 1207 877 in
1238 846 1431 877 universum
1467 847 1621 878 omnibus
1651 847 1686 878 in

985 896 1121 936 linguis,
1145 901 1179 927 et
1207 896 1240 926 in
1258 896 1412 927 omuibus
1440 896 1606 936 exemplis
1630 906 1686 928 vo-

986 947 1196 984 cabulorum,
1212 955 1353 987 quorum
1371 945 1460 976 aliud
1478 945 1608 977 scilicet
1625 955 1687 986 pro

988 997 1052 1028 alio
1070 997 1216 1037 positum
1231 997 1377 1036 dicatur,
1388 1007 1454 1028 non
1467 998 1583 1038 utique
1597 1007 1690 1038 pror-

987 1056 1042 1077 sus
1070 1047 1363 1087 Synonymorum3
1387 1057 1453 1078 non
1482 1051 1598 1087 potest
1621 1055 1688 1078 non

987 1107 1059 1128 esse
1077 1098 1334 1137 ineptis-sunum.
1369 1098 1476 1128 Clark.
1520 1097 1576 1128 Sic
1592 1107 1620 1129 c.
1636 1100 1689 1128 54.

986 1148 995 1164 ‘
1013 1149 1139 1187 (laesar,
1167 1157 1243 1179 cum
1270 1148 1310 1179 de
1330 1149 1503 1179 voluntate
1531 1147 1689 1178 adversa·

988 1199 1111 1229 riorum
1141 1208 1177 1229 se
1215 1199 1354 1238 spoliari
1391 1199 1517 1229 nemini
1548 1197 1689 1229 dubium

987 1249 1086 1280 erat!
1137 1250 1174 1279 Β.
1209 1249 1246 1280 C.
1277 1259 1301 1279 1.
1329 1251 1381 1280 24.
1417 1251 1545 1288 ‘atque
1575 1248 1618 1279 ad
1652 1256 1689 1279 se

987 1300 1204 1330 Brundisium
1230 1300 1274 1330 sit
1292 1302 1482 1329 venturus?
1506 1299 1539 1329 id
1564 1303 1629 1337 est,
1647 1297 1688 1328 ad

987 1349 1202 1388 Pompeium,
1225 1349 1267 1379 ad
1305 1359 1403 1388 quem
1434 1349 1573 1380 scribit:
1599 1347 1690 1389 quod

987 1400 1074 1430 male
1090 1404 1234 1430 mutant.
1273 1399 1360 1433 Vide
1376 1400 1477 1430 etiam
1491 1399 1534 1430 ad
1545 1400 1574 1430 B
1591 1398 1692 1431 Alex.

989 1460 1016 1481 c.
1030 1452 1083 1480 38.
1102 1449 1141 1480 B.
1160 1448 1268 1480 Afric.
1286 1459 1316 1480 c.
1333 1452 1384 1481 49.
1404 1453 1454 1481 57.

1035 1508 1082 1530 ιι.
1105 1504 1124 1532 4
1150 1500 1318 1541 Itinerum]
1376 1501 1459 1531 Vult
1482 1499 1624 1532 floribus
1654 1504 1692 1532 et

989 1550 1124 1582 coronis
1148 1559 1333 1590 conspersa
1349 1560 1444 1582 esse:
1469 1550 1559 1591 quod
1575 1549 1690 1581 facere

991 1602 1070 1633 olim
1109 1602 1252 1642 populus
1292 1601 1423 1632 solebat
1455 1611 1530 1632 cum
1569 1600 1691 1641 gaudio

990 1652 1136 1693 aliquem
1153 1656 1374 1692 excepturus.
1420 1651 1521 1682 Unde
1550 1650 1692 1691 legimus

990 1700 1024 1732 in
1042 1702 1189 1743 Polybio
1205 1703 1241 1734 Τ.
1255 1701 1446 1741 Quintium,
1458 1711 1532 1732 cum
1550 1700 1691 1732 liberam

992 1752 1162 1783 Graeciam
1182 1750 1397 1792 pronunciari
1414 1751 1582 1791 jussisset,
1598 1758 1692 1780 coro-

990 1811 1109 1833 narum
1145 1795 1304 1841 conjectu
1329 1801 1540 1832 honoratum.
1581 1800 1619 1830 oi
1648 1798 1692 1839 δὲ,

990 1851 1240 1891 ἰηηιιίῐ,πολλοὶ
1265 1849 1437 1889 στεφάνους
1466 1848 1694 1889 ἐπιῤῥίπτοντες

991 1899 1040 1930 καὶ
1057 1898 1252 1937 λημνίσκους.
1300 1900 1344 1930 Et
1368 1900 1410 1930 de
1427 1900 1572 1931 Curione
1587 1904 1629 1931 tr.
1647 1901 1692 1939 pl.

992 1950 1037 1980 ait
1056 1950 1271 1987 Plutarchus,
1295 1958 1372 1980 eum
1388 1954 1549 1990 superato
1566 1950 1598 1980 in
1626 1949 1695 1980 sur*-

991 1999 1108 2040 t'ragiis
1120 1999 1283 2039 Pompeio
1293 1998 1412 2031 (lorum
1428 2000 1586 2041 conjectu
1599 1999 1692 2040 plau-

992 2059 1099 2090 suque
1126 2059 1144 2079 a
1177 2049 1278 2089 plebe
1307 2054 1492 2089 exceptum
1522 2058 1614 2081 esse:
1639 2049 1691 2080 κά-

992 2101 1089 2130 κεῖνος
1103 2098 1160 2138 μὲν
1175 2100 1213 2130 ὡς
1226 2100 1385 2136 νενικηκὼς
1401 2099 1539 2141 λαμπρὸς
1561 2099 1619 2130 ὑπὸ
1633 2111 1694 2139 χα-

992 2152 1046 2190 ρᾶς
1073 2149 1114 2182 εἷς
1139 2149 1194 2180 τὸν
1222 2151 1316 2189 δῆμον
1342 2149 1487 2189 ἐξήλατο,
1521 2148 1618 2190 κρότῳ
1643 2149 1694 2181 καὶ

992 2201 1103 2235 βολαῖς
1135 2198 1296 2239 στεφάνων
1318 2199 1368 2230 καὶ
1396 2199 1493 2231 ἆνθῶν
1532 2199 1694 2239 δεξάμενον

993 2250 1098 2282 αὐτόν.
1156 2249 1266 2281 Addit
1297 2254 1411 2281 antem
1444 2251 1483 2281 ὡς
1510 2250 1672 2287 νενικηκώς
1683 2261 1697 2289 ;·

994 2306 1030 2333 ut
1048 2300 1206 2333 ostendat
1222 2300 1338 2332 solitos
1350 2301 1497 2333 victores
1513 2310 1554 2333 eo
1567 2301 1694 2332 honore

994 2351 1104 2383 affici:
1140 2361 1217 2382 nam
1240 2360 1340 2382 nemo
1363 2351 1495 2392 ignorat
1519 2351 1635 2383 solitos
1658 2351 1692 2381 in

993 2402 1071 2434 Grae
1079 2401 1131 2432 cia
1147 2400 1306 2441 athletas,
1324 2406 1360 2433 et
1375 2402 1618 2442 olympionicas
1634 2398 1692 2431 flo-

994 2462 1067 2482 rum
1093 2452 1191 2492 jactu
1216 2451 1294 2490 coli,
1309 2451 1397 2482 unde
1413 2457 1503 2483 notae
1526 2451 1591 2481 iuae
1606 2449 1694 2481 ἀνθο·

993 2501 1116 2541 βολίας,
1143 2505 1179 2533 et
1202 2501 1417 2541 φυλλοβολίας
1445 2511 1556 2532 vocem
1612 2500 1691 2531 Non

994 2551 1075 2582 solis
1091 2555 1206 2582 tamen
1237 2551 1386 2589 athletis,
1406 2550 1464 2581 sed
1487 2555 1523 2580 et
1547 2550 1693 2581 maximo

995 2601 1115 2641 cuique
1130 2600 1208 2631 duci
1222 2601 1254 2631 id
1267 2601 1398 2631 honoris
1410 2600 1559 2631 habitum
1577 2610 1586 2637 ;
1603 2600 1693 2641 quod

996 2656 1032 2682 et
1045 2651 1213 2691 Pompeio
1223 2650 1384 2682 accidisse
1398 2660 1415 2681 e
1431 2650 1615 2681 Plutarcho
1627 2650 1694 2681 dis-

998 2700 1114 2732 cimus.
1164 2700 1298 2730 Vossius.
1345 2700 1414 2730 Pro
1438 2700 1626 2740 locorumque
1639 2709 1695 2730 ex-

997 2755 1064 2783 stat
1090 2751 1124 2782 in
1154 2751 1262 2792 Bong.
1292 2760 1344 2794 pr.
1366 2751 1489 2793 Scalig.
1520 2751 1615 2784 Lcid.
1639 2761 1694 2794 pr.
