1818 3131
244 190 356 232 1:314

243 297 445 336 nquarentur.
507 290 572 322 Sed
609 290 758 331 arlaquuri
796 289 948 321 occurrit

245 356 377 388 quoque
395 343 486 384 apud
504 343 599 382 alios,
626 343 674 374 uti
691 347 726 373 et
745 343 783 373 B.
802 343 840 372 C.
856 344 945 372 1.66.

243 394 456 436 ‘adaquandi
485 394 624 425 caussa!
685 393 773 425 Item
802 393 834 423 in
863 393 945 423 Lov.

245 447 329 478 Cod.
363 446 402 476 B.
434 444 541 477 Afric.
572 455 602 476 c.
639 448 691 478 2-1.
729 444 945 485 ‘adaquandi

246 496 363 536 gratia’
387 499 424 527 et
439 495 472 525 iu
489 495 563 526 aliis
577 505 606 527 c.
623 498 676 526 41.

288 553 378 576 xLu.
404 548 420 575 1
445 544 608 576 Scandulis
623 545 788 585 complent]
811 544 946 575 Primus

242 594 426 626 Turnebus
442 595 506 625 hoc
523 595 598 625 loco
623 595 768 625 scindulis
790 593 947 625 emenda-

244 645 308 676 vit.
362 645 501 677 Orosius
537 645 571 675 in
607 645 721 676 multis
757 644 948 683 exscriptor

245 695 389 728 Caesaris
404 696 561 726 scandulis
575 695 689 727 habet.
735 694 857 725 Frecul
863 693 947 733 plius

243 746 434 786 exscriptor
471 746 585 777 Orosii
623 746 766 776 sindulis.
819 743 887 774 Sed
913 743 946 773 in

241 797 372 837 optimo
395 801 430 828 et
456 797 658 836 perantiquo
683 794 794 825 Orosii
818 793 948 832 codice,

242 855 342 887 quem
359 846 426 877 Ms.
453 846 626 883 habemus,
643 844 775 875 invenio
801 843 948 874 scindulis

242 894 295 935 (et
334 896 381 926 sic
416 895 508 935 apud
545 894 696 925 Hirtium
738 893 864 933 legitur
914 893 946 923 in

244 945 327 976 Mss.
346 945 454 976 Norv.
470 954 508 975 ac
523 944 671 983 Brant.).
706 943 858 975 Isidorus
870 951 948 974 xxx.

716 195 855 226 No'rAE
892 196 905 223 ἱ
921 193 1152 225 ARIORUM
1187 192 1236 222 ΙΝ

1000 293 1067 329 get.
1083 297 1124 319 ιι.
1141 290 1195 319 23.
1214 292 1222 304 ‘
1236 288 1291 318 Dc
1307 285 1429 325 tegulis
1440 286 1492 317 vel
1504 286 1698 319 scandulis!

1000 339 1068 370 Ubi
1085 339 1169 369 Mss.
1186 337 1258 377 ejus
1274 339 1305 366 7.
1324 336 1373 367 uti
1390 340 1425 366 et
1440 336 1547 368 Scriv.
1572 336 1700 367 habeut

999 389 1032 419 i.-
1057 394 1091 420 at
1116 389 1198 419 Mss.
1231 389 1262 418 4.
1285 396 1304 417 a
1330 396 1384 416 me
1415 386 1477 416 visi
1503 396 1523 416 a
1550 391 1699 417 servant.

1000 439 1079 478 Ipse
1098 442 1211 469 autem
1229 447 1305 468 cum
1322 436 1514 467 Wouwerio
1531 436 1664 468 derivat
1681 445 1701 466 a

998 499 1082 520 voce
1119 487 1328 526 σκινδαλμόςε
1376 487 1418 518 (le
1459 497 1524 528 qua
1561 487 1700 518 consule

999 538 1110 569 Schol.
1128 537 1301 578 Aristoph.
1319 538 1362 569 ad
1380 537 1471 568 Nub.
1489 540 1562 569 130.
1587 537 1702 568 Ranas

999 590 1073 618 835.
1111 587 1264 628 Hesych.
1304 593 1339 620 et
1377 588 1526 620 Suidam.
1571 588 1700 619 Verum

999 637 1086 668 Mss.
1102 636 1135 666 in
1151 637 1296 677 Apuleio
1320 642 1355 668 et
1381 637 1468 669 Edd.
1496 639 1592 669 Vett.
1624 648 1702 679 pro-

1000 692 1153 727 pugnant
1177 685 1214 716 τὸ
1236 688 1413 717 scandulare
1448 691 1572 718 tectum.
1628 688 1702 728 Ego

1000 737 1096 767 Patri
1113 736 1232 767 Vossio
1249 736 1388 775 accedo,
1403 740 1438 766 et
1454 736 1508 767 hic
1522 737 1669 767 scindulis
1682 747 1704 768 a

999 786 1199 825 scindendo,
1234 787 1269 817 in
1308 786 1451 826 Apuleio
1478 787 1659 820 scandulare
1682 797 1703 818 a

997 838 1167 868 scandendo
1187 837 1274 877 lego.

1042 893 1060 920 5
1087 890 1230 921 Flamma
1253 890 1379 931 existit]
1401 891 1537 922 Carrar.
1564 889 1703 922 Norvic.

1000 939 1163 980 Gottorp.
1192 941 1290 971 Voss.
1321 945 1355 971 et
1385 940 1549 980 Egmond.
1574 939 1702 972 habent

245 998 297 1026 19.
342 993 560 1033 ‘Scindulae‚'
595 993 718 1034 inquit,
763 994 772 1009 ‘
789 1002 829 1024 eo
857 993 948 1034 quod
989 989 1124 1030 stamma
1147 989 1277 1021 extitit.-
1311 994 1346 1020 et
1373 994 1411 1020 ut
1431 990 1480 1020 ita
1505 993 1702 1030 reponatur,

242 1044 456 1084 scindantur,
503 1049 539 1075 et
582 1043 803 1075 dividantur!
862 1043 948 1074 Sunt

242 1095 397 1125 wmdulae
421 1094 557 1125 tabellae
574 1103 592 1125 e
609 1094 712 1133 ligno,
739 1093 860 1134 quibus
877 1093 947 1133 tegi

244 1143 335 1175 aedes
351 1144 467 1181 solitas
497 1144 615 1174 Romae
641 1153 683 1173 ex
715 1143 823 1174 Plinio
849 1142 948 1172 disci-

243 1203 329 1225 mus.
378 1193 560 1234 Hodieque
587 1203 650 1233 pro
681 1193 722 1223 iis
749 1193 900 1223 lamellas
927 1202 945 1223 e

242 1244 358 1284 lapide
372 1253 585 1284 usurpamus,
600 1253 675 1284 quae
703 1242 846 1273 sortasse
869 1241 945 1273 iude

243 1294 334 1334 apud
373 1294 479 1325 Italos
510 1294 641 1332 scaglia,
679 1293 787 1324 Gallis
815 1294 946 1331 escaille,

242 1346 339 1377 nobis
364 1346 479 1376 schulie
510 1344 683 1382 dicuntur,
713 1344 839 1375 extrito
865 1345 946 1374 ndu:

244 1396 335 1438 quod
367 1396 401 1426 in
425 1395 542 1435 lingua
578 1398 694 1425 nostra
726 1403 848 1424 novum
880 1403 947 1424 non

243 1450 306 1484 est,
330 1455 405 1476 cum
445 1454 506 1485 pro
544 1445 671 1483 tanden,
693 1444 716 1474 i.
755 1453 785 1474 e.
816 1443 948 1483 dentes,

243 1496 347 1527 etiam
365 1495 447 1527 ta'‹-n
463 1495 634 1533 dicamus3
659 1504 718 1535 pro
735 1494 852 1533 laeden,
869 1502 948 1525 one-

245 1556 334 1585 rare,
355 1546 444 1578 Ιαέη.
492 1545 582 1576 Usus
611 1554 653 1575 ea
677 1554 759 1575 voce
779 1548 815 1575 et
833 1543 947 1575 Vitru-

245 1597 321 1626 rius
363 1605 402 1626 11.
435 1599 464 1626 1.
507 1599 543 1625 et
578 1593 765 1625 Columella
800 1602 880 1625 un.
913 1596 944 1624 3.

242 1646 252 1664 ‘
266 1646 334 1677 Sed
353 1646 395 1677 ab
412 1646 552 1678 cohorte
566 1644 754 1675 forinsecus
771 1643 944 1684 praedictis

243 1695 435 1728 fenestellis
467 1695 641 1727 scandulae
661 1694 816 1725 similiter
838 1694 946 1734 iujun-

243 1751 337 1787 gant,
354 1747 474 1787 quihus
491 1747 645 1786 irrepant
662 1754 741 1775 aves
772 1744 812 1775 ad
839 1745 945 1785 requi-

243 1807 296 1828 em
313 1796 535 1828 nocturnam.y
581 1796 665 1826 Mihi
679 1804 758 1826 sane
769 1795 945 1826 Turnebus

243 1847 408 1878 audacter
424 1846 520 1877 nimis
537 1845 660 1885 ubique
684 1845 830 1875 scindulis
847 1854 945 1884 repo-

243 1905 324 1927 nere
350 1895 497 1933 videtur,
528 1904 604 1925 curn
628 1894 658 1923 in
689 1893 821 1924 cunctis
838 1893 944 1933 scrip-

243 1947 375 1978 toribus
400 1945 469 1977 fcre
492 1944 644 1975 scandulae
671 1943 882 1983 reperiatur:
910 1948 944 1973 et

244 1995 407 2037 Apuleius
432 1996 576 2025 Metam.
607 1994 807 2032 l.111.p.5.1.
832 1998 943 2023 ‘si-an-

243 2046 362 2078 dulare
394 2046 534 2077 tectum’
570 2044 672 2082 dicat,
710 2051 743 2073 ct
775 2044 807 2073 in
838 2042 874 2074 ff.
903 2044 943 2075 :lc

238 2097 319 2137 jure
354 2096 519 2126 immunit.
546 2095 569 2125 Ι.
599 2094 659 2125 ult.
681 2094 944 2124 scandulariorum

242 2146 369 2177 mentio
386 2145 456 2176 fiat.
502 2144 601 2183 Vide,
624 2154 699 2185 qum
726 2144 766 2174 (le
784 2142 844 2174 hac
865 2153 944 2174 voce

242 2197 375 2228 notavit
393 2206 513 2235 pareus
531 2205 622 2225 meus
647 2194 680 2224 in
709 2194 944 2233 litymologico

241 2257 315 2279 suo.
345 2248 476 2278 assius.
522 2245 877 2286 vocis-hujusincerta
894 2252 945 2275 est

242 2299 412 2339 scriptura
451 2308 520 2338 prre
562 2297 718 2327 codicum
764 2295 942 2326 varietate.

242 2348 344 2388 Apud
361 2348 462 2379 Oros.
488 2357 536 2378 vr.
564 2350 612 2377 Η.
631 2346 715 2377 Mss.
740 2344 812 2376 sere
829 2356 943 2377 omnes

241 2398 392 2428 scindulis
418 2399 467 2428 vri
489 2397 631 2428 sindulis.
673 2397 833 2427 Eanulcm
861 2397 944 2429 dant

241 2446 469 2478 confusionem
509 2446 572 2476 viri
611 2446 703 2476 ducti
742 2446 773 2476 in
809 2446 943 2486 Apulei.

242 2497 266 2528 1.
290 2506 345 2527 ιιι.
378 2496 434 2527 ubi
459 2497 596 2526 consule
631 2505 687 2526 eos·
727 2506 759 2536 p.
799 2499 851 2527 4-1.
880 2497 942 2528 Ed.

243 2548 340 2579 Colv.
378 2548 442 2579 Hic
455 2548 943 2584 etiamOxon.1‘111111.sche‹t.

244 2599 370 2630 Lovan.
388 2604 420 2629 et
440 2598 570 2629 Brantii
588 2608 625 2629 ac
651 2598 707 2629 alii
735 2601 753 2628 ⁴
777 2599 943 2629 rect-mio-

244 2658 298 2680 res
313 2650 468 2680 scindulis.
487 2642 489 2645 Α
513 2648 600 2678 Vide
620 2648 765 2679 Turneb.
797 2648 941 2679 Advers.

245 2707 338 2730 xxn.
371 2702 421 2731 18.
449 2699 504 2730 cui
531 2698 621 2729 inter
654 2698 737 2730 alios
763 2698 942 2729 adsensum

244 2749 378 2789 praebet
405 2748 572 2781 Stewech.
598 2747 640 2780 ad
667 2747 803 2790 Apulei.
828 2754 863 2780 et
878 2749 943 2780 Ve-

993 1039 1119 1080 jubent
1157 1040 1346 1081 sequentia.
1384 1040 1495 1072 Dacis.
1531 1049 1604 1071 cur.
1632 1049 1703 1071 sec.

1001 1090 1141 1121 Exstilit
1153 1091 1254 1121 etiam
1271 1091 1354 1122 Mss.
1370 1090 1435 1121 mei
1458 1094 1494 1120 et
1519 1088 1606 1121 Edd.
1634 1089 1701 1129 pri-

1000 1150 1074 1171 rnae.
1123 1141 1249 1171 Est-istit
1276 1145 1388 1171 tamen
1405 1144 1542 1171 exstare
1562 1139 1702 1171 videtur

999 1191 1033 1221 in
1047 1190 1138 1222 And.
1155 1196 1191 1222 et
1208 1191 1320 1222 Oxcn.
1365 1190 1430 1222 Sed
1445 1200 1563 1230 parum
1582 1188 1700 1222 refert.

1001 1240 1057 1271 De
1082 1241 1114 1271 vi
1142 1241 1238 1272 verbi
1269 1240 1323 1271 adi
1354 1241 1395 1271 ad
1426 1249 1473 1271 vr.
1503 1244 1535 1272 5.
1558 1240 1700 1272 ‘Motus

999 1289 1164 1321 exsistat.'

1041 1343 1062 1370 6
1087 1340 1137 1370 Εα
1173 1341 1271 1370 vineis
1307 1344 1337 1370 ct
1373 1350 1488 1379 aggere
1525 1339 1703 1381 suppressa]

999 1388 1199 1430 Supprimere
1227 1390 1282 1420 hic
1310 1399 1376 1421 non
1403 1388 1608 1430 ἀποκρύπτειν
1635 1394 1701 1430 est,

1000 1440 1058 1470 sed
1075 1440 1272 1481 reprimere,
1291 1445 1350 1472 aut
1378 1440 1540 1478 retinere,
1563 1441 1617 1471 vel
1634 1450 1703 1472 mo-

1001 1490 1079 1530 rari,
1105 1495 1143 1520 ut
1175 1490 1249 1530 ipse
1276 1490 1410 1522 Hirtius
1443 1490 1601 1530 explicat.
1644 1489 1700 1522 Sic

1000 1540 1114 1571 Caesar
1137 1542 1177 1572 de
1192 1541 1281 1572 bello
1300 1541 1399 1572 Civili
1417 1540 1502 1571 dixit
1517 1541 1540 1571 1.
1557 1549 1581 1572 1.
1605 1541 1615 1558 ‘
1633 1540 1700 1572 iter

998 1591 1231 1632 supprimere&
1254 1601 1315 1632 pro
1340 1591 1512 1623 retrahere
1536 1600 1571 1622 se
1587 1589 1630 1622 ab
1646 1590 1700 1622 iti—

997 1651 1091 1681 nere,
1115 1646 1150 1672 et
1178 1642 1291 1673 Livius
1321 1641 1407 1673 libro
1435 1640 1594 1682 septimo,
1616 1640 1699 1672 ‘im-

998 1696 1114 1731 petum
1153 1692 1391 1733 supprimere,’
1423 1701 1484 1732 pro
1521 1692 1698 1731 reprimere.

1004 1743 1138 1773 Vossius.
1184 1743 1240 1774 Ita
1277 1742 1510 1783 ‘supprimere
1547 1740 1700 1773 classem¹

997 1794 1085 1833 apud
1130 1794 1257 1833 Nepot.
1292 1792 1436 1823 Timoth.
1472 1793 1502 1822 3.
1536 1790 1699 1832 ‘Subpri-

997 1853 1088 1873 inere
1109 1843 1268 1873 habenas⁷
1292 1841 1417 1873 Ovidio
1440 1841 1517 1871 Art.
1539 1840 1616 1871 Am.
1640 1850 1698 1872 111.

996 1895 1070 1922 407.
1132 1892 1252 1923 Eidem
1285 1891 1371 1921 Met.
1403 1899 1462 1920 xv.
1492 1891 1565 1920 282.
1592 1889 1697 1921 ‘Sub-

998 1941 1104 1981 pressi
1134 1940 1268 1972 fontes.'
1314 1940 1369 1970 Ita
1395 1944 1430 1970 et
1465 1938 1697 1978 ‘subprimere

996 1993 1126 2023 hostem
1154 1991 1400 2033 insequentem’
1423 1991 1464 2021 B.
1497 1990 1570 2021 Civ.
1595 1999 1620 2020 1.
1644 1994 1697 2021 45.

997 2042 1051 2072 ubi
1071 2041 1146 2072 vide
1163 2043 1252 2073 Dav.

1003 2111 1007 2113 Α
1042 2095 1079 2122 12
1116 2092 1217 2127 Quam
1257 2092 1380 2132 quisque
1411 2094 1533 2131 poterat
1564 2091 1697 2123 maxime

995 2144 1144 2185 insignis]
1169 2144 1270 2180 Quam
1285 2155 1352 2175 non
1369 2148 1558 2185 agnoscunt
1571 2144 1697 2176 Lovan.

1000 2194 1136 2225 Norvic.
1154 2199 1189 2225 et
1213 2194 1345 2225 Buslid.
1390 2194 1442 2225 Ac
1456 2197 1579 2234 poterat
1600 2194 1699 2226 abest

997 2245 1038 2276 ab
1064 2245 1229 2284 Egmoud.
1275 2245 1368 2285 Lege
1392 2246 1438 2274 ita
1460 2245 1588 2284 quisque
1610 2254 1698 2276 max-

997 2295 1056 2326 ime
1086 2295 1232 2334 insignia
1265 2296 1317 2334 ὅγε.
1363 2294 1474 2325 Daris.
1519 2303 1590 2326 cur.
1627 2303 1695 2325 sec.

999 2345 1089 2375 Male
1103 2345 1251 2383 omnino,
1275 2355 1351 2375 nam
1377 2345 1478 2379 Quam
1500 2343 1622 2384 quisque
1640 2352 1695 2383 po-

996 2398 1077 2426 terut
1098 2395 1225 2436 optime
1242 2395 1348 2425 edidit
1364 2395 1535 2434 Scaliger:
1561 2402 1635 2424 cum
1659 2392 1693 2422 in

996 2446 1110 2476 Ursin.
1128 2451 1218 2476 esset
1235 2447 1327 2476 itaut
1344 2455 1432 2486 quam
1455 2455 1472 2484 q
1499 2455 1510 2480 ,·
1533 2448 1567 2474 et
1591 2447 1694 2473 antea

996 2495 1214 2526 exhiberetur
1236 2496 1287 2525 Ita
1311 2498 1346 2525 ut
1368 2496 1494 2534 quisque
1515 2503 1547 2532 μ.
1565 2492 1613 2522 uti
1640 2497 1694 2523 est

996 2546 1028 2575 in
1068 2546 1149 2576 Mss.
1186 2546 1309 2576 multis,
1365 2543 1542 2575 Parin-uia
1579 2547 1694 2573 autem

995 2596 1067 2626 haec
1085 2595 1180 2626 abest
1197 2606 1216 2626 a
1240 2595 1321 2625 Mss.
1337 2604 1409 2630 sex,
1429 2593 1487 2623 Ed.
1512 2594 1581 2623 luc.
1605 2597 1642 2624 et
1658 2593 1692 2623 in

995 2647 1091 2677 Yoss.
1120 2656 1187 2676 sec.
1238 2646 1289 2676 Itu
1325 2644 1460 2685 quisquis
1496 2647 1527 2673 ut
1567 2653 1600 2683 p.
1632 2642 1693 2673 sed

994 2691 1228 2738 quamdiserte
1253 2701 1365 2726 exstat
1391 2695 1424 2725 in
1453 2694 1574 2725 Petav.
1603 2692 1693 2725 And.

995 2747 1106 2780 Oxou.
1124 2746 1221 2778 Leid.
1237 2755 1289 2787 pr.
1312 2745 1436 2786 Scalig.
1453 2754 1514 2786 pro
1531 2747 1690 2786 quantum.
