1818 3131
226 223 336 264 1030

224 327 421 369 bone,(quae
437 331 514 358 sunt
530 327 686 359 civitates
710 328 830 360 Galliae
849 339 924 370 pro·

223 377 343 408 vinciae
360 377 511 408 finitimae
523 377 573 407 his
589 378 923 419 regionibus,)non1i-

222 427 351 466 natim‚'
376 430 440 457 (ke.
471 431 504 457 et
530 428 581 459 Cl.
606 428 742 469 quidem
766 430 921 462 Clarkius

220 477 309 508 hane
338 477 518 507 lectionem
535 479 740 510 auctoritate
758 480 840 511 Msti
860 482 922 511 Re-

221 527 267 567 gii
283 527 437 564 munivit,
451 537 489 557 ac
505 528 627 559 merito
643 529 812 569 probavit.
856 531 922 562 Da-

218 577 278 608 m's.
301 586 374 608 cur.
391 587 458 609 sec.
506 579 575 609 Mei
593 589 706 610 omnes
722 585 857 611 servant
871 592 921 613 ex.

210 627 362 670 finitimae
377 639 452 659 cuni
471 629 586 660 Galliae
606 631 815 671 jungendum
831 644 838 663 :
864 633 921 663 do-

218 686 282 709 nec
297 679 424 710 certius
442 679 522 719 quid
549 680 660 711 idonci
689 681 824 712 Codicis
843 692 918 713 auc-

219 728 339 759 toritas
357 735 525 768 suggerat.
573 730 614 760 V.
632 739 655 760 1.
676 734 725 761 16.

263 780 303 808 12
332 778 564 815 'l'irisfhrtibns
579 780 759 810 nominatim
774 782 921 821 evocatio]

217 826 274 859 Ad
292 829 383 859 illuni
402 839 528 859 niort-iu
546 831 695 869 respexit
711 831 800 861 haud
819 831 922 862 dubie

219 878 374 909 Donatus
403 888 478 909 cum
507 880 549 909 ad
575 881 730 911 Terentii
768 881 814 912 ait
848 882 921 914 liaec

218 928 320 959 verbu
335 940 341 959 :
375 931 384 945 ‘
402 929 550 969 Simalio,
566 931 702 969 Donax,
719 932 852 972 Syrisce
869 943 921 964 se-

217 979 366 1018 quimini.
414 979 641 1020 Hujusinodi‚’
666 981 789 1022 inquit,
810 983 819 1000 ‘
837 983 921 1015 mili-

217 1029 266 1059 tia
283 1038 343 1068 per
359 1031 537 1061 tumultuin
555 1038 698 1072 repente
722 1034 919 1075 suscipitur,

217 1083 250 1108 et
268 1077 395 1110 dicitur
414 1081 589 1120 Evoentio,
607 1082 662 1113 ubi
689 1083 758 1114 dux
782 1084 919 1125 alloqui-

218 1132 274 1158 tur
297 1129 389 1160 cives
404 1141 410 1160 :
447 1131 514 1162 Qui
543 1132 663 1172 Reuip.
692 1134 819 1164 salvam
847 1145 919 1166 esse

216 1180 302 1218 vult,
319 1190 371 1211 nie
387 1182 588 1222 sequiinini.'
635 1184 724 1214 Nam
740 1185 844 1217 ethic
861 1196 919 1217 no-

212 1230 367 1261 minatim
390 1232 539 1269 Simalio,
562 1234 698 1271 Donax‚
713 1240 749 1266 et
765 1236 918 1276 Syriscus

216 1286 391 1312 vocantur.
436 1283 503 1313 Sed
522 1282 653 1314 fallitur
677 1284 710 1315 in
739 1295 779 1316 eo
803 1287 918 1317 Dona-

215 1334 282 1369 tus,
297 1332 386 1372 quod
403 1333 450 1363 uit
466 1335 698 1366 evocationem
724 1345 785 1376 per
798 1337 920 1367 tumul-

216 1384 286 1411 tum
304 1380 390 1412 lieri.
436 1384 491 1414 De
510 1385 748 1424 conjuratione
765 1386 847 1417 illud
864 1397 918 1417 ve-

214 1439 299 1469 rum,
315 1436 350 1462 et
374 1436 444 1463 tum
470 1434 538 1464 dux
565 1435 680 1467 (licere
701 1436 799 1477 solet,
822 1438 831 1453 ‘
851 1437 918 1469 Qui

215 1481 337 1521 Remp.
364 1483 491 1514 salvam
517 1493 592 1515 esse
621 1486 705 1524 vult,
720 1495 773 1516 me
798 1495 918 1527 sequa-

213 1535 271 1561 tur
287 1532 307 1560 :'
344 1542 453 1574 neque
469 1534 550 1564 illud
568 1536 736 1575 evocatio,
760 1536 818 1567 sed
843 1546 919 1568 con-

206 1581 334 1619 juratio
358 1583 549 1615 dicebatur.
590 1585 726 1626 Neque,
743 1585 832 1626 quod
850 1587 919 1627 qui-

214 1631 290 1662 dem
308 1642 370 1670 ego
387 1634 502 1672 sciam,
516 1635 716 1666 nominatim
742 1636 777 1666 in
804 1638 919 1677 conju-

214 1683 341 1713 ratione
361 1683 442 1714 illud
467 1683 540 1715 ficri
557 1685 706 1725 solitum,
720 1686 779 1716 sed
794 1687 918 1726 simpli-

213 1733 313 1771 citer,
330 1733 398 1773 illa,
421 1744 495 1775 quae
519 1735 677 1776 diximus,
698 1736 802 1768 verba
825 1736 916 1768 dice-

215 1783 349 1822 bantur,
363 1789 397 1815 et
411 1785 510 1816 simul
533 1790 602 1816 tum
615 1786 799 1826 jurabant:
827 1788 916 1818 unde

205 1839 248 1864 ,et
264 1834 487 1874 conjurationi
504 1845 637 1867 nomen.
689 1837 823 1868 Vossius.

254 1883 438 1923 Sotiatium]
483 1885 537 1916 Sic
554 1886 650 1917 hodie
669 1888 793 1927 passim
809 1887 915 1919 edunt

212 1943 253 1963 ex
267 1934 392 1972 Plinio,
410 1941 444 1966 et
463 1935 545 1966 Mss.
567 1936 690 1968 Ursini.
737 1937 844 1968 Immo
861 1947 915 1968 au-

207 1986 332 2020 ,dacter
348 1987 515 2018 Cellarius
527 1987 573 2018 ait
587 1988 619 2018 in
634 1989 712 2019 Vct.
731 1989 913 2020 Codicibus

212 2046 284 2067 esse
302 2037 448 2077 Sotiates,
475 2043 511 2068 et
539 2039 627 2069 male
655 2039 686 2069 in
712 2039 823 2070 Editis
840 2040 915 2072 Sun—

211 2087 323 2117 iiutes:
357 2088 452 2127 quasi
478 2088 585 2118 nullus
601 2089 710 2120 codex
727 2089 914 2122 Sontiatium

212 2143 246 2167 et
263 2137 419 2168 Sontiates
443 2148 521 2169 mox
549 2139 738 2170 exhiberet.
784 2139 832 2171 At
848 2150 913 2181 ego

211 2187 331 2217 testari
349 2197 483 2227 possum
508 2189 541 2219 in
566 2189 666 2220 Mstis
680 2199 799 2221 novem
816 2200 835 2221 a
859 2201 912 2222 me

211 2237 284 2277 ipso
300 2238 475 2278 inspectis,
493 2239 573 2270 item
592 2241 673 2271 Lov.
698 2239 823 2271 Petav.
848 2241 913 2281 Eg-

210 2287 326 2318 mund.
354 2292 389 2318 et
414 2290 541 2320 ceteris
564 2299 640 2320 curn
664 2290 749 2321 Mss.
771 2291 911 2322 aliorum

209 2338 387 2369 Sontiatum
404 2340 456 2370 vel
474 2339 666 2380 Soneiotum,
681 2344 716 2371 et
731 2350 808 2371 mox
833 2341 911 2372 Son-

208 2389 303 2419 tiates
327 2394 362 2419 et
388 2390 421 2419 in
449 2390 571 2421 Graeco
599 2391 837 2432 Metaphraste
853 2402 910 2423 ex-

208 2444 301 2470 stare
316 2450 323 2470 :
363 2441 514 2481 quamvis
547 2451 661 2473 veram
691 2452 766 2473 esse
796 2443 911 2474 lectio-

208 2499 286 2520 nem
315 2499 379 2521 non
408 2496 537 2531 putem,
554 2497 589 2523 et
614 2502 635 2522 n
660 2492 839 2533 inrepsisse
855 2503 909 2524 eo-

208 2541 285 2572 dem
300 2541 413 2581 modo,
431 2552 496 2582 quo
514 2552 614 2583 supra
628 2552 666 2574 11.
679 2546 709 2574 6.
725 2545 910 2574 succendunt

205 2601 271 2631 pro
299 2593 474 2622 succedunt.
540 2592 628 2623 Nam
659 2598 694 2623 et
723 2593 908 2624 Athenaeus

205 2642 231 2674 1.
248 2652 297 2673 vi.
313 2647 350 2673 ut
367 2642 530 2674 Cellarius
544 2643 714 2681 observat,
727 2644 778 2674 vel
797 2644 909 2684 potins

207 2692 324 2724 Nicol.
356 2694 560 2724 Damascen.
596 2693 764 2725 Σωτιάνους
798 2698 907 2726 vocat.

209 2742 276 2773 Adi
290 2744 435 2776 Casanb.
452 2744 495 2775 ad
511 2745 638 2776 Athen.
657 2755 689 2787 p.
705 2748 781 2777 436.
839 2746 908 2777 Sed

203 2793 327 2826 saltem
340 2793 499 2827 sociatum
511 2794 626 2836 edere,
650 2804 718 2829 nou
740 2794 908 2828 Sotiatium

688 232 828 264 NOTAE
862 232 1082 264 VARIORU
1093 233 1124 263 M
1160 234 1209 264 ΙΝ

973 328 1164 361 debuerant
1181 339 1188 358 :
1218 338 1294 360 cum
1309 337 1385 360 eam
1401 327 1674 361 terminationem

972 388 1038 409 non
1055 378 1257 409 confirment
1272 378 1428 410 Codices.

1016 433 1054 461 13
1090 432 1186 468 Cujus
1215 432 1345 461 ude-enta
1375 431 1497 469 cognito
1524 430 1676 471 Sotiates]

970 481 1117 512 ’Animas
1134 487 1232 512 vocat
1253 482 1330 518 Dio,
1345 482 1403 511 sed
1420 482 1570 521 corrupti
1586 482 1675 521 libri,

972 538 1010 564 ut
1032 533 1104 572 jam
1122 533 1176 562 alii
1192 538 1367 570 notarunt,
1391 539 1425 562 et
1450 532 1556 563 facilis
1579 542 1674 564 error

971 592 1011 612 ex
1029 582 1273 622 σωτιαίται,ῃειιη
1288 594 1308 612 o
1325 583 1356 613 iu
1373 595 1392 613 α
1407 583 1488 613 abiit
1503 594 1511 621 ;
1535 595 1577 614 ωτ
1593 584 1626 614 in
1638 595 1672 614 r.

978 633 1111 664 Vossius.

1015 691 1094 713 xxi.
1111 686 1129 712 5
1151 683 1284 713 Tandem
1302 681 1419 721 lumen]
1436 682 1475 712 Iu
1488 683 1571 713 Mss.
1586 683 1672 723 Reg.

971 733 1098 763 Eliens.
1115 738 1149 763 et
1166 732 1290 770 Vossii,
1317 732 1413 762 deest
1441 741 1504 761 vox
1526 733 1672 764 Tandem.

971 782 1011 813 lu
1049 781 1142 813 Edit.
1178 782 1258 813 Yet.
1292 782 1389 812 Rom.
1421 781 1516 811 deest
1548 781 1674 812 Tamen.

972 833 1079 863 Clark.
1140 832 1248 863 Deest
1275 832 1397 862 tandem
1423 831 1455 861 in
1482 831 1564 862 Mss.
1591 833 1674 863 meis

972 882 1125 914 omnibus
1153 887 1187 913 et
1214 884 1350 914 Cari-ar.
1376 892 1415 913 ac
1445 882 1506 912 Ed.
1523 882 1674 914 Incerta.

971 938 1091 964 contra
1105 936 1209 963 tamen
1227 933 1324 964 abest
1350 943 1369 963 a
1394 933 1518 964 ceteris
1537 933 1672 965 cunctis

971 982 1200 1020 Editionibus,
1227 982 1315 1023 quod
1345 983 1462 1021 sciam,
1493 992 1597 1024 usque
1629 983 1673 1014 ad

969 1033 1132 1072 Scaliger.
1148 1033 1204 1074 qui
1221 1033 1348 1074 primus
1359 1034 1506 1074 junctim
1520 1034 1674 1066 exhibuit

970 1085 1094 1114 tandem
1130 1087 1242 1115 tamen.
1298 1083 1366 1114 Sed
1404 1084 1501 1115 male.
1561 1085 1674 1117 Tamen

971 1133 1058 1163 idciu
1097 1135 1188 1164 valet
1226 1134 1312 1174 quod
1351 1135 1492 1174 denique„
1535 1137 1672 1166 tandem.

971 1184 1071 1215 Ovid.
1090 1185 1233 1216 Metam.
1252 1194 1290 1216 11.
1306 1187 1380 1215 336.
1401 1186 1408 1200 ‘
1426 1185 1673 1226 Exanimesque

968 1238 1060 1264 artus
1077 1235 1198 1275 primo,
1224 1244 1300 1265 mox
1320 1244 1393 1265 ossa
1411 1235 1597 1275 requirens,
1610 1236 1674 1267 Re-

970 1285 1059 1324 perit
1090 1295 1164 1316 ossa
1191 1289 1305 1325 tamn,
1329 1286 1509 1325 peregrina
1534 1286 1673 1318 condita

969 1333 1067 1374 ripa.'
1129 1335 1256 1367 sustin.
1284 1344 1372 1366 xxx.
1401 1339 1431 1367 2.
1456 1338 1464 1352 ‘
1483 1337 1577 1367 Mors
1603 1337 1672 1377 ejus

968 1384 1023 1415 diu
1047 1385 1218 1416 occultata
1239 1384 1327 1416 fuit.'
1372 1386 1421 1416 Re
1438 1390 1549 1416 tamen
1571 1386 1674 1425 cogni·

969 1438 1023 1466 ta:
1058 1435 1114 1465 nbi
1139 1436 1257 1467 eodem
1275 1435 1387 1474 modo,
1405 1440 1442 1466 ut
1458 1435 1524 1472 liic,
1537 1436 1673 1476 subjun-

970 1485 1061 1525 gitur
1074 1486 1117 1523 τῷ
1131 1485 1185 1516 diu
1197 1497 1207 1516 .·
1240 1495 1279 1517 ac
1295 1484 1484 1516 Scliefferus
1500 1485 1586 1516 male
1601 1495 1672 1516 mu-

970 1539 1044 1565 tare
1068 1540 1211 1566 conatur
1226 1536 1258 1565 in
1275 1536 1418 1566 tandem:
1451 1545 1516 1575 quo
1538 1535 1671 1566 nomine

970 1584 1055 1615 bene
1084 1594 1159 1615 eum
1188 1584 1404 1625 reprehendit
1428 1585 1672 1624 Broukhushrs,

969 1635 1027 1675 qui
1050 1645 1125 1666 cuin
1144 1635 1334 1666 Passeratio
1351 1634 1516 1665 videndus
1532 1634 1574 1665 ad
1589 1636 1672 1666 Pro-

969 1690 1058 1724 pert.
1078 1686 1130 1716 El.
1151 1694 1191 1716 11.
1209 1688 1249 1716 41.
1270 1687 1322 1715 76.
1344 1685 1353 1700 ⁴
1374 1684 1469 1715 Unde
1486 1689 1598 1716 tamen
1616 1694 1671 1716 ve-

967 1735 1062 1766 niant
1077 1740 1128 1767 tot
1145 1736 1242 1773 mala,
1267 1744 1362 1766 coeca
1378 1735 1431 1766 via
1451 1735 1525 1767 est!
1568 1735 1669 1768 Adde

968 1785 1085 1816 navis.
1102 1785 1143 1816 ad
1160 1794 1242 1816 vui.
1262 1788 1311 1816 19.

1009 1837 1030 1865 9
1045 1835 1134 1865 Alias
1147 1836 1306 1875 eruptione
1321 1838 1358 1872 t„
1371 1835 1466 1875 altas]
1487 1835 1669 1876 Eleganter

964 1884 1187 1916 Lovaniensis
1203 1892 1236 1916 et
1256 1886 1414 1917 Dorvillii
1428 1886 1493 1917 mei
1507 1886 1613 1918 eodd.
1628 1897 1667 1919 ac

966 1935 1059 1965 Edit.
1078 1937 1247 1976 princeps,
1263 1936 1402 1967 Mediol.
1418 1941 1453 1967 et
1471 1937 1554 1967 Ven.
1571 1938 1669 1970 omit-

966 1990 1042 2016 tunt
1070 1986 1213 2026 primum
1237 1987 1327 2018 ulios.
1382 1988 1483 2028 Vere,
1514 1992 1552 2019 ut
1581 1989 1668 2020 solet

965 2034 1145 2075 aliquoties
1183 2046 1259 2067 cuni
1289 2036 1361 2067 aliis
1392 2042 1519 2068 noster.
1578 2037 1667 2070 Vide

965 2086 1098 2116 omniuo
1116 2086 1157 2116 ad
1182 2095 1205 2117 1.
1232 2090 1262 2117 8.
1285 2087 1293 2103 ‘
1313 2087 1464 2118 Helvetii
1481 2097 1521 2118 ea
1535 2097 1596 2127 spe
1611 2088 1667 2120 de-

957 2136 1058 2175 jecti,
1073 2137 1129 2167 alii
1147 2137 1241 2167 vadis
1256 2137 1437 2177 Rhodanus
1453 2140 1516 2169 &tn
1542 2139 1664 2170 Forsan

964 2190 999 2216 et
1016 2185 1220 2225 ejiciendum
1238 2191 1291 2217 est
1316 2196 1345 2217 c.
1367 2190 1419 2218 25.
1443 2188 1451 2204 ‘
1469 2189 1582 2220 Quum
1608 2188 1664 2219 alii

964 2235 1067 2266 fossas
1094 2237 1320 2277 complerent,
1349 2238 1417 2277 alii,
1444 2238 1559 2269 inultis
1588 2238 1664 2270 telis

963 2287 1125 2327 conjectis
1140 2287 1159 2317 :’
1197 2292 1290 2318 certe
1330 2287 1500 2318 Leidensis
1536 2287 1663 2328 primus

961 2347 1027 2368 non
1044 2339 1209 2378 agnoseit.

1005 2391 1045 2419 10
1071 2390 1165 2428 Cujus
1189 2389 1235 2420 rei
1257 2392 1328 2420 sunt
1354 2389 1443 2428 longe
1464 2388 1662 2429 peritissimi]

961 2439 1021 2471 Ait
1037 2440 1163 2472 Gellius
1181 2449 1233 2471 ix.
1251 2443 1301 2471 14.
1319 2440 1327 2457 ‘
1344 2442 1383 2471 C.
1399 2442 1513 2472 Caesar
1528 2439 1560 2470 in
1578 2439 1662 2471 libro

959 2490 1002 2520 dc
1019 2489 1180 2531 Analogia
1197 2490 1345 2521 secundo
1359 2490 1455 2529 liujus
1475 2489 1542 2529 die,
1554 2493 1590 2520 et
1603 2490 1662 2521 liu-

954 2541 1012 2581 jus
1036 2541 1160 2581 specie,
1183 2540 1364 2572 dicendum
1389 2537 1509 2579 putat.'
1563 2540 1660 2572 Ciac-

959 2591 1076 2622 conius
1091 2595 1127 2622 et
1142 2590 1282 2621 Ursinus
1297 2590 1374 2620 liinc
1396 2588 1564 2621 affirmare
1577 2591 1661 2631 ausi,

958 2650 1024 2672 non
1040 2641 1086 2672 rei
1100 2641 1162 2671 hoc
1180 2641 1264 2678 loco,
1279 2639 1338 2670 sed
1362 2650 1396 2670 re
1415 2639 1632 2673 scribendum
1647 2653 1655 2673 :

958 2702 1066 2733 apage
1091 2702 1166 2722 cum
1189 2692 1311 2722 talibus
1335 2692 1443 2731 nugis.
1488 2693 1658 2734 Μαμμ-

955 2741 1149 2782 cies,sacie³,
1163 2746 1198 2773 et
1217 2751 1290 2782 quae
1307 2742 1372 2773 alia
1388 2742 1519 2774 Gellius
1534 2752 1658 2775 memo-

957 2797 1009 2826 rat
1029 2791 1187 2825 desinunt
1202 2792 1235 2824 in
1250 2801 1282 2825 es
1303 2798 1380 2833 post
1397 2794 1560 2833 vocalem,
1574 2794 1656 2833 sive,
