1872 3115
352 216 444 245 [AB.
479 215 530 243 11.
563 212 669 242 cAl'.
699 203 741 242 4.
776 213 838 241 DF,
874 213 1028 241 BELLO
1061 212 1290 242 GALLlCO.

88 310 200 339 autem
241 312 339 339 erant
376 306 553 345 Condrusi,
598 306 785 345 Eburones,

90 358 235 396 caeraesi,
264 364 299 388 et
330 357 492 395 l'aeniani,
522 356 579 397 qui
611 358 701 386 ‘uno
729 366 786 386 no-

89 407 176 438 mine
211 407 371 437 Germani
406 406 645 446 appellantur,'
674 412 710 437 ut
739 407 787 437 ait

89 463 202 489 noster
218 468 246 489 c.
263 461 294 489 4.
318 458 429 488 Davi-s.
465 456 640 487 Editiones
657 457 786 498 aliquot

87 508 181 540 Vett.
204 518 270 539 cum
299 508 421 546 Belgis,
445 508 640 547 reliquisque.
677 508 786 538 Quam

87 562 123 588 et
139 558 342 589 verissimam
359 567 431 587 esse
445 557 625 587 lectionem
643 557 786 588 arbitra-

87 612 144 638 tur
161 607 341 645 Davisius3
364 606 518 647 quianon
540 607 655 645 Belga:
669 607 788 646 solum,

85 656 144 687 sed
161 660 196 687 et
212 657 372 687 Germani
390 657 620 697 conjurarant.
660 657 786 688 Verum

85 715 160 736 oum
190 706 309 737 Rliemi
336 716 379 736 ex
416 706 532 746 Belgis
559 711 673 737 essent
701 707 786 747 ipen

88 756 270 797 Belgaeque
293 758 325 787 in
347 756 582 796 conjuratione
615 757 787 797 principes

85 809 122 837 et
138 807 301 847 praecipui
317 811 442 844 essent,
455 806 654 848 quibuscum
671 812 788 847 postea

86 861 218 887 tantum
249 867 284 888 se
319 857 566 897 conjunxerant
601 857 788 896 Gerinani3

85 905 231 947 librique
249 907 331 938 Mss.
347 907 507 944 habeant,
529 917 598 937 cum
614 907 726 946 Belgis
740 918 788 938 re-

85 955 189 996 liquis,
211 956 396 997 eademque
413 956 537 987 locutio
561 957 708 998 reliquos
727 967 788 987 om-

86 1015 139 1036 nes
154 1006 272 1045 Belgas
286 1007 318 1037 in
336 1006 455 1037 eadem
472 1007 533 1037 hac
553 1007 787 1047 orationejam

86 1057 239 1096 proxime
260 1061 438 1098 sequatur:
463 1056 581 1098 utique
602 1057 701 1088 istam
719 1057 785 1088 lec-

86 1106 210 1137 tionem
246 1107 379 1138 omnino
418 1107 633 1138 retinendam
671 1107 788 1138 existi-

84 1156 184 1188 mavi.
210 1157 317 1188 Clark.
374 1158 576 1198 Reliquisque
605 1162 659 1189 est
685 1157 787 1188 etiam

85 1207 116 1238 in
141 1207 347 1240 Recentiore
373 1208 499 1240 Codice
522 1209 688 1240 Palatino.
728 1209 789 1240 Ce-

87 1257 151 1288 teri
168 1258 250 1289 Mss.
261 1263 296 1289 et
313 1258 402 1290 Edd.
415 1258 511 1290 Vett.
525 1258 638 1298 Belgis
649 1258 788 1299 reliquist,

87 1311 124 1339 ut
139 1307 246 1339 edidi.

127 1360 148 1388 6
173 1358 279 1398 Neque
303 1361 410 1389 contra
436 1358 475 1390 P.
500 1359 541 1390 R.
566 1359 689 1390 omnino
719 1369 788 1390 con-

78 1409 214 1451 jurasse]
238 1410 466 1441 Penuitimam
491 1421 609 1442 vocem
634 1412 789 1443 nesciunt

88 1458 169 1490 Msti
185 1470 193 1497 ;
221 1468 294 1499 quae
315 1460 455 1499 proinde
472 1460 618 1491 delenda
633 1466 697 1492 est.
723 1463 790 1492 Da-

87 1510 143 1540 ris.
166 1519 237 1540 cur.
255 1519 323 1542 sec.
366 1511 477 1541 Deest
494 1521 627 1551 quoque
655 1512 788 1543 Carrar.

86 1563 121 1590 et
136 1559 219 1591 meis
238 1560 429 1601 plerisque:
455 1560 514 1591 sed
532 1560 610 1602 quia
627 1562 737 1602 reperi
755 1561 788 1592 in

86 1609 244 1640 Leidensi
269 1601 398 1650 primo;
423 1615 458 1641 et
482 1616 670 1651 agnoscunt
701 1611 789 1643 lianc

88 1668 203 1691 vocem
233 1664 396 1700 excerpta
412 1660 517 1692 Codd.
533 1659 658 1692 Audin.
676 1661 789 1693 Oxou.

87 1714 122 1740 et
133 1709 271 1750 Scalig.,
292 1710 466 1741 Davisium
478 1711 574 1750 sequi
589 1720 654 1742 non
672 1711 767 1751 potui
780 1721 788 1749 ;

87 1761 168 1791 iicet
198 1769 238 1790 ea
268 1769 402 1801 quoque
441 1765 581 1791 careant
612 1760 789 1792 Editiones

87 1809 211 1841 Aldina
238 1811 381 1850 priores.

129 1863 169 1892 10
194 1861 249 1891 Cis
280 1860 422 1892 Rhenum
444 1859 595 1900 incolunt]
624 1861 789 1893 Cellarius

88 1920 130 1941 ex
146 1911 270 1943 Graeco
289 1911 484 1952 Interprete
501 1915 538 1942 et
550 1911 638 1943 Edd.
655 1912 789 1953 quibus-

89 1963 164 1993 dam
192 1962 354 2003 reposuit,
385 1967 433 2002 et,
454 1966 492 1994 ut
511 1962 661 2003 judicat,
677 1973 787 1995 emen-

89 2012 194 2052 davit,
204 2013 302 2053 Ripas
314 2012 415 2044 Rheni
427 2013 487 2044 inc.
513 2013 562 2044 Ea
574 2013 788 2045 etiamlectio

88 2068 228 2103 recepta
255 2069 307 2094 est
335 2064 377 2094 ab
403 2064 492 2095 Aldo
525 2068 561 2095 et
581 2065 788 2104 Vascosano,

89 2123 170 2153 quos
198 2114 307 2144 secuti
329 2118 407 2145 sunt
430 2113 567 2155 quidem
585 2114 788 2155 Stephanus,

90 2164 221 2204 Gryph.
248 2164 311 2195 Ed.
334 2169 422 2204 post.
448 2169 484 2195 et
509 2165 647 2202 Strada,
673 2166 790 2198 habet-

89 2223 168 2255 que,
189 2214 277 2254 quod
303 2214 418 2253 sciam,
445 2215 535 2246 solus
561 2215 676 2246 Codex
699 2215 790 2247 Oxo-

89 2264 227 2295 uieusis.
266 2264 380 2295 Ceteri
397 2274 511 2296 omues
532 2275 609 2296 cum
625 2265 790 2297 Editioni-

90 2314 151 2345 bus
174 2314 419 2345 vetustioribus
441 2315 485 2345 cis
514 2315 676 2351 Rhenum
700 2317 789 2357 quod

90 2363 230 2395 Graecus
246 2364 491 2404 interpretatus
508 2369 573 2404 est,
588 2365 661 2405 πρὸς
682 2366 791 2405 ὄχθαις

87 2414 144 2445 τοῦ
162 2413 280 2454 Ῥήνου,
292 2414 356 2445 nisi
371 2414 405 2444 in
420 2419 616 2455 corruptum
632 2415 791 2449 inciderit

90 2463 254 2495 codicem.
293 2464 425 2494 Passim
458 2464 585 2503 Caesar,
613 2464 729 2496 Livius
754 2470 791 2498 et

90 2514 146 2545 aiii
174 2514 305 2545 incolere
333 2514 487 2545 absolute
518 2519 664 2545 sumunt.
702 2515 790 2546 Vide

90 2563 132 2595 ad
146 2564 293 2605 praeced.
311 2564 388 2594 libri
405 2573 433 2596 c.
447 2567 499 2594 54.
518 2568 553 2594 et
569 2564 602 2594 h.
616 2564 692 2595 loco
705 2574 791 2596 com·

90 2615 271 2646 meutarios
295 2614 481 2653 Ciacconii,
508 2614 727 2653 Hotomanni,
756 2620 791 2646 et

91 2664 237 2705 Brantii‚
254 2670 289 2696 et
305 2664 392 2696 infra
413 2665 456 2696 ad
472 2674 522 2696 w.
542 2668 571 2696 1.
586 2665 594 2681 ‘
613 2664 791 2696 Incolendi

92 2715 234 2745 emissa?

136 2771 184 2794 iv.
199 2766 231 2795 6.
257 2764 406 2795 Teutonos
422 2764 635 2805 Cimbrosque]
650 2765 790 2803 Ursinus

1453 203 1537 243 971

839 306 988 336 Teutonas
1014 306 1183 336 emendat.
1210 305 1266 335 alii
1293 304 1449 335 Teutonos.
1494 305 1539 335 U-

837 360 994 395 trumque
1024 356 1178 396 probum.
1225 355 1281 386 Sic
1309 355 1424 387 Caesar
1453 354 1539 385 dixit

835 406 898 436 hoc·
926 406 1031 436 libro:
1058 408 1066 422 ‘
1087 407 1149 446 ipsi
1181 410 1277 437 erant
1308 414 1352 436 ex
1382 404 1539 443 Cimbris,

833 456 1066 497 Teutonisque
1100 456 1292 495 procreati.'
1341 455 1538 496 Anonymus

835 506 949 545 babet,
967 506 1109 536 Cimbros
1124 509 1152 535 et
1169 506 1347 537 Theutones.
1372 505 1540 538 Quemad-

835 555 970 586 modum
995 555 1157 591 Santones,
1185 560 1219 585 et
1247 555 1379 586 Santoni
1402 556 1539 587 dicitur.

836 605 935 635 Unde
953 610 988 636 et
1004 605 1130 636 frustra
1149 604 1337 635 Glareanus
1356 616 1414 645 pro
1431 606 1541 636 Santo-

835 655 884 685 nis
899 655 1058 686 emendat
1077 655 1266 686 santonibus
1282 655 1324 686 de
1344 656 1431 686 bello
1448 656 1540 688 Gall.

838 706 858 737 l.
875 715 928 737 111.
952 706 1077 737 Lucan.
1095 707 1103 722 ‘
1115 705 1324 746 Gaudetque
1337 711 1448 736 amoto
1463 709 1541 737 San·

837 760 935 786 tonus
951 757 1069 787 hoste!
1114 756 1334 787 EtSc110uus
1358 756 1540 788 Observat.

839 806 970 838 Histor.
983 816 1037 839 111.
1050 809 1104 838 29.
1128 807 1176 837 ait
1189 816 1225 837 se
1242 806 1274 836 in
1296 807 1362 836 Ms.
1378 807 1541 846 reperisse

836 857 1010 897 Atrebatis,
1043 866 1104 898 pro
1130 857 1345 888 Atrebatibus.
1403 856 1540 887 Vossius.

838 907 980 938 Ursinus
1009 917 1074 939 non
1109 908 1267 946 Teutones,
1298 907 1356 937 sed
1393 908 1543 938 Teutonos

837 958 906 997 legi
921 959 1038 990 voluit.
1083 957 1199 998 Atque
1215 958 1262 988 ita
1279 958 1440 988 exhibent
1454 958 1541 989 Mss.

838 1009 904 1038 mei
930 1012 1062 1039 tantum
1092 1012 1160 1039 non
1191 1017 1329 1046 omnes3
1360 1008 1392 1038 iu
1420 1008 1541 1049 quibus

841 1059 1076 1098 Bongarsiaui,
1098 1059 1266 1097 Vossiani,
1292 1059 1417 1089 Lovau.
1445 1058 1541 1089 Leid.

839 1108 935 1148 prim.
962 1109 1060 1149 Egm.
1086 1109 1211 1148 scalig.
1241 1112 1302 1140 oste.
1318 1118 1357 1139 ac
1371 1108 1459 1140 Edd.
1475 1108 1542 1149 pri-

839 1168 915 1197 mae,
931 1159 1012 1190 item
1032 1159 1171 1191 Vascos.
1187 1159 1306 1199 Steph.
1322 1159 1448 1200 Scalig.
1464 1160 1545 1190 aiio-

839 1218 992 1250 rumque.
1029 1210 1151 1250 Neque
1168 1210 1265 1240 aliter
1279 1210 1312 1240 in
1329 1210 1395 1241 Ms.
1413 1209 1544 1240 invenit

838 1259 990 1299 Scottus,
1007 1270 1105 1302 quern
1123 1260 1201 1292 vide
1219 1260 1261 1291 ad
1277 1260 1393 1291 Aurei.
1410 1259 1541 1291 Victor.

839 1319 868 1340 c.
885 1312 938 1341 67.
955 1314 1057 1351 atque
1077 1310 1125 1341 ita
1151 1310 1184 1340 in
1208 1310 1319 1341 Fastis
1343 1314 1379 1341 et
1396 1310 1543 1350 Inscrip-

840 1360 1001 1400 tionibus,
1019 1370 1084 1392 nec
1101 1370 1166 1391 nou
1184 1361 1268 1392 Mss.
1286 1368 1321 1392 et
1336 1361 1423 1393 Edd.
1443 1362 1545 1401 Flori,

839 1409 967 1441 Valerii
983 1410 1136 1449 Maximi,
1155 1411 1321 1451 Frontini,
1344 1411 1544 1452 Obsequen-

840 1459 884 1490 tis
929 1459 1138 1501 aliorumque
1190 1461 1319 1491 Teutoni
1366 1466 1544 1492 vocantur.

841 1509 849 1525 ‘
870 1508 1080 1540 Cimbrorum
1122 1510 1390 1551 Teutonumque'
1432 1516 1545 1542 tamen

840 1561 893 1588 est
912 1566 977 1588 vn.
1004 1560 1057 1588 77.
1095 1559 1183 1589 Vide
1204 1559 1298 1590 Duk.
1316 1560 1358 1591 ad
1383 1561 1472 1593 Flor.
1487 1570 1544 1592 ιιι.

840 1609 893 1638 37.
918 1607 974 1638 De
991 1606 1138 1639 Santonis
1156 1608 1232 1639 vide
1245 1609 1287 1640 ad
1305 1619 1330 1641 1.
1345 1612 1377 1641 2.

884 1660 924 1688 10
941 1658 1054 1689 Rhemi
1069 1658 1226 1699 dicebant]
1242 1661 1298 1691 De
1315 1660 1437 1700 prioris
1451 1662 1542 1693 vocis

841 1707 1095 1748 Orthographia
1120 1708 1160 1739 lis
1186 1714 1238 1740 est
1263 1710 1353 1741 inter
1368 1710 1545 1751 erudit0s3

840 1761 920 1788 sunt
937 1757 1038 1797 euim,
1062 1759 1119 1799 qui
1143 1758 1407 1799 adspirationem
1423 1761 1544 1792 tollen·

840 1807 917 1837 dam
944 1817 1018 1838 esse
1045 1813 1199 1848 censent,
1231 1810 1308 1850 quia
1332 1811 1475 1842 Gallicae
1493 1815 1545 1842 est

840 1856 991 1896 originis.
1036 1857 1125 1889 Utro
1146 1859 1245 1890 modo
1264 1860 1462 1900 scribamus,
1486 1872 1544 1903 pa—

841 1916 914 1937 rum
937 1907 1072 1948 quidem
1099 1908 1253 1950 interest,
1278 1919 1340 1942 nec
1365 1911 1407 1942 de
1431 1912 1545 1952 hujus-

840 1956 931 1987 modi
954 1957 1056 1988 rebus
1075 1958 1320 1999 vitilitigarem.
1344 1960 1544 1993 Observabo

840 2007 1008 2039 duntaxat
1024 2008 1191 2040 rationem
1206 2010 1268 2041 Ch.
1281 2010 1429 2051 Cellarii,
1444 2021 1543 2053 quam

841 2056 971 2097 profert
997 2057 1143 2099 Orthog.
1177 2069 1209 2099 p.
1236 2063 1288 2091 56.
1319 2059 1449 2092 firmam
1476 2071 1543 2093 non

840 2107 969 2147 videri;
993 2108 1077 2140 licet
1100 2109 1190 2139 enim
1216 2109 1356 2141 verbum
1379 2111 1423 2142 sit
1439 2112 1543 2143 Celti-

841 2167 928 2198 cum,
945 2168 1009 2189 non
1037 2168 1178 2190 necesse
1203 2164 1267 2199 est,
1285 2165 1322 2191 ut
1343 2161 1544 2202 adspiratio-

840 2219 917 2240 nem
948 2209 1153 2250 rejiciamus,
1171 2220 1245 2251 quae
1272 2211 1306 2241 in
1332 2212 1405 2243 aliis
1429 2213 1543 2244 verbis

840 2260 976 2291 omnino
1005 2261 1149 2292 Gallicis
1171 2262 1283 2292 locum
1307 2262 1450 2295 obtinet.
1487 2264 1544 2296 Sic

840 2310 1002 2342 Rhedones
1016 2316 1246 2342 memorantur
1261 2313 1302 2343 B.
1316 2313 1360 2344 G.
1379 2322 1419 2344 11.
1436 2316 1489 2346 34.
1508 2318 1544 2345 et

840 2359 930 2391 alibi.
968 2360 1025 2392 Sic
1041 2361 1152 2392 Rheda
1175 2367 1302 2401 nostro,
1328 2362 1487 2404 Horatio,
1509 2368 1544 2395 et

840 2412 925 2442 aliis.
985 2412 1153 2444 Gallicam
1197 2414 1361 2454 originem
1399 2420 1543 2446 testatur

840 2462 1069 2495 Quintilianus
1087 2464 1174 2495 lust.
1193 2465 1292 2496 Orat.
1311 2474 1335 2496 1.
1352 2469 1383 2496 5.
1403 2466 1411 2482 ‘
1430 2465 1542 2496 Pluri-

839 2523 895 2544 ma
921 2513 1056 2546 Gallica
1083 2516 1274 2555 valuerunt,
1296 2521 1334 2547 ut
1363 2516 1480 2546 Rheda
1502 2525 1541 2547 ac

840 2565 1025 2604 petoritum
1035 2565 1054 2604 ;’
1079 2571 1113 2597 et
1141 2570 1258 2606 postea
1274 2570 1282 2583 ⁶
1299 2567 1420 2606 theda,
1436 2566 1543 2597 Galli-

840 2624 916 2645 cum
933 2621 1016 2656 puta
1031 2617 1258 2648 vocabulum!
1284 2618 1400 2647 Datis.
1438 2616 1486 2647 At
1508 2616 1542 2648 in

840 2666 1015 2705 exemplis,
1029 2676 1103 2707 quae
1117 2666 1227 2697 adfert
1239 2666 1412 2704 Davisius,
1423 2666 1541 2698 eadem

840 2719 892 2745 est
907 2715 1126 2755 incertitudo,
1139 2720 1174 2746 et
1190 2716 1274 2746 Mss.
1287 2724 1378 2755 saepe
1395 2714 1542 2748 efferunt

840 2764 910 2796 siue
923 2765 1163 2806 adspiratione.
1191 2766 1283 2796 Remi
1296 2770 1391 2798 certe
1406 2775 1541 2807 semper
