1872 3115
323 209 492 240 1.1u.1i.
525 207 633 238 GAP.
655 196 725 236 17.
760 206 822 235 DF.
856 206 1010 236 umbo
1044 207 1272 235 onustes).

74 306 161 336 enim
191 310 281 336 recte
308 303 444 334 exhibet
461 303 616 339 Gra‘cus,
631 299 770 331 πολλοὺς

73 354 204 386 κλάδους
220 354 505 385 ΕΝΕΦἺἾΈΎΣΑΝ.
532 351 638 381 Clark.
670 351 769 381 Errat

75 406 247 444 Davisius,
265 406 376 445 legens
392 403 535 440 inplexiv.
568 401 770 432 lucidebaut

72 455 224 492 arbores,
251 460 286 485 et
308 452 527 484 inflectebant
545 451 565 481 i.
583 451 771 482 curvabunt

73 513 270 545 ramOS,quo
287 504 334 533 iiii
350 503 383 533 in
402 502 615 533 latitudinem
634 511 770 531 enasce-

74 553 207 585 bautur.
253 554 349 584 Curt.
372 552 444 582 ioco
469 561 530 592 per
566 552 673 591 ipsum
701 551 768 581 iau-

72 604 152 635 dano
176 605 185 620 ‘
202 608 338 634 teneros
357 602 515 633 arborum
534 611 642 632 ramos
670 611 770 632 mauu

73 651 236 683 flectunt)
283 652 347 683 Sed
366 652 503 682 dubium
524 651 603 681 mihi
622 661 687 682 non
705 656 769 689 est,

72 703 150 744 quin
177 703 230 733 hic
248 703 338 733 iocus
356 702 389 732 iu
405 711 498 742 seqq.
516 701 561 731 sit
589 701 770 741 interpola-

70 758 135 783 tus.
183 752 269 783 Nau!
295 752 351 782 ilia
377 751 502 791 inflexis
516 751 688 791 crebrisque
704 761 769 781 nou

70 806 267 841 comparent
284 801 317 831 iu
338 802 428 832 Msto
443 801 566 839 Scotti,
591 801 648 841 qui
665 800 771 831 deleri

71 852 205 882 volebat
229 852 374 882 Observ.
394 860 449 882 ιιι.
467 854 518 882 21.
566 852 643 882 Non
660 851 770 881 vis-un-

73 906 127 932 tur
144 907 238 932 certe
253 902 356 932 etiam
373 902 405 932 in
422 901 576 940 Audmis,
607 903 769 941 Bongms.

76 952 197 991 primo,
228 952 393 991 Egmund.
427 953 551 983 Lovan.
571 952 684 983 Oxou.
713 953 773 982 Pe-

71 1007 139 1032 lav.
164 1011 202 1032 ac
219 1001 324 1032 tribus
350 1002 422 1032 aliis
441 1011 517 1032 cum
540 1001 603 1032 Ed.
621 1001 770 1033 Incerta.

71 1051 136 1082 Sed
174 1051 298 1092 inflexis
335 1051 450 1081 crebris
487 1051 674 1082 retinenda.
733 1052 771 1082 lu

71 1101 246 1132 Strabonis
263 1101 347 1140 loco,
363 1111 405 1132 ex
431 1101 520 1132 bisce
539 1102 682 1132 Coesaris
701 1111 772 1131 ver-

73 1151 123 1182 bis
139 1151 292 1182 desumto
311 1151 329 1182 1.
351 1160 398 1182 iv.
424 1161 458 1192 p.
482 1154 554 1183 194.
601 1151 662 1182 Ed.
689 1152 770 1182 Par.

72 1199 300 1239 συμπλέκοντες
317 1201 336 1230 i.
355 1210 384 1231 e.
402 1198 617 1232 inflectentes
633 1200 690 1231 τὰς
711 1203 772 1231 τῶν

72 1249 190 1289 θάμνων
204 1249 328 1289 λύγους.
363 1251 402 1282 In
420 1251 503 1282 BISS.
522 1256 574 1282 est
589 1250 772 1289 ‹ruv‘re'pwov-

70 1313 123 1332 τες
148 1302 168 1332 i.
183 1310 212 1332 e.
233 1300 434 1332 inridentes.
482 1301 534 1332 Ibi
551 1303 687 1332 consule
711 1302 771 1333 Ca-

74 1352 213 1383 saubon.
231 1361 264 1381 v.
277 1355 308 1382 9.
327 1354 335 1368 ‘
354 1352 493 1382 Crebris
510 1351 685 1383 arboribus
701 1363 772 1383 suc-

74 1404 150 1434 cisis
171 1413 286 1434 omnes
304 1404 464 1435 introitus
479 1410 577 1434 erant
595 1404 773 1444 praeclusi.’

74 1454 162 1484 Dein
187 1454 288 1484 enatis
309 1463 374 1484 nou
399 1458 575 1494 comparet
601 1454 635 1484 in
649 1454 773 1494 Scalig.

77 1503 235 1535 Leidensi
253 1504 373 1544 primo,
385 1514 424 1535 ae
439 1504 530 1534 varia
546 1504 693 1535 lectione
709 1505 773 1534 Pe-

76 1554 223 1592 taviani3
249 1555 281 1584 in
311 1554 406 1585 Leid.
436 1558 515 1584 tert.
542 1563 581 1584 ac
611 1553 674 1584 Ed.
703 1554 774 1584 [uc.

77 1603 204 1634 renatis.
251 1604 399 1634 Omnino
425 1608 539 1643 putem
556 1613 633 1643 ego,
658 1613 775 1634 vocem

77 1653 176 1684 enatis·
201 1663 274 1685 esse
300 1663 319 1684 a
342 1654 430 1684 mala
466 1662 586 1690 manu3
610 1659 645 1683 et
673 1653 715 1684 ab
738 1653 777 1684 iis

72 1703 129 1744 qui
145 1703 366 1734 crediderunt
387 1713 492 1733 ramos
511 1703 597 1739 illos,
626 1713 740 1734 rursus
757 1714 775 1735 e

78 1759 170 1784 terra
188 1754 422 1794 repullulasse,
441 1752 610 1783 radicibus
628 1752 776 1792 pluribus

77 1803 163 1834 actis
181 1814 187 1833 :
212 1809 315 1844 atque
343 1803 390 1834 ita
412 1803 567 1842 copulam
583 1812 638 1842 que
652 1804 696 1840 τῷ
712 1812 776 1833 cre-

76 1853 139 1883 bris
154 1853 330 1890 adsutam;
355 1863 428 1893 quae
439 1852 537 1883 abest
559 1862 578 1883 a
591 1852 776 1883 nonnullis.

77 1903 132 1935 Sic
146 1909 239 1934 certe
258 1904 361 1934 etiam
377 1903 469 1943 cepit
483 1903 665 1942 Gruterus,
676 1903 776 1934 immo

76 1953 218 1984 Graecus
235 1953 410 1993 Interpres
424 1953 496 1984 vuit
509 1959 643 1993 aperte,
666 1963 777 1984 ramos

77 2002 118 2033 ab
136 2003 174 2033 iis
190 2008 290 2033 terrae
306 2003 424 2034 insitos
439 2013 523 2035 esse.
558 2004 686 2034 Verum
696 2013 778 2044 quo-

78 2051 178 2083 modo
195 2053 276 2082 rami
291 2062 309 2083 e
327 2057 418 2083 terra
434 2054 463 2083 in
477 2054 671 2084 latitudinem
682 2063 777 2084 enas-

78 2103 108 2133 ci
127 2103 284 2142 possunt?
310 2103 410 2133 Clare
427 2103 682 2143 deprehendere
700 2105 779 2135 mibi

79 2153 205 2190 videor,
234 2163 252 2183 e
279 2154 369 2184 vocis
396 2153 520 2194 inflexis
536 2154 672 2193 Giossa,
703 2164 778 2195 quae

80 2209 152 2233 erat
165 2203 299 2233 curratis
311 2203 365 2243 (ut
381 2209 475 2243 patet
491 2212 532 2233 ex
547 2203 663 2233 Ursini
679 2204 780 2244 Mss.)

79 2254 345 2292 corrupta‚alias
362 2252 556 2291 Giossas,ut
574 2253 781 2292 emrtis,rem1-

85 2302 136 2341 tis,
152 2307 215 2332 xc.
241 2301 371 2332 effictas
387 2311 473 2342 esse,
505 2312 543 2333 ac
565 2302 642 2333 dein
660 2304 693 2334 in
712 2310 781 2334 tex-

80 2358 151 2384 tum
181 2353 373 2394 inrepsisse.
430 2354 524 2385 Curt.
553 2363 603 2385 rx.
628 2358 657 2385 l.
686 2357 702 2396 ξ
727 2360 778 2387 10.

79 2404 88 2420 ‘
105 2403 196 2433 Rami
212 2403 318 2433 insun-
334 2403 517 2443 ingentium
532 2404 686 2444 stipitum
701 2405 780 2436 flexi

81 2454 114 2484 iu
138 2453 286 2493 humum,
316 2463 442 2492 rursus,
471 2464 537 2494 qua
564 2464 599 2485 se
623 2465 781 2487 curvave-

82 2510 173 2543 rant,
200 2505 419 2545 erigvbantur
437 2504 541 2534 adeo:
583 2505 618 2534 Si
643 2514 780 2536 servare

82 2555 193 2585 onmia
217 2555 324 2592 malis,
351 2556 426 2595 iege
455 2559 490 2584 et
507 2554 678 2594 distingue
703 2565 781 2586 cum

83 2604 148 2636 Ms.
178 2605 280 2636 Dorv.
321 2605 408 2635 Edd.
446 2605 544 2635 Rom.
572 2605 667 2636 Med.
695 2606 780 2636 Ven.

81 2654 91 2669 ‘
108 2654 231 2692 incisis,
261 2660 362 2695 atque
379 2653 512 2685 inflexis
526 2656 655 2686 crebris
673 2656 705 2686 iu
724 2656 781 2687 iat.

85 2704 197 2744 ramis,
223 2706 334 2736 enatis
362 2710 399 2738 et
431 2706 533 2746 rubis,
563 2706 783 2748 sentibusque

84 2753 160 2784 int?

1437 195 1522 237 987

868 304 906 330 19
932 300 1124 340 lntmjecn's]
1156 302 1340 339 Eleganter
1366 300 1523 331 Leideus.

825 350 924 390 prim.
939 351 1131 382 intertextis.
1177 351 1277 384 Quod
1295 360 1409 381 verum
1428 354 1523 390 puto,

823 405 856 430 et
875 406 1073 440 corruptum
1098 411 1139 431 ex
1164 411 1194 431 c.
1212 405 1267 432 ²2.
1289 403 1297 416 ‘
1312 400 1525 440 Sepibusque

822 451 1028 481 densissimis
1042 452 1244 491 interjectis,
1257 451 1528 492 prospectusim-

823 501 1024 542 pediebatur
1039 502 1060 531 :’
1089 502 1146 531 sed
1169 502 1213 531 ibi
1232 502 1315 531 alius
1328 507 1381 531 est
1397 510 1526 531 sensus.

822 551 964 592 Proprie
979 555 1084 582 texere
1094 551 1409 582 adlubeutVeteres
1423 551 1466 582 de
1480 552 1528 582 vi-

822 601 921 638 mine,
931 601 1160 641 sentibusque.
1179 600 1244 631 Adi
1257 611 1326 640 prae
1339 602 1461 631 ceteris
1472 601 1526 631 ΙΙΙ.

825 652 940 682 Heius.
959 651 1000 681 ad
1018 652 1118 682 (ΝΜ.
1143 652 1233 682 Fast.
1253 661 1300 681 xv.
1320 655 1393 682 435.
1412 654 1420 668 ‘
1439 652 1528 682 cala-

824 703 897 732 thos
924 712 943 732 e
970 702 1092 732 vimine
1118 707 1230 733 textos
1248 701 1267 732 :’
1305 701 1393 731 iufra
1418 711 1449 731 c.
1474 704 1527 733 33.

823 753 831 769 ‘
850 752 955 783 scutis
980 761 1021 782 ex
1039 751 1166 782 cortice
1184 750 1284 782 factis
1313 756 1371 781 aut
1399 751 1528 780 vimini-

826 802 887 832 bus
916 801 1078 832 intextis.'
1102 810 1134 831 v.
1161 804 1212 831 40.
1229 801 1237 816 ‘
1257 800 1369 839 piuuae
1397 800 1528 830 loricae-

822 863 887 893 qne
916 862 956 883 ex
975 853 1126 883 cratibus
1150 851 1378 882 adtexuiuntur.y
1404 860 1453 881 vr.
1473 853 1525 881 16.

824 905 832 919 ‘
853 904 1026 933 Contextu
1055 901 1236 932 viminibus
1265 901 1439 931 membra?
1487 901 1528 931 B.

825 953 863 983 C.
887 961 925 981 ιι.
943 956 973 982 2.
990 953 999 967 ⁶
1012 955 1185 982 contextae
1201 950 1381 981 viminibus
1401 950 1528 981 vineae)

824 1001 912 1031 vide
935 1007 969 1031 et
988 1002 1027 1031 B.
1045 1000 1153 1031 Afric.
1173 1011 1202 1031 c.
1222 1003 1274 1032 47.
1533 1018 1535 1022 ·

866 1054 907 1081 20
933 1050 1144 1090 Munimenea]
1181 1050 1303 1081 Pet-av.
1336 1050 1461 1090 Scalig.
1493 1054 1529 1080 et

824 1103 918 1133 Leid.
941 1112 992 1143 pr.
1019 1102 1248 1132 munimentum.
1294 1100 1341 1132 At
1363 1101 1528 1140 Bongars.

824 1154 922 1193 prim.
951 1162 1019 1183 sec.
1045 1152 1198 1182 Vossian.
1232 1150 1331 1191 prim.
1364 1160 1431 1181 sec.
1459 1150 1528 1189 Eg-

823 1203 938 1234 mund.
962 1202 1058 1233 Leid.
1087 1206 1168 1233 tert.
1196 1206 1232 1232 et
1249 1201 1311 1232 Ed.
1330 1200 1403 1231 Ine.
1428 1199 1529 1229 muni-

824 1253 945 1284 mentis.
961 1253 1064 1284 Latet
1081 1251 1175 1293 quid,
1201 1251 1290 1292 quod
1307 1260 1397 1280 nuuc
1411 1248 1528 1280 forsan

824 1312 942 1333 eruere
964 1302 1112 1343 nequivi.
1156 1300 1205 1332 At
1227 1301 1254 1331 si
1272 1304 1450 1331 constaret
1465 1309 1531 1329 mu·

824 1353 925 1383 nimen
939 1353 979 1382 ab
1001 1352 1086 1391 aliis,
1108 1361 1206 1392 quam
1226 1351 1351 1391 poetis,
1378 1359 1451 1381 esse
1473 1349 1530 1380 ad-

823 1403 982 1441 hibitum,
1014 1403 1220 1442 conjicerem
1247 1402 1400 1432 munimen
1431 1401 1469 1431 iis
1495 1411 1528 1440 p.

827 1452 930 1484 Certe
953 1453 986 1482 in
1005 1453 1175 1492 plerisque
1205 1452 1288 1481 Mss.
1314 1451 1404 1481 Livii
1420 1459 1458 1481 11.
1477 1453 1528 1481 10.

825 1503 985 1533 scribitur
1011 1503 1020 1518 ‘
1036 1502 1077 1532 Id
1095 1502 1263 1531 munimen
1279 1501 1337 1531 illo
1354 1500 1433 1539 die,’
1459 1502 1525 1531 διε.

826 1552 892 1582 Sed
910 1552 987 1582 vide
1004 1552 1059 1582 Cl.
1080 1550 1322 1590 Drakenburg.
1367 1550 1416 1582 At
1442 1550 1531 1580 idem

825 1602 983 1632 hortamen
1003 1611 1099 1642 aeque
1127 1610 1166 1631 ac
1189 1600 1416 1631 liortamcntum
1434 1611 1528 1631 usur-

827 1653 931 1692 pavit.
976 1653 1019 1682 V.
1037 1652 1138 1682 etiam
1156 1651 1198 1681 ad
1216 1660 1246 1682 c.
1263 1654 1316 1682 25.
1351 1651 1415 1682 Hoe
1432 1652 1528 1683 abest

829 1703 870 1732 ab
890 1701 1056 1742 Egmuud.

873 1753 942 1782 Non
971 1753 1057 1782 modo
1085 1751 1214 1791 intrari]
1274 1751 1328 1782 Ita
1360 1761 1401 1782 ex
1432 1753 1530 1783 Vett.

830 1802 940 1833 Editt.
959 1803 1057 1832 Rom.
1075 1807 1110 1832 et
1130 1802 1250 1832 venet.
1266 1802 1413 1832 restitui.
1452 1803 1534 1833 Sca·

828 1853 912 1893 liger
937 1858 972 1883 et
1004 1851 1238 1889 Receuuiores,
1266 1862 1325 1882 non
1351 1853 1436 1882 modo
1460 1862 1531 1883 non.

825 1902 892 1933 Sed
907 1901 1026 1941 optimi
1043 1901 1213 1934 Auctores
1230 1902 1413 1932 secundam
1430 1912 1532 1943 nega-

828 1953 954 1983 tionem
972 1953 1094 1992 saepius
1110 1952 1284 1982 omittunt.
1312 1953 1420 1983 Clark.
1466 1954 1534 1984 An-

829 2008 862 2034 te
879 2003 1055 2034 Ciarkium
1083 2004 1244 2034 Brantius
1259 2008 1294 2034 et
1315 2004 1454 2036 Scottus
1476 2005 1533 2036 do-

827 2061 969 2085 cuerunt
988 2055 1131 2084 alterum
1149 2064 1207 2084 non
1231 2055 1440 2086 auctoritate
1457 2065 1532 2086 suo-

829 2114 901 2135 rum
929 2105 1011 2135 Mss.
1035 2110 1070 2134 et
1097 2104 1160 2135 Ed.
1178 2105 1257 2135 vS'et.
1291 2114 1365 2135 esse
1393 2106 1533 2146 ejicien-

829 2155 919 2185 dum.
960 2155 1071 2185 Deest
1087 2163 1221 2195 quoque
1239 2155 1394 2185 Leidensi
1412 2156 1533 2195 primo,

830 2204 991 2243 secundo,
1048 2205 1265 2243 Lovanieusi‚
1322 2206 1534 2245 Dorvssiano,

832 2255 928 2286 Voss.
945 2255 1061 2293 tertio,
1087 2255 1258 2293 Palatino,
1283 2256 1448 2295 Bougars.
1467 2262 1535 2288 ter-

831 2306 891 2345 tio,
908 2305 993 2338 Edd.
1013 2306 1155 2337 Mediul.
1174 2315 1214 2337 ac
1230 2307 1318 2337 Ven.
1341 2307 1533 2347 saepissime

829 2365 889 2386 non
915 2357 999 2386 modo
1027 2366 1089 2396 pro
1113 2366 1171 2386 uon
1189 2357 1274 2387 modo
1298 2367 1357 2387 nou
1381 2358 1532 2398 ponitur,

830 2411 993 2447 sequente
1009 2407 1079 2437 scil.
1096 2408 1148 2438 sed
1165 2417 1211 2437 ue.
1242 2406 1310 2437 Adi
1327 2413 1404 2438 ante
1419 2417 1534 2439 omnes

830 2458 1000 2488 sanctium
1014 2462 1049 2488 et
1072 2457 1227 2488 Perizon.
1267 2458 1423 2488 Minerva
1439 2468 1488 2489 lv.
1505 2461 1536 2489 7.

829 2509 894 2547 §5.
916 2511 947 2538 6.
984 2517 1047 2538 nee
1075 2517 1151 2538 raro
1174 2513 1289 2538 noster
1313 2508 1398 2548 ipse.
1445 2508 1534 2538 Vide

833 2557 948 2587 Davis.
967 2557 1008 2588 ad
1026 2566 1080 2588 ιιι.
1097 2560 1126 2588 4.
1149 2557 1157 2573 ‘
1180 2558 1256 2588 Non
1272 2557 1370 2587 modo
1386 2556 1532 2595 defesso,

831 2607 948 2637 sedne
964 2607 1076 2638 saucio
1091 2606 1226 2647 quidem
1243 2607 1263 2637 ε’
1277 2607 1318 2637 de
1333 2607 1373 2636 B.
1392 2607 1435 2637 G.
1452 2615 1534 2637 5111.

833 2659 885 2687 33.
908 2659 915 2672 ‘
936 2657 1014 2688 Non
1041 2657 1142 2687 modo
1172 2657 1376 2697 equitatum,
1407 2657 1467 2687 sed
1492 2667 1535 2688 ne

832 2707 983 2747 legiones
1009 2707 1167 2748 quidem.’
1234 2706 1334 2737 Adde
1362 2707 1456 2738 Cort.
1490 2707 1533 2738 ad

836 2757 927 2788 Plin.
943 2759 1008 2797 Ep.
1026 2766 1108 2788 vm.
1126 2761 1159 2788 7.
