<?xml version="1.0" encoding="UTF-8"?>
<!DOCTYPE html PUBLIC "-//W3C//DTD XHTML 1.0 Transitional//EN"
    "http://www.w3.org/TR/xhtml1/DTD/xhtml1-transitional.dtd">
<html xmlns="http://www.w3.org/1999/xhtml" xml:lang="en" lang="en">
 <head>
  <title>
</title>
<meta http-equiv="Content-Type" content="text/html;charset=utf-8" />
  <meta name='ocr-system' content='tesseract 3.04.00' />
  <meta name='ocr-capabilities' content='ocr_page ocr_carea ocr_par ocr_line ocrx_word'/>
</head>
<body>
  <div class='ocr_page' id='page_1' title='image "./operaomniaexedit03caesuoft/operaomniaexedit03caesuoft_0246.png"; bbox 0 0 1818 3131; ppageno 0'>
   <div class='ocr_carea' id='block_1_1' title="bbox 246 168 359 210">
    <p class='ocr_par' dir='ltr' id='par_1_1' title="bbox 246 168 359 210">
     <span class='ocr_line' id='line_1_1' title="bbox 246 168 359 210; baseline 0 0"><span class='ocrx_word' id='word_1_1' title='bbox 246 168 359 210; x_wconf 83' lang='lat'>1166</span> 
     </span>
    </p>
   </div>
   <div class='ocr_carea' id='block_1_2' title="bbox 244 269 952 2774">
    <p class='ocr_par' dir='ltr' id='par_1_2' title="bbox 244 269 952 2774">
     <span class='ocr_line' id='line_1_2' title="bbox 247 269 944 310; baseline -0.006 -6"><span class='ocrx_word' id='word_1_2' title='bbox 247 273 326 306; x_wconf 82' lang='lat' dir='ltr'>dum</span> <span class='ocrx_word' id='word_1_3' title='bbox 342 271 443 303; x_wconf 85' lang='lat' dir='ltr'>fulvis</span> <span class='ocrx_word' id='word_1_4' title='bbox 458 272 563 309; x_wconf 75' lang='lat' dir='ltr'>setis,’</span> <span class='ocrx_word' id='word_1_5' title='bbox 577 270 729 310; x_wconf 82' lang='lat' dir='ltr'>explicat</span> <span class='ocrx_word' id='word_1_6' title='bbox 743 269 944 301; x_wconf 78' lang='lat' dir='ltr'>rhenonibus.-</span> 
     </span>
     <span class='ocr_line' id='line_1_3' title="bbox 244 319 946 361; baseline -0.004 -7"><span class='ocrx_word' id='word_1_7' title='bbox 244 323 253 340; x_wconf 88' lang='lat'><em>‘</em></span> <span class='ocrx_word' id='word_1_8' title='bbox 268 333 357 361; x_wconf 84' lang='lat' dir='ltr'>uam,</span> <span class='ocrx_word' id='word_1_9' title='bbox 383 326 418 352; x_wconf 90' lang='lat' dir='ltr'>ut</span> <span class='ocrx_word' id='word_1_10' title='bbox 434 320 613 351; x_wconf 81' lang='lat' dir='ltr'><strong>Sallustius</strong></span> <span class='ocrx_word' id='word_1_11' title='bbox 627 319 712 351; x_wconf 88' lang='lat' dir='ltr'>dicit</span> <span class='ocrx_word' id='word_1_12' title='bbox 728 320 760 351; x_wconf 93' lang='lat' dir='ltr'>iu</span> <span class='ocrx_word' id='word_1_13' title='bbox 783 320 946 360; x_wconf 86' lang='lat' dir='ltr'>historiis,</span> 
     </span>
     <span class='ocr_line' id='line_1_4' title="bbox 245 370 945 411; baseline -0.004 -7"><span class='ocrx_word' id='word_1_14' title='bbox 245 378 357 404; x_wconf 76' lang='lat' dir='ltr'>vestes</span> <span class='ocrx_word' id='word_1_15' title='bbox 383 371 426 401; x_wconf 88' lang='lat' dir='ltr'>de</span> <span class='ocrx_word' id='word_1_16' title='bbox 455 370 600 411; x_wconf 89' lang='lat' dir='ltr'>pellibus</span> <span class='ocrx_word' id='word_1_17' title='bbox 630 370 795 401; x_wconf 81' lang='lat' dir='ltr'>rhenones</span> <span class='ocrx_word' id='word_1_18' title='bbox 823 380 945 401; x_wconf 90' lang='lat' dir='ltr'>vocan-</span> 
     </span>
     <span class='ocr_line' id='line_1_5' title="bbox 247 420 945 462; baseline -0.004 -8"><span class='ocrx_word' id='word_1_19' title='bbox 247 422 326 454; x_wconf 82' lang='lat' dir='ltr'>tur.’</span> <span class='ocrx_word' id='word_1_20' title='bbox 372 422 448 452; x_wconf 88' lang='lat' dir='ltr'>Nec</span> <span class='ocrx_word' id='word_1_21' title='bbox 479 420 568 462; x_wconf 89' lang='lat' dir='ltr'>quod</span> <span class='ocrx_word' id='word_1_22' title='bbox 597 421 732 460; x_wconf 81' lang='lat' dir='ltr'>capreis</span> <span class='ocrx_word' id='word_1_23' title='bbox 762 421 854 452; x_wconf 89' lang='lat' dir='ltr'>rubri</span> <span class='ocrx_word' id='word_1_24' title='bbox 885 421 945 461; x_wconf 87' lang='lat' dir='ltr'>pili</span> 
     </span>
     <span class='ocr_line' id='line_1_6' title="bbox 247 470 944 513; baseline -0.001 -10"><span class='ocrx_word' id='word_1_25' title='bbox 247 477 325 503; x_wconf 80' lang='lat' dir='ltr'>sunt</span> <span class='ocrx_word' id='word_1_26' title='bbox 340 472 414 513; x_wconf 89' lang='lat' dir='ltr'>quis</span> <span class='ocrx_word' id='word_1_27' title='bbox 431 471 595 512; x_wconf 87' lang='lat' dir='ltr'>objectet,</span> <span class='ocrx_word' id='word_1_28' title='bbox 613 481 690 502; x_wconf 87' lang='lat' dir='ltr'>cum</span> <span class='ocrx_word' id='word_1_29' title='bbox 715 472 812 503; x_wconf 86' lang='lat' dir='ltr'>Maro</span> <span class='ocrx_word' id='word_1_30' title='bbox 835 470 944 502; x_wconf 83' lang='lat' dir='ltr'>fulvas</span> 
     </span>
     <span class='ocr_line' id='line_1_7' title="bbox 247 523 945 562; baseline -0.001 -9"><span class='ocrx_word' id='word_1_31' title='bbox 247 527 336 554; x_wconf 81' lang='lat' dir='ltr'>setas</span> <span class='ocrx_word' id='word_1_32' title='bbox 375 527 567 562; x_wconf 84' lang='lat' dir='ltr'>nuncupat:</span> <span class='ocrx_word' id='word_1_33' title='bbox 605 532 680 553; x_wconf 86' lang='lat' dir='ltr'>narn</span> <span class='ocrx_word' id='word_1_34' title='bbox 713 523 759 554; x_wconf 89' lang='lat' dir='ltr'>ait</span> <span class='ocrx_word' id='word_1_35' title='bbox 797 523 945 553; x_wconf 77' lang='lat' dir='ltr'>AElianus</span> 
     </span>
     <span class='ocr_line' id='line_1_8' title="bbox 249 573 945 614; baseline -0.001 -10"><span class='ocrx_word' id='word_1_36' title='bbox 249 582 326 604; x_wconf 74' lang='lat' dir='ltr'>xiv.</span> <span class='ocrx_word' id='word_1_37' title='bbox 364 575 415 604; x_wconf 71' lang='lat'>14.</span> <span class='ocrx_word' id='word_1_38' title='bbox 450 573 528 604; x_wconf 84' lang='lat' dir='ltr'>hist.</span> <span class='ocrx_word' id='word_1_39' title='bbox 564 573 696 606; x_wconf 82' lang='lat' dir='ltr'>animal.</span> <span class='ocrx_word' id='word_1_40' title='bbox 734 574 776 604; x_wconf 88' lang='lat' dir='ltr'>de</span> <span class='ocrx_word' id='word_1_41' title='bbox 813 583 945 614; x_wconf 79' lang='lat' dir='ltr'>capreae</span> 
     </span>
     <span class='ocr_line' id='line_1_9' title="bbox 248 621 948 664; baseline -0.004 -9"><span class='ocrx_word' id='word_1_42' title='bbox 248 633 372 664; x_wconf 78' lang='lat' dir='ltr'>genere</span> <span class='ocrx_word' id='word_1_43' title='bbox 397 623 485 664; x_wconf 89' lang='lat' dir='ltr'>quod</span> <span class='ocrx_word' id='word_1_44' title='bbox 502 623 595 661; x_wconf 83' lang='grc' dir='ltr'>κεμὰς</span> <span class='ocrx_word' id='word_1_45' title='bbox 615 624 820 664; x_wconf 81' lang='lat' dir='ltr'>appellatur,</span> <span class='ocrx_word' id='word_1_46' title='bbox 843 621 948 662; x_wconf 73' lang='grc' dir='ltr'>ξανθαί</span> 
     </span>
     <span class='ocr_line' id='line_1_10' title="bbox 247 673 947 713; baseline 0.001 -9"><span class='ocrx_word' id='word_1_47' title='bbox 247 686 286 713; x_wconf 65' lang='grc' dir='ltr'>γε</span> <span class='ocrx_word' id='word_1_48' title='bbox 301 674 361 712; x_wconf 82' lang='grc' dir='ltr'>μὴν</span> <span class='ocrx_word' id='word_1_49' title='bbox 375 673 412 704; x_wconf 83' lang='grc' dir='ltr'>τὸ</span> <span class='ocrx_word' id='word_1_50' title='bbox 429 673 538 704; x_wconf 76' lang='grc' dir='ltr'>λοιπὸν</span> <span class='ocrx_word' id='word_1_51' title='bbox 551 673 638 712; x_wconf 83' lang='grc' dir='ltr'><strong>σῶμά.</strong></span> <span class='ocrx_word' id='word_1_52' title='bbox 655 673 722 705; x_wconf 77' lang='grc' dir='ltr'>εἶσι.</span> <span class='ocrx_word' id='word_1_53' title='bbox 761 674 827 705; x_wconf 80' lang='lat' dir='ltr'>Sed</span> <span class='ocrx_word' id='word_1_54' title='bbox 843 674 947 705; x_wconf 81' lang='lat' dir='ltr'>verba</span> 
     </span>
     <span class='ocr_line' id='line_1_11' title="bbox 246 724 947 766; baseline -0.004 -10"><span class='ocrx_word' id='word_1_55' title='bbox 246 725 410 762; x_wconf 79' lang='lat' dir='ltr'>Sallustii,</span> <span class='ocrx_word' id='word_1_56' title='bbox 433 735 506 766; x_wconf 72' lang='lat' dir='ltr'>qua·</span> <span class='ocrx_word' id='word_1_57' title='bbox 536 735 554 756; x_wconf 89' lang='lat' dir='ltr'>a</span> <span class='ocrx_word' id='word_1_58' title='bbox 581 725 695 756; x_wconf 75' lang='lat' dir='ltr'>Servio</span> <span class='ocrx_word' id='word_1_59' title='bbox 722 724 947 763; x_wconf 83' lang='lat' dir='ltr'>adducuntur,</span> 
     </span>
     <span class='ocr_line' id='line_1_12' title="bbox 247 779 947 818; baseline -0.004 -11"><span class='ocrx_word' id='word_1_60' title='bbox 247 786 314 807; x_wconf 88' lang='lat' dir='ltr'>non</span> <span class='ocrx_word' id='word_1_61' title='bbox 332 785 570 818; x_wconf 81' lang='lat' dir='ltr'>usquequaque</span> <span class='ocrx_word' id='word_1_62' title='bbox 590 785 666 805; x_wconf 79' lang='lat' dir='ltr'>vcra</span> <span class='ocrx_word' id='word_1_63' title='bbox 682 779 773 811; x_wconf 81' lang='lat' dir='ltr'>sunt,</span> <span class='ocrx_word' id='word_1_64' title='bbox 790 784 866 804; x_wconf 83' lang='lat' dir='ltr'>narn</span> <span class='ocrx_word' id='word_1_65' title='bbox 882 783 947 805; x_wconf 90' lang='lat' dir='ltr'>non</span> 
     </span>
     <span class='ocr_line' id='line_1_13' title="bbox 246 824 947 864; baseline -0.003 -7"><span class='ocrx_word' id='word_1_66' title='bbox 246 836 363 858; x_wconf 86' lang='lat' dir='ltr'>omues</span> <span class='ocrx_word' id='word_1_67' title='bbox 391 832 502 857; x_wconf 77' lang='lat' dir='ltr'>vestes</span> <span class='ocrx_word' id='word_1_68' title='bbox 534 825 576 855; x_wconf 87' lang='lat' dir='ltr'>de</span> <span class='ocrx_word' id='word_1_69' title='bbox 607 824 749 864; x_wconf 82' lang='lat' dir='ltr'>pellibus</span> <span class='ocrx_word' id='word_1_70' title='bbox 783 824 947 855; x_wconf 74' lang='lat' dir='ltr'>rhenones</span> 
     </span>
     <span class='ocr_line' id='line_1_14' title="bbox 249 874 945 917; baseline -0.004 -9"><span class='ocrx_word' id='word_1_71' title='bbox 249 876 452 917; x_wconf 72' lang='lat' dir='ltr'>appellatas,</span> <span class='ocrx_word' id='word_1_72' title='bbox 476 876 507 905; x_wconf 87' lang='lat' dir='ltr'>id</span> <span class='ocrx_word' id='word_1_73' title='bbox 527 884 606 905; x_wconf 80' lang='lat' dir='ltr'>vero</span> <span class='ocrx_word' id='word_1_74' title='bbox 624 884 682 914; x_wconf 82' lang='lat' dir='ltr'>pro</span> <span class='ocrx_word' id='word_1_75' title='bbox 697 879 791 905; x_wconf 88' lang='lat' dir='ltr'>certo</span> <span class='ocrx_word' id='word_1_76' title='bbox 815 874 945 906; x_wconf 82' lang='lat' dir='ltr'>habeo:</span> 
     </span>
     <span class='ocr_line' id='line_1_15' title="bbox 245 926 949 968; baseline -0.001 -11"><span class='ocrx_word' id='word_1_77' title='bbox 245 937 352 968; x_wconf 86' lang='lat' dir='ltr'>quare</span> <span class='ocrx_word' id='word_1_78' title='bbox 376 931 476 957; x_wconf 85' lang='lat' dir='ltr'>caute</span> <span class='ocrx_word' id='word_1_79' title='bbox 501 930 538 957; x_wconf 84' lang='lat' dir='ltr'>ct</span> <span class='ocrx_word' id='word_1_80' title='bbox 565 929 658 956; x_wconf 85' lang='lat' dir='ltr'>recte</span> <span class='ocrx_word' id='word_1_81' title='bbox 683 926 797 957; x_wconf 82' lang='lat' dir='ltr'>Caesar</span> <span class='ocrx_word' id='word_1_82' title='bbox 818 926 949 966; x_wconf 77' lang='lat' dir='ltr'>pellibus</span> 
     </span>
     <span class='ocr_line' id='line_1_16' title="bbox 249 976 949 1018; baseline 0.003 -11"><span class='ocrx_word' id='word_1_83' title='bbox 249 977 392 1017; x_wconf 87' lang='lat' dir='ltr'>primum</span> <span class='ocrx_word' id='word_1_84' title='bbox 411 977 532 1018; x_wconf 85' lang='lat' dir='ltr'>inquit,</span> <span class='ocrx_word' id='word_1_85' title='bbox 548 976 635 1017; x_wconf 88' lang='lat' dir='ltr'>quod</span> <span class='ocrx_word' id='word_1_86' title='bbox 653 978 811 1017; x_wconf 84' lang='lat' dir='ltr'>generale</span> <span class='ocrx_word' id='word_1_87' title='bbox 831 982 949 1018; x_wconf 80' lang='lat' dir='ltr'>postea</span> 
     </span>
     <span class='ocr_line' id='line_1_17' title="bbox 248 1027 948 1068; baseline 0.001 -11"><span class='ocrx_word' id='word_1_88' title='bbox 248 1027 291 1058; x_wconf 79' lang='lat' dir='ltr'>ad</span> <span class='ocrx_word' id='word_1_89' title='bbox 321 1027 471 1068; x_wconf 85' lang='lat' dir='ltr'>speciem</span> <span class='ocrx_word' id='word_1_90' title='bbox 497 1027 602 1065; x_wconf 80' lang='lat' dir='ltr'>venit,</span> <span class='ocrx_word' id='word_1_91' title='bbox 629 1027 639 1044; x_wconf 81' lang='lat'><em>⁴</em></span> <span class='ocrx_word' id='word_1_92' title='bbox 656 1031 714 1057; x_wconf 89' lang='lat' dir='ltr'>aut</span> <span class='ocrx_word' id='word_1_93' title='bbox 741 1027 853 1067; x_wconf 86' lang='lat' dir='ltr'>parvis</span> <span class='ocrx_word' id='word_1_94' title='bbox 876 1028 948 1058; x_wconf 83' lang='lat' dir='ltr'>rile-</span> 
     </span>
     <span class='ocr_line' id='line_1_18' title="bbox 246 1076 948 1117; baseline 0 -8"><span class='ocrx_word' id='word_1_95' title='bbox 246 1087 370 1110; x_wconf 83' lang='lat' dir='ltr'>nonum</span> <span class='ocrx_word' id='word_1_96' title='bbox 401 1076 630 1117; x_wconf 62' lang='lat' dir='ltr'>tegumentis)</span> <span class='ocrx_word' id='word_1_97' title='bbox 686 1077 811 1108; x_wconf 84' lang='lat' dir='ltr'><strong>Postea</strong></span> <span class='ocrx_word' id='word_1_98' title='bbox 835 1082 948 1109; x_wconf 87' lang='lat' dir='ltr'>autem</span> 
     </span>
     <span class='ocr_line' id='line_1_19' title="bbox 248 1126 948 1160; baseline 0 -2"><span class='ocrx_word' id='word_1_99' title='bbox 248 1128 290 1158; x_wconf 83' lang='lat' dir='ltr'>ab</span> <span class='ocrx_word' id='word_1_100' title='bbox 307 1128 441 1160; x_wconf 91' lang='lat' dir='ltr'>animali</span> <span class='ocrx_word' id='word_1_101' title='bbox 456 1126 583 1158; x_wconf 78' lang='lat' dir='ltr'>factum</span> <span class='ocrx_word' id='word_1_102' title='bbox 600 1127 686 1158; x_wconf 86' lang='lat' dir='ltr'>vesti</span> <span class='ocrx_word' id='word_1_103' title='bbox 703 1137 824 1159; x_wconf 88' lang='lat' dir='ltr'>nomen</span> <span class='ocrx_word' id='word_1_104' title='bbox 840 1138 847 1158; x_wconf 76' lang='grc' dir='ltr'><strong><em>ε</em></strong></span> <span class='ocrx_word' id='word_1_105' title='bbox 871 1138 948 1158; x_wconf 86' lang='lat' dir='ltr'>nam</span> 
     </span>
     <span class='ocr_line' id='line_1_20' title="bbox 247 1179 949 1210; baseline 0.003 -2"><span class='ocrx_word' id='word_1_106' title='bbox 247 1179 365 1210; x_wconf 73' lang='lat' dir='ltr'>solitos</span> <span class='ocrx_word' id='word_1_107' title='bbox 396 1179 582 1209; x_wconf 74' lang='lat' dir='ltr'>Germanos</span> <span class='ocrx_word' id='word_1_108' title='bbox 610 1179 753 1209; x_wconf 85' lang='lat' dir='ltr'>vestium</span> <span class='ocrx_word' id='word_1_109' title='bbox 785 1179 949 1210; x_wconf 83' lang='lat' dir='ltr'>vocabula</span> 
     </span>
     <span class='ocr_line' id='line_1_21' title="bbox 248 1227 949 1260; baseline 0.001 -1"><span class='ocrx_word' id='word_1_110' title='bbox 248 1228 291 1259; x_wconf 83' lang='lat' dir='ltr'>nb</span> <span class='ocrx_word' id='word_1_111' title='bbox 321 1227 522 1259; x_wconf 76' lang='lat' dir='ltr'>animalibus</span> <span class='ocrx_word' id='word_1_112' title='bbox 548 1228 726 1259; x_wconf 79' lang='lat' dir='ltr'>desumere</span> <span class='ocrx_word' id='word_1_113' title='bbox 754 1229 804 1259; x_wconf 83' lang='lat' dir='ltr'>vel</span> <span class='ocrx_word' id='word_1_114' title='bbox 829 1239 949 1260; x_wconf 88' lang='lat' dir='ltr'>nomen</span> 
     </span>
     <span class='ocr_line' id='line_1_22' title="bbox 247 1279 948 1311; baseline 0.001 -1"><span class='ocrx_word' id='word_1_115' title='bbox 247 1279 402 1310; x_wconf 79' lang='lat' dir='ltr'>Bassaris</span> <span class='ocrx_word' id='word_1_116' title='bbox 439 1279 580 1310; x_wconf 79' lang='lat' dir='ltr'>indicet.</span> <span class='ocrx_word' id='word_1_117' title='bbox 638 1279 736 1309; x_wconf 85' lang='lat' dir='ltr'>Vett.</span> <span class='ocrx_word' id='word_1_118' title='bbox 770 1279 880 1311; x_wconf 80' lang='lat' dir='ltr'>Gloss.</span> <span class='ocrx_word' id='word_1_119' title='bbox 915 1280 948 1311; x_wconf 91' lang='lat' dir='ltr'>in</span> 
     </span>
     <span class='ocr_line' id='line_1_23' title="bbox 248 1329 947 1369; baseline -0.001 -7"><span class='ocrx_word' id='word_1_120' title='bbox 248 1331 360 1362; x_wconf 75' lang='lat' dir='ltr'>Persii</span> <span class='ocrx_word' id='word_1_121' title='bbox 386 1331 457 1362; x_wconf 86' lang='lat' dir='ltr'>Sat.</span> <span class='ocrx_word' id='word_1_122' title='bbox 483 1340 507 1361; x_wconf 90' lang='lat'>1.</span> <span class='ocrx_word' id='word_1_123' title='bbox 532 1331 541 1347; x_wconf 81' lang='lat'><em>⁴</em></span> <span class='ocrx_word' id='word_1_124' title='bbox 560 1329 947 1369; x_wconf 75' lang='lat' dir='ltr'>Bassarides,13acchae:</span> 
     </span>
     <span class='ocr_line' id='line_1_24' title="bbox 246 1380 949 1423; baseline 0 -11"><span class='ocrx_word' id='word_1_125' title='bbox 246 1381 447 1423; x_wconf 82' lang='lat' dir='ltr'>quibusdam</span> <span class='ocrx_word' id='word_1_126' title='bbox 473 1380 608 1410; x_wconf 86' lang='lat' dir='ltr'>videtur</span> <span class='ocrx_word' id='word_1_127' title='bbox 635 1389 652 1410; x_wconf 89' lang='lat' dir='ltr'>a</span> <span class='ocrx_word' id='word_1_128' title='bbox 680 1390 803 1419; x_wconf 79' lang='lat' dir='ltr'>genere</span> <span class='ocrx_word' id='word_1_129' title='bbox 831 1382 949 1421; x_wconf 67' lang='lat' dir='ltr'>vestis,</span> 
     </span>
     <span class='ocr_line' id='line_1_25' title="bbox 248 1430 949 1472; baseline 0 -10"><span class='ocrx_word' id='word_1_130' title='bbox 248 1441 315 1472; x_wconf 86' lang='lat' dir='ltr'>qua</span> <span class='ocrx_word' id='word_1_131' title='bbox 341 1431 442 1462; x_wconf 85' lang='lat' dir='ltr'>Liber</span> <span class='ocrx_word' id='word_1_132' title='bbox 467 1430 572 1461; x_wconf 86' lang='lat' dir='ltr'>Pater</span> <span class='ocrx_word' id='word_1_133' title='bbox 598 1430 720 1470; x_wconf 86' lang='lat' dir='ltr'>utitur,</span> <span class='ocrx_word' id='word_1_134' title='bbox 741 1430 884 1462; x_wconf 84' lang='lat' dir='ltr'>demissa</span> <span class='ocrx_word' id='word_1_135' title='bbox 907 1432 949 1462; x_wconf 86' lang='lat' dir='ltr'>ad</span> 
     </span>
     <span class='ocr_line' id='line_1_26' title="bbox 248 1482 950 1523; baseline -0.001 -10"><span class='ocrx_word' id='word_1_136' title='bbox 248 1484 345 1522; x_wconf 86' lang='lat' dir='ltr'>talos,</span> <span class='ocrx_word' id='word_1_137' title='bbox 361 1492 460 1523; x_wconf 86' lang='lat' dir='ltr'>quam</span> <span class='ocrx_word' id='word_1_138' title='bbox 481 1482 628 1513; x_wconf 83' lang='lat' dir='ltr'>Thraces</span> <span class='ocrx_word' id='word_1_139' title='bbox 651 1482 822 1512; x_wconf 86' lang='lat' dir='ltr'>Bassarin.</span> <span class='ocrx_word' id='word_1_140' title='bbox 868 1482 950 1515; x_wconf 82' lang='lat' dir='ltr'>Qui-</span> 
     </span>
     <span class='ocr_line' id='line_1_27' title="bbox 247 1531 951 1572; baseline 0.001 -10"><span class='ocrx_word' id='word_1_141' title='bbox 247 1531 324 1562; x_wconf 82' lang='lat' dir='ltr'>dam</span> <span class='ocrx_word' id='word_1_142' title='bbox 344 1541 362 1561; x_wconf 85' lang='lat' dir='ltr'>a</span> <span class='ocrx_word' id='word_1_143' title='bbox 379 1531 546 1571; x_wconf 83' lang='lat' dir='ltr'>vulpibus,</span> <span class='ocrx_word' id='word_1_144' title='bbox 557 1541 700 1572; x_wconf 84' lang='lat' dir='ltr'>quarum</span> <span class='ocrx_word' id='word_1_145' title='bbox 713 1531 858 1571; x_wconf 84' lang='lat' dir='ltr'>pellibus</span> <span class='ocrx_word' id='word_1_146' title='bbox 867 1532 951 1563; x_wconf 87' lang='lat' dir='ltr'>Bac-</span> 
     </span>
     <span class='ocr_line' id='line_1_28' title="bbox 247 1582 950 1622; baseline 0 -9"><span class='ocrx_word' id='word_1_147' title='bbox 247 1582 320 1613; x_wconf 79' lang='lat' dir='ltr'>cliae</span> <span class='ocrx_word' id='word_1_148' title='bbox 335 1582 631 1621; x_wconf 77' lang='lat' dir='ltr'>succingebautur.</span> <span class='ocrx_word' id='word_1_149' title='bbox 662 1583 791 1622; x_wconf 83' lang='lat' dir='ltr'>Vulpes</span> <span class='ocrx_word' id='word_1_150' title='bbox 801 1582 950 1613; x_wconf 86' lang='lat' dir='ltr'>Thraces</span> 
     </span>
     <span class='ocr_line' id='line_1_29' title="bbox 248 1633 949 1666; baseline 0.001 -3"><span class='ocrx_word' id='word_1_151' title='bbox 248 1633 408 1664; x_wconf 74' lang='lat' dir='ltr'>Bassai-es</span> <span class='ocrx_word' id='word_1_152' title='bbox 426 1633 567 1663; x_wconf 61' lang='lat' dir='ltr'>dicunt)</span> <span class='ocrx_word' id='word_1_153' title='bbox 606 1634 705 1666; x_wconf 86' lang='lat' dir='ltr'>Quod</span> <span class='ocrx_word' id='word_1_154' title='bbox 718 1643 854 1664; x_wconf 84' lang='lat' dir='ltr'>verum:</span> <span class='ocrx_word' id='word_1_155' title='bbox 872 1643 949 1664; x_wconf 86' lang='lat' dir='ltr'>nam</span> 
     </span>
     <span class='ocr_line' id='line_1_30' title="bbox 247 1683 949 1724; baseline 0.003 -11"><span class='ocrx_word' id='word_1_156' title='bbox 247 1688 283 1714; x_wconf 84' lang='lat' dir='ltr'>et</span> <span class='ocrx_word' id='word_1_157' title='bbox 300 1683 466 1724; x_wconf 82' lang='lat' dir='ltr'>hodieque</span> <span class='ocrx_word' id='word_1_158' title='bbox 492 1693 558 1714; x_wconf 83' lang='lat' dir='ltr'>vox</span> <span class='ocrx_word' id='word_1_159' title='bbox 584 1683 642 1714; x_wconf 87' lang='lat' dir='ltr'>illa</span> <span class='ocrx_word' id='word_1_160' title='bbox 668 1683 734 1714; x_wconf 91' lang='lat' dir='ltr'>levi</span> <span class='ocrx_word' id='word_1_161' title='bbox 761 1683 949 1715; x_wconf 84' lang='lat' dir='ltr'>mutatione</span> 
     </span>
     <span class='ocr_line' id='line_1_31' title="bbox 247 1733 948 1774; baseline 0.001 -11"><span class='ocrx_word' id='word_1_162' title='bbox 247 1735 302 1765; x_wconf 85' lang='grc' dir='ltr'>τοῦ</span> <span class='ocrx_word' id='word_1_163' title='bbox 317 1734 334 1763; x_wconf 85' lang='lat' dir='ltr'><strong><em>b</em></strong></span> <span class='ocrx_word' id='word_1_164' title='bbox 351 1735 383 1765; x_wconf 92' lang='lat' dir='ltr'>in</span> <span class='ocrx_word' id='word_1_165' title='bbox 400 1745 418 1765; x_wconf 85' lang='lat' dir='ltr'><strong><em>v</em></strong></span> <span class='ocrx_word' id='word_1_166' title='bbox 435 1739 470 1766; x_wconf 86' lang='lat' dir='ltr'>et</span> <span class='ocrx_word' id='word_1_167' title='bbox 492 1744 511 1764; x_wconf 84' lang='grc' dir='ltr'><em>α</em></span> <span class='ocrx_word' id='word_1_168' title='bbox 530 1734 563 1764; x_wconf 93' lang='lat' dir='ltr'>in</span> <span class='ocrx_word' id='word_1_169' title='bbox 587 1744 615 1774; x_wconf 88' lang='lat' dir='ltr'>o,</span> <span class='ocrx_word' id='word_1_170' title='bbox 633 1744 687 1765; x_wconf 85' lang='lat' dir='ltr'>vos</span> <span class='ocrx_word' id='word_1_171' title='bbox 702 1733 827 1765; x_wconf 82' lang='lat' dir='ltr'>dicitur</span> <span class='ocrx_word' id='word_1_172' title='bbox 842 1734 948 1764; x_wconf 85' lang='lat' dir='ltr'>nobis.</span> 
     </span>
     <span class='ocr_line' id='line_1_32' title="bbox 253 1786 951 1819; baseline -0.003 -1"><span class='ocrx_word' id='word_1_173' title='bbox 253 1787 391 1819; x_wconf 79' lang='lat' dir='ltr'><strong><em>Vossius.</em></strong></span> <span class='ocrx_word' id='word_1_174' title='bbox 447 1787 627 1817; x_wconf 82' lang='lat' dir='ltr'>Rhenonum</span> <span class='ocrx_word' id='word_1_175' title='bbox 664 1786 752 1817; x_wconf 88' lang='lat' dir='ltr'>bene</span> <span class='ocrx_word' id='word_1_176' title='bbox 789 1786 951 1816; x_wconf 82' lang='lat' dir='ltr'>exhibent</span> 
     </span>
     <span class='ocr_line' id='line_1_33' title="bbox 248 1835 950 1878; baseline -0.003 -11"><span class='ocrx_word' id='word_1_177' title='bbox 248 1837 344 1869; x_wconf 77' lang='lat' dir='ltr'>Voss.</span> <span class='ocrx_word' id='word_1_178' title='bbox 372 1838 470 1878; x_wconf 90' lang='lat' dir='ltr'>prim.</span> <span class='ocrx_word' id='word_1_179' title='bbox 501 1837 615 1868; x_wconf 77' lang='lat' dir='ltr'>Oxon.</span> <span class='ocrx_word' id='word_1_180' title='bbox 645 1841 682 1867; x_wconf 80' lang='lat' dir='ltr'>et</span> <span class='ocrx_word' id='word_1_181' title='bbox 706 1836 773 1867; x_wconf 90' lang='lat' dir='ltr'>alii.</span> <span class='ocrx_word' id='word_1_182' title='bbox 833 1835 950 1867; x_wconf 77' lang='lat' dir='ltr'>Ceteri</span> 
     </span>
     <span class='ocr_line' id='line_1_34' title="bbox 248 1885 948 1923; baseline -0.003 -6"><span class='ocrx_word' id='word_1_183' title='bbox 248 1887 451 1918; x_wconf 76' lang='lat' dir='ltr'>vetustiores</span> <span class='ocrx_word' id='word_1_184' title='bbox 487 1886 664 1916; x_wconf 79' lang='lat' dir='ltr'>Rhenorum</span> <span class='ocrx_word' id='word_1_185' title='bbox 693 1886 747 1915; x_wconf 93' lang='lat' dir='ltr'>vel</span> <span class='ocrx_word' id='word_1_186' title='bbox 782 1885 948 1923; x_wconf 82' lang='lat' dir='ltr'>Renorum,</span> 
     </span>
     <span class='ocr_line' id='line_1_35' title="bbox 247 1936 949 1976; baseline -0.003 -8"><span class='ocrx_word' id='word_1_187' title='bbox 247 1937 303 1968; x_wconf 82' lang='lat' dir='ltr'>alii</span> <span class='ocrx_word' id='word_1_188' title='bbox 328 1938 498 1976; x_wconf 76' lang='lat' dir='ltr'>Renmzum,</span> <span class='ocrx_word' id='word_1_189' title='bbox 523 1937 649 1975; x_wconf 81' lang='lat' dir='ltr'>Rerum,</span> <span class='ocrx_word' id='word_1_190' title='bbox 667 1936 718 1966; x_wconf 86' lang='lat' dir='ltr'>vel</span> <span class='ocrx_word' id='word_1_191' title='bbox 737 1936 858 1967; x_wconf 82' lang='lat' dir='ltr'>Renum</span> <span class='ocrx_word' id='word_1_192' title='bbox 874 1946 949 1966; x_wconf 90' lang='lat' dir='ltr'>cum</span> 
     </span>
     <span class='ocr_line' id='line_1_36' title="bbox 250 1985 948 2023; baseline -0.003 -4"><span class='ocrx_word' id='word_1_193' title='bbox 250 1988 313 2019; x_wconf 86' lang='lat' dir='ltr'>Ed.</span> <span class='ocrx_word' id='word_1_194' title='bbox 332 1988 468 2018; x_wconf 73' lang='lat' dir='ltr'>Incerta</span> <span class='ocrx_word' id='word_1_195' title='bbox 493 1992 527 2017; x_wconf 84' lang='lat' dir='ltr'>ct</span> <span class='ocrx_word' id='word_1_196' title='bbox 554 1985 735 2023; x_wconf 83' lang='lat' dir='ltr'>Beroaldi;</span> <span class='ocrx_word' id='word_1_197' title='bbox 770 1985 828 2016; x_wconf 87' lang='lat' dir='ltr'>sed</span> <span class='ocrx_word' id='word_1_198' title='bbox 856 1990 948 2017; x_wconf 87' lang='lat' dir='ltr'>recte</span> 
     </span>
     <span class='ocr_line' id='line_1_37' title="bbox 250 2035 949 2077; baseline 0 -9"><span class='ocrx_word' id='word_1_199' title='bbox 250 2037 430 2068; x_wconf 71' lang='lat' dir='ltr'>Rhenanam</span> <span class='ocrx_word' id='word_1_200' title='bbox 447 2037 517 2077; x_wconf 85' lang='lat' dir='ltr'>jam</span> <span class='ocrx_word' id='word_1_201' title='bbox 544 2035 697 2067; x_wconf 71' lang='lat' dir='ltr'>defendit</span> <span class='ocrx_word' id='word_1_202' title='bbox 723 2036 842 2067; x_wconf 82' lang='lat' dir='ltr'>Carrio</span> <span class='ocrx_word' id='word_1_203' title='bbox 867 2035 949 2068; x_wconf 88' lang='lat' dir='ltr'>Ant.</span> 
     </span>
     <span class='ocr_line' id='line_1_38' title="bbox 251 2086 950 2125; baseline -0.004 -6"><span class='ocrx_word' id='word_1_204' title='bbox 251 2089 347 2119; x_wconf 89' lang='lat' dir='ltr'>Lect.</span> <span class='ocrx_word' id='word_1_205' title='bbox 372 2097 427 2119; x_wconf 88' lang='grc' dir='ltr'>ιιι.</span> <span class='ocrx_word' id='word_1_206' title='bbox 454 2090 484 2118; x_wconf 77' lang='lat'>2.</span> <span class='ocrx_word' id='word_1_207' title='bbox 514 2087 568 2118; x_wconf 89' lang='lat' dir='ltr'>cui</span> <span class='ocrx_word' id='word_1_208' title='bbox 587 2086 673 2117; x_wconf 85' lang='lat' dir='ltr'>adde</span> <span class='ocrx_word' id='word_1_209' title='bbox 698 2087 889 2125; x_wconf 84' lang='lat' dir='ltr'>Brantium,</span> <span class='ocrx_word' id='word_1_210' title='bbox 914 2090 950 2117; x_wconf 88' lang='lat' dir='ltr'>et</span> 
     </span>
     <span class='ocr_line' id='line_1_39' title="bbox 249 2136 949 2177; baseline -0.004 -7"><span class='ocrx_word' id='word_1_211' title='bbox 249 2139 303 2170; x_wconf 86' lang='lat' dir='ltr'>Cl.</span> <span class='ocrx_word' id='word_1_212' title='bbox 322 2139 451 2170; x_wconf 84' lang='lat' dir='ltr'>Duker.</span> <span class='ocrx_word' id='word_1_213' title='bbox 470 2137 511 2168; x_wconf 82' lang='lat' dir='ltr'>ad</span> <span class='ocrx_word' id='word_1_214' title='bbox 528 2138 617 2168; x_wconf 86' lang='lat' dir='ltr'>Flor.</span> <span class='ocrx_word' id='word_1_215' title='bbox 635 2146 675 2167; x_wconf 86' lang='lat' dir='ltr'>n.</span> <span class='ocrx_word' id='word_1_216' title='bbox 692 2139 743 2168; x_wconf 86' lang='grc'>17.</span> <span class='ocrx_word' id='word_1_217' title='bbox 770 2138 786 2177; x_wconf 67' lang='grc' dir='ltr'>ἑ)</span> <span class='ocrx_word' id='word_1_218' title='bbox 809 2139 839 2168; x_wconf 84' lang='grc'>4.</span> <span class='ocrx_word' id='word_1_219' title='bbox 888 2136 949 2168; x_wconf 91' lang='lat' dir='ltr'>Ce-</span> 
     </span>
     <span class='ocr_line' id='line_1_40' title="bbox 250 2186 949 2220; baseline -0.001 -1"><span class='ocrx_word' id='word_1_220' title='bbox 250 2193 358 2220; x_wconf 82' lang='lat' dir='ltr'>terum</span> <span class='ocrx_word' id='word_1_221' title='bbox 381 2198 445 2218; x_wconf 88' lang='lat' dir='ltr'>non</span> <span class='ocrx_word' id='word_1_222' title='bbox 464 2187 638 2219; x_wconf 77' lang='lat' dir='ltr'>Aimoinus</span> <span class='ocrx_word' id='word_1_223' title='bbox 665 2192 794 2218; x_wconf 78' lang='lat' dir='ltr'>tantuin</span> <span class='ocrx_word' id='word_1_224' title='bbox 818 2186 865 2218; x_wconf 89' lang='lat' dir='ltr'>ait</span> <span class='ocrx_word' id='word_1_225' title='bbox 887 2187 949 2218; x_wconf 82' lang='lat' dir='ltr'>hoc</span> 
     </span>
     <span class='ocr_line' id='line_1_41' title="bbox 250 2237 948 2276; baseline -0.003 -7"><span class='ocrx_word' id='word_1_226' title='bbox 250 2239 326 2270; x_wconf 89' lang='lat' dir='ltr'>loco</span> <span class='ocrx_word' id='word_1_227' title='bbox 353 2239 511 2269; x_wconf 78' lang='lat' dir='ltr'>Rhemmes</span> <span class='ocrx_word' id='word_1_228' title='bbox 538 2248 611 2268; x_wconf 79' lang='lat' dir='ltr'>esse</span> <span class='ocrx_word' id='word_1_229' title='bbox 638 2237 789 2268; x_wconf 79' lang='lat' dir='ltr'>animalis</span> <span class='ocrx_word' id='word_1_230' title='bbox 821 2246 948 2276; x_wconf 77' lang='lat' dir='ltr'>gcuus;</span> 
     </span>
     <span class='ocr_line' id='line_1_42' title="bbox 249 2287 952 2327; baseline 0.001 -9"><span class='ocrx_word' id='word_1_231' title='bbox 249 2297 325 2319; x_wconf 81' lang='lat' dir='ltr'>nam</span> <span class='ocrx_word' id='word_1_232' title='bbox 352 2292 387 2319; x_wconf 87' lang='lat' dir='ltr'>et</span> <span class='ocrx_word' id='word_1_233' title='bbox 414 2289 666 2327; x_wconf 60' lang='lat' dir='ltr'>Memphi-astos</span> <span class='ocrx_word' id='word_1_234' title='bbox 692 2288 829 2327; x_wconf 73' lang='lat' dir='ltr'>scripsit</span> <span class='ocrx_word' id='word_1_235' title='bbox 856 2287 952 2326; x_wconf 82' lang='grc' dir='ltr'><strong><em>ῥήνων</em></strong></span> 
     </span>
     <span class='ocr_line' id='line_1_43' title="bbox 249 2337 949 2379; baseline 0 -11"><span class='ocrx_word' id='word_1_236' title='bbox 249 2337 445 2375; x_wconf 80' lang='grc' dir='ltr'>καλουμένων</span> <span class='ocrx_word' id='word_1_237' title='bbox 459 2338 544 2378; x_wconf 77' lang='grc' dir='ltr'><em>ζώων</em></span> <span class='ocrx_word' id='word_1_238' title='bbox 555 2337 710 2379; x_wconf 77' lang='grc' dir='ltr'>δέρμασιν.</span> <span class='ocrx_word' id='word_1_239' title='bbox 758 2338 845 2369; x_wconf 85' lang='lat' dir='ltr'>Hinc</span> <span class='ocrx_word' id='word_1_240' title='bbox 865 2339 949 2369; x_wconf 81' lang='lat' dir='ltr'>tales</span> 
     </span>
     <span class='ocr_line' id='line_1_44' title="bbox 250 2389 949 2427; baseline -0.001 -7"><span class='ocrx_word' id='word_1_241' title='bbox 250 2389 391 2420; x_wconf 77' lang='lat' dir='ltr'>Remmes</span> <span class='ocrx_word' id='word_1_242' title='bbox 415 2399 472 2419; x_wconf 85' lang='lat' dir='ltr'>seu</span> <span class='ocrx_word' id='word_1_243' title='bbox 501 2390 580 2420; x_wconf 62' lang='grc' dir='ltr'>Καὶ</span> <span class='ocrx_word' id='word_1_244' title='bbox 605 2389 658 2419; x_wconf 84' lang='lat' dir='ltr'>vel</span> <span class='ocrx_word' id='word_1_245' title='bbox 690 2389 860 2427; x_wconf 64' lang='lat' dir='ltr'>Rhenum,</span> <span class='ocrx_word' id='word_1_246' title='bbox 883 2398 949 2419; x_wconf 87' lang='lat' dir='ltr'>non</span> 
     </span>
     <span class='ocr_line' id='line_1_45' title="bbox 250 2439 950 2479; baseline 0 -9"><span class='ocrx_word' id='word_1_247' title='bbox 250 2448 329 2470; x_wconf 86' lang='lat' dir='ltr'>vero</span> <span class='ocrx_word' id='word_1_248' title='bbox 356 2439 447 2477; x_wconf 76' lang='lat' dir='ltr'>hirci,</span> <span class='ocrx_word' id='word_1_249' title='bbox 470 2444 548 2469; x_wconf 86' lang='lat' dir='ltr'>sunt</span> <span class='ocrx_word' id='word_1_250' title='bbox 572 2439 722 2479; x_wconf 64' lang='lat' dir='ltr'>expressi</span> <span class='ocrx_word' id='word_1_251' title='bbox 751 2439 783 2469; x_wconf 85' lang='lat' dir='ltr'>in</span> <span class='ocrx_word' id='word_1_252' title='bbox 809 2440 950 2470; x_wconf 78' lang='lat' dir='ltr'>nummis</span> 
     </span>
     <span class='ocr_line' id='line_1_46' title="bbox 250 2488 950 2529; baseline 0.001 -10"><span class='ocrx_word' id='word_1_253' title='bbox 250 2488 361 2529; x_wconf 83' lang='lat' dir='ltr'>gentis</span> <span class='ocrx_word' id='word_1_254' title='bbox 388 2488 518 2519; x_wconf 75' lang='lat' dir='ltr'>Renioe:</span> <span class='ocrx_word' id='word_1_255' title='bbox 551 2493 586 2518; x_wconf 88' lang='lat' dir='ltr'>ut</span> <span class='ocrx_word' id='word_1_256' title='bbox 615 2489 716 2519; x_wconf 70' lang='lat' dir='ltr'>doc-et</span> <span class='ocrx_word' id='word_1_257' title='bbox 744 2490 881 2520; x_wconf 70' lang='lat' dir='ltr'>Bertius</span> <span class='ocrx_word' id='word_1_258' title='bbox 908 2491 950 2520; x_wconf 88' lang='lat' dir='ltr'>ad</span> 
     </span>
     <span class='ocr_line' id='line_1_47' title="bbox 250 2538 950 2571; baseline 0 -1"><span class='ocrx_word' id='word_1_259' title='bbox 250 2538 442 2570; x_wconf 73' lang='lat' dir='ltr'>Germauiae</span> <span class='ocrx_word' id='word_1_260' title='bbox 459 2538 607 2569; x_wconf 77' lang='lat' dir='ltr'>tabularu</span> <span class='ocrx_word' id='word_1_261' title='bbox 636 2539 666 2568; x_wconf 87' lang='lat' dir='ltr'>in</span> <span class='ocrx_word' id='word_1_262' title='bbox 695 2550 755 2569; x_wconf 80' lang='lat' dir='ltr'>sua</span> <span class='ocrx_word' id='word_1_263' title='bbox 775 2541 950 2571; x_wconf 79' lang='lat' dir='ltr'>l&#39;toleinaei</span> 
     </span>
     <span class='ocr_line' id='line_1_48' title="bbox 250 2588 950 2622; baseline 0.004 -3"><span class='ocrx_word' id='word_1_264' title='bbox 250 2588 423 2620; x_wconf 89' lang='lat' dir='ltr'>Editione.</span> <span class='ocrx_word' id='word_1_265' title='bbox 481 2588 578 2619; x_wconf 76' lang='lat' dir='ltr'>Adde</span> <span class='ocrx_word' id='word_1_266' title='bbox 607 2590 719 2619; x_wconf 80' lang='lat' dir='ltr'>Ursiu.</span> <span class='ocrx_word' id='word_1_267' title='bbox 746 2590 776 2619; x_wconf 87' lang='lat' dir='ltr'>in</span> <span class='ocrx_word' id='word_1_268' title='bbox 805 2592 950 2622; x_wconf 67' lang='lat' dir='ltr'>l⁴‘amiliis</span> 
     </span>
     <span class='ocr_line' id='line_1_49' title="bbox 250 2638 951 2681; baseline 0.006 -12"><span class='ocrx_word' id='word_1_269' title='bbox 250 2638 422 2680; x_wconf 84' lang='lat' dir='ltr'>Romanis,</span> <span class='ocrx_word' id='word_1_270' title='bbox 438 2645 474 2670; x_wconf 88' lang='lat' dir='ltr'>et</span> <span class='ocrx_word' id='word_1_271' title='bbox 488 2639 583 2680; x_wconf 78' lang='lat' dir='ltr'>plura</span> <span class='ocrx_word' id='word_1_272' title='bbox 604 2640 646 2670; x_wconf 91' lang='lat' dir='ltr'>de</span> <span class='ocrx_word' id='word_1_273' title='bbox 670 2640 849 2672; x_wconf 73' lang='lat' dir='ltr'>Renom‘bus</span> <span class='ocrx_word' id='word_1_274' title='bbox 861 2642 951 2681; x_wconf 85' lang='lat' dir='ltr'>vide,</span> 
     </span>
     <span class='ocr_line' id='line_1_50' title="bbox 249 2689 951 2733; baseline 0.006 -14"><span class='ocrx_word' id='word_1_275' title='bbox 249 2690 276 2720; x_wconf 77' lang='lat' dir='ltr'>si</span> <span class='ocrx_word' id='word_1_276' title='bbox 304 2689 364 2729; x_wconf 80' lang='lat' dir='ltr'>vis,</span> <span class='ocrx_word' id='word_1_277' title='bbox 390 2689 423 2720; x_wconf 93' lang='lat' dir='ltr'>in</span> <span class='ocrx_word' id='word_1_278' title='bbox 451 2689 553 2722; x_wconf 80' lang='lat' dir='ltr'>Fabri</span> <span class='ocrx_word' id='word_1_279' title='bbox 578 2690 764 2732; x_wconf 82' lang='lat' dir='ltr'>Thesauro,</span> <span class='ocrx_word' id='word_1_280' title='bbox 790 2696 826 2723; x_wconf 85' lang='lat' dir='ltr'>et</span> <span class='ocrx_word' id='word_1_281' title='bbox 860 2693 951 2733; x_wconf 85' lang='lat' dir='ltr'>apud</span> 
     </span>
     <span class='ocr_line' id='line_1_51' title="bbox 251 2739 458 2774; baseline 0.014 -3"><span class='ocrx_word' id='word_1_282' title='bbox 251 2739 458 2774; x_wconf 76' lang='lat' dir='ltr'>Cluverium.</span> 
     </span>
    </p>
   </div>
   <div class='ocr_carea' id='block_1_3' title="bbox 714 174 1238 206">
    <p class='ocr_par' dir='ltr' id='par_1_3' title="bbox 714 174 1238 206">
     <span class='ocr_line' id='line_1_52' title="bbox 714 174 1238 206; baseline 0 0"><span class='ocrx_word' id='word_1_283' title='bbox 714 175 856 206; x_wconf 77' lang='lat' dir='ltr'>No&#39;rAE</span> <span class='ocrx_word' id='word_1_284' title='bbox 891 174 1152 206; x_wconf 74' lang='lat' dir='ltr'>VARIORUM</span> <span class='ocrx_word' id='word_1_285' title='bbox 1187 175 1238 206; x_wconf 85' lang='grc' dir='ltr'>ΙΝ</span> 
     </span>
    </p>
   </div>
   <div class='ocr_carea' id='block_1_4' title="bbox 993 268 1703 2785">
    <p class='ocr_par' dir='ltr' id='par_1_4' title="bbox 993 268 1703 2785">
     <span class='ocr_line' id='line_1_53' title="bbox 1035 268 1690 309; baseline 0.002 -8"><span class='ocrx_word' id='word_1_286' title='bbox 1035 278 1126 301; x_wconf 80' lang='lat' dir='ltr'>xxu.</span> <span class='ocrx_word' id='word_1_287' title='bbox 1147 272 1166 301; x_wconf 79' lang='lat'>2</span> <span class='ocrx_word' id='word_1_288' title='bbox 1190 269 1229 300; x_wconf 86' lang='lat' dir='ltr'>In</span> <span class='ocrx_word' id='word_1_289' title='bbox 1243 268 1337 309; x_wconf 77' lang='lat' dir='ltr'>lacte]</span> <span class='ocrx_word' id='word_1_290' title='bbox 1359 268 1415 300; x_wconf 89' lang='lat' dir='ltr'>Sic</span> <span class='ocrx_word' id='word_1_291' title='bbox 1430 269 1514 301; x_wconf 80' lang='lat' dir='ltr'>Mss.</span> <span class='ocrx_word' id='word_1_292' title='bbox 1528 273 1565 301; x_wconf 75' lang='lat' dir='ltr'>et</span> <span class='ocrx_word' id='word_1_293' title='bbox 1582 269 1690 303; x_wconf 74' lang='lat' dir='ltr'>Editt.</span> 
     </span>
     <span class='ocr_line' id='line_1_54' title="bbox 993 320 1692 354; baseline 0.003 -2"><span class='ocrx_word' id='word_1_294' title='bbox 993 321 1090 352; x_wconf 77' lang='lat' dir='ltr'>Vett.</span> <span class='ocrx_word' id='word_1_295' title='bbox 1107 320 1311 352; x_wconf 80' lang='lat' dir='ltr'>recentiores</span> <span class='ocrx_word' id='word_1_296' title='bbox 1327 320 1489 352; x_wconf 80' lang='lat' dir='ltr'>omittunt</span> <span class='ocrx_word' id='word_1_297' title='bbox 1501 321 1543 352; x_wconf 79' lang='lat' dir='ltr'>in.</span> <span class='ocrx_word' id='word_1_298' title='bbox 1583 321 1692 354; x_wconf 71' lang='lat' dir='ltr'>Clark.-</span> 
     </span>
     <span class='ocr_line' id='line_1_55' title="bbox 993 370 1692 402; baseline 0 0"><span class='ocrx_word' id='word_1_299' title='bbox 993 372 1003 389; x_wconf 83' lang='lat'>‘</span> <span class='ocrx_word' id='word_1_300' title='bbox 1022 372 1127 402; x_wconf 78' lang='lat' dir='ltr'>Lacte</span> <span class='ocrx_word' id='word_1_301' title='bbox 1151 376 1187 402; x_wconf 88' lang='lat' dir='ltr'>et</span> <span class='ocrx_word' id='word_1_302' title='bbox 1214 379 1314 401; x_wconf 85' lang='lat' dir='ltr'>caseo</span> <span class='ocrx_word' id='word_1_303' title='bbox 1331 374 1366 401; x_wconf 88' lang='lat' dir='ltr'>et</span> <span class='ocrx_word' id='word_1_304' title='bbox 1382 379 1484 401; x_wconf 88' lang='lat' dir='ltr'>carne</span> <span class='ocrx_word' id='word_1_305' title='bbox 1501 370 1657 402; x_wconf 82' lang='lat' dir='ltr'>consistit</span> <span class='ocrx_word' id='word_1_306' title='bbox 1666 370 1692 402; x_wconf 69' lang='grc' dir='ltr'>τ’</span> 
     </span>
     <span class='ocr_line' id='line_1_56' title="bbox 995 421 1694 462; baseline -0.001 -9"><span class='ocrx_word' id='word_1_307' title='bbox 995 423 1078 454; x_wconf 85' lang='lat' dir='ltr'>duas</span> <span class='ocrx_word' id='word_1_308' title='bbox 1103 423 1176 453; x_wconf 84' lang='lat' dir='ltr'>illas</span> <span class='ocrx_word' id='word_1_309' title='bbox 1201 422 1386 462; x_wconf 81' lang='lat' dir='ltr'>particulas</span> <span class='ocrx_word' id='word_1_310' title='bbox 1413 421 1614 462; x_wconf 72' lang='lat' dir='ltr'>copulantes</span> <span class='ocrx_word' id='word_1_311' title='bbox 1636 430 1694 452; x_wconf 88' lang='lat' dir='ltr'>ne-</span> 
     </span>
     <span class='ocr_line' id='line_1_57' title="bbox 995 472 1695 513; baseline -0.003 -10"><span class='ocrx_word' id='word_1_312' title='bbox 995 473 1106 504; x_wconf 82' lang='lat' dir='ltr'>sciunt</span> <span class='ocrx_word' id='word_1_313' title='bbox 1124 473 1240 503; x_wconf 84' lang='lat' dir='ltr'>Petav.</span> <span class='ocrx_word' id='word_1_314' title='bbox 1258 472 1418 512; x_wconf 79' lang='lat' dir='ltr'>Gottorp.</span> <span class='ocrx_word' id='word_1_315' title='bbox 1443 472 1543 503; x_wconf 87' lang='lat' dir='ltr'>Voss.</span> <span class='ocrx_word' id='word_1_316' title='bbox 1571 476 1606 503; x_wconf 83' lang='lat' dir='ltr'>et</span> <span class='ocrx_word' id='word_1_317' title='bbox 1629 472 1695 513; x_wconf 80' lang='lat' dir='ltr'>Eg.</span> 
     </span>
     <span class='ocr_line' id='line_1_58' title="bbox 995 522 1693 557; baseline 0.006 -4"><span class='ocrx_word' id='word_1_318' title='bbox 995 523 1108 554; x_wconf 88' lang='lat' dir='ltr'>mond.</span> <span class='ocrx_word' id='word_1_319' title='bbox 1142 522 1189 554; x_wconf 86' lang='lat' dir='ltr'>At</span> <span class='ocrx_word' id='word_1_320' title='bbox 1207 524 1331 554; x_wconf 79' lang='lat' dir='ltr'>Lovan.</span> <span class='ocrx_word' id='word_1_321' title='bbox 1349 523 1407 554; x_wconf 85' lang='lat' dir='ltr'>dat</span> <span class='ocrx_word' id='word_1_322' title='bbox 1422 533 1437 554; x_wconf 85' lang='lat' dir='ltr'>e</span> <span class='ocrx_word' id='word_1_323' title='bbox 1451 524 1541 555; x_wconf 80' lang='lat' dir='ltr'>lacte.</span> <span class='ocrx_word' id='word_1_324' title='bbox 1575 523 1693 557; x_wconf 78' lang='lat' dir='ltr'>Scribo</span> 
     </span>
     <span class='ocr_line' id='line_1_59' title="bbox 996 574 1695 615; baseline 0.001 -11"><span class='ocrx_word' id='word_1_325' title='bbox 996 585 1037 604; x_wconf 89' lang='lat' dir='ltr'>m.</span> <span class='ocrx_word' id='word_1_326' title='bbox 1050 583 1123 614; x_wconf 79' lang='lat' dir='ltr'>pars</span> <span class='ocrx_word' id='word_1_327' title='bbox 1133 584 1236 606; x_wconf 81' lang='lat' dir='ltr'>eorum</span> <span class='ocrx_word' id='word_1_328' title='bbox 1248 575 1347 607; x_wconf 74' lang='lat' dir='ltr'>vicens</span> <span class='ocrx_word' id='word_1_329' title='bbox 1361 575 1427 615; x_wconf 85' lang='lat' dir='ltr'>(sic</span> <span class='ocrx_word' id='word_1_330' title='bbox 1438 574 1537 614; x_wconf 73' lang='lat' dir='ltr'>Msti)</span> <span class='ocrx_word' id='word_1_331' title='bbox 1552 575 1586 606; x_wconf 82' lang='lat' dir='ltr'>in</span> <span class='ocrx_word' id='word_1_332' title='bbox 1602 575 1695 614; x_wconf 74' lang='lat' dir='ltr'>tacte,</span> 
     </span>
     <span class='ocr_line' id='line_1_60' title="bbox 995 625 1694 666; baseline 0.003 -11"><span class='ocrx_word' id='word_1_333' title='bbox 995 635 1092 663; x_wconf 75' lang='lat' dir='ltr'>caseo,</span> <span class='ocrx_word' id='word_1_334' title='bbox 1128 634 1232 663; x_wconf 75' lang='lat' dir='ltr'>carne,</span> <span class='ocrx_word' id='word_1_335' title='bbox 1267 625 1417 656; x_wconf 73' lang='lat' dir='ltr'>consistit.</span> <span class='ocrx_word' id='word_1_336' title='bbox 1476 626 1629 666; x_wconf 89' lang='lat' dir='ltr'>Scriptor</span> <span class='ocrx_word' id='word_1_337' title='bbox 1651 625 1694 657; x_wconf 81' lang='lat' dir='ltr'>de</span> 
     </span>
     <span class='ocr_line' id='line_1_61' title="bbox 997 674 1696 716; baseline 0 -11"><span class='ocrx_word' id='word_1_338' title='bbox 997 675 1084 706; x_wconf 89' lang='lat' dir='ltr'>Bell.</span> <span class='ocrx_word' id='word_1_339' title='bbox 1103 675 1247 715; x_wconf 82' lang='lat' dir='ltr'>Hispan.</span> <span class='ocrx_word' id='word_1_340' title='bbox 1273 683 1303 705; x_wconf 88' lang='lat' dir='ltr'>c.</span> <span class='ocrx_word' id='word_1_341' title='bbox 1319 677 1350 705; x_wconf 87' lang='grc'>7.</span> <span class='ocrx_word' id='word_1_342' title='bbox 1373 677 1382 692; x_wconf 77' lang='lat'>⁴</span> <span class='ocrx_word' id='word_1_343' title='bbox 1398 676 1553 716; x_wconf 66' lang='lat' dir='ltr'>Reliquas</span> <span class='ocrx_word' id='word_1_344' title='bbox 1580 685 1622 707; x_wconf 80' lang='lat' dir='ltr'>ex</span> <span class='ocrx_word' id='word_1_345' title='bbox 1646 674 1696 706; x_wconf 83' lang='lat' dir='ltr'>fu-</span> 
     </span>
     <span class='ocr_line' id='line_1_62' title="bbox 997 725 1695 765; baseline 0.003 -10"><span class='ocrx_word' id='word_1_346' title='bbox 997 725 1111 765; x_wconf 78' lang='lat' dir='ltr'>gitivis</span> <span class='ocrx_word' id='word_1_347' title='bbox 1127 725 1304 755; x_wconf 76' lang='lat' dir='ltr'>auxiliares</span> <span class='ocrx_word' id='word_1_348' title='bbox 1317 725 1570 756; x_wconf 64' lang='lat' dir='ltr'>consistebant?</span> <span class='ocrx_word' id='word_1_349' title='bbox 1595 725 1695 759; x_wconf 79' lang='lat' dir='ltr'>Quod</span> 
     </span>
     <span class='ocr_line' id='line_1_63' title="bbox 996 774 1697 807; baseline 0.001 -2"><span class='ocrx_word' id='word_1_350' title='bbox 996 774 1202 806; x_wconf 80' lang='lat' dir='ltr'>Barbarismi</span> <span class='ocrx_word' id='word_1_351' title='bbox 1214 774 1415 806; x_wconf 85' lang='lat' dir='ltr'>Dodwellus</span> <span class='ocrx_word' id='word_1_352' title='bbox 1428 774 1607 807; x_wconf 74' lang='lat' dir='ltr'>insimulat.</span> <span class='ocrx_word' id='word_1_353' title='bbox 1629 775 1697 807; x_wconf 82' lang='lat' dir='ltr'>Sed</span> 
     </span>
     <span class='ocr_line' id='line_1_64' title="bbox 997 824 1698 866; baseline -0.001 -9"><span class='ocrx_word' id='word_1_354' title='bbox 997 825 1178 866; x_wconf 85' lang='lat' dir='ltr'>legendum</span> <span class='ocrx_word' id='word_1_355' title='bbox 1204 827 1237 856; x_wconf 77' lang='lat' dir='ltr'>in</span> <span class='ocrx_word' id='word_1_356' title='bbox 1256 825 1419 865; x_wconf 72' lang='lat' dir='ltr'>fugitivis.</span> <span class='ocrx_word' id='word_1_357' title='bbox 1462 825 1549 856; x_wconf 80' lang='lat' dir='ltr'>Vide</span> <span class='ocrx_word' id='word_1_358' title='bbox 1566 824 1698 858; x_wconf 82' lang='lat' dir='ltr'>Quinti-</span> 
     </span>
     <span class='ocr_line' id='line_1_65' title="bbox 996 876 1696 908; baseline 0 -2"><span class='ocrx_word' id='word_1_359' title='bbox 996 876 1119 907; x_wconf 85' lang='lat' dir='ltr'>lianum</span> <span class='ocrx_word' id='word_1_360' title='bbox 1138 877 1252 908; x_wconf 80' lang='lat' dir='ltr'>Instit.</span> <span class='ocrx_word' id='word_1_361' title='bbox 1270 876 1369 908; x_wconf 83' lang='lat' dir='ltr'>Orat.</span> <span class='ocrx_word' id='word_1_362' title='bbox 1392 886 1417 908; x_wconf 93' lang='lat'>1.</span> <span class='ocrx_word' id='word_1_363' title='bbox 1436 879 1487 907; x_wconf 90' lang='grc'>10.</span> <span class='ocrx_word' id='word_1_364' title='bbox 1503 880 1539 908; x_wconf 80' lang='lat' dir='ltr'>et</span> <span class='ocrx_word' id='word_1_365' title='bbox 1550 876 1696 907; x_wconf 87' lang='lat' dir='ltr'>Brutum</span> 
     </span>
     <span class='ocr_line' id='line_1_66' title="bbox 998 925 1699 966; baseline 0.001 -10"><span class='ocrx_word' id='word_1_366' title='bbox 998 926 1086 966; x_wconf 86' lang='lat' dir='ltr'>apud</span> <span class='ocrx_word' id='word_1_367' title='bbox 1102 926 1300 957; x_wconf 64' lang='lat' dir='ltr'>Ciceronem</span> <span class='ocrx_word' id='word_1_368' title='bbox 1319 927 1409 958; x_wconf 78' lang='lat' dir='ltr'>Fani.</span> <span class='ocrx_word' id='word_1_369' title='bbox 1426 935 1477 958; x_wconf 77' lang='lat' dir='ltr'>xi.</span> <span class='ocrx_word' id='word_1_370' title='bbox 1494 928 1546 957; x_wconf 83' lang='lat'>13.</span> <span class='ocrx_word' id='word_1_371' title='bbox 1584 925 1699 958; x_wconf 66' lang='lat' dir='ltr'>Daris.</span> 
     </span>
     <span class='ocr_line' id='line_1_67' title="bbox 997 976 1698 1008; baseline 0 0"><span class='ocrx_word' id='word_1_372' title='bbox 997 986 1067 1008; x_wconf 86' lang='lat' dir='ltr'>eur.</span> <span class='ocrx_word' id='word_1_373' title='bbox 1092 986 1160 1007; x_wconf 89' lang='lat' dir='ltr'>sec.</span> <span class='ocrx_word' id='word_1_374' title='bbox 1217 976 1255 1007; x_wconf 88' lang='lat' dir='ltr'>In</span> <span class='ocrx_word' id='word_1_375' title='bbox 1281 976 1407 1008; x_wconf 72' lang='lat' dir='ltr'>liabent</span> <span class='ocrx_word' id='word_1_376' title='bbox 1432 977 1515 1008; x_wconf 86' lang='lat' dir='ltr'>Mss.</span> <span class='ocrx_word' id='word_1_377' title='bbox 1540 981 1576 1008; x_wconf 90' lang='lat' dir='ltr'>et</span> <span class='ocrx_word' id='word_1_378' title='bbox 1604 976 1698 1008; x_wconf 83' lang='lat' dir='ltr'>Editl</span> 
     </span>
     <span class='ocr_line' id='line_1_68' title="bbox 997 1027 1698 1068; baseline 0 -10"><span class='ocrx_word' id='word_1_379' title='bbox 997 1036 1112 1058; x_wconf 90' lang='lat' dir='ltr'>omnes</span> <span class='ocrx_word' id='word_1_380' title='bbox 1138 1027 1180 1058; x_wconf 87' lang='lat' dir='ltr'>ad</span> <span class='ocrx_word' id='word_1_381' title='bbox 1204 1027 1414 1068; x_wconf 78' lang='lat' dir='ltr'>Scaligerum</span> <span class='ocrx_word' id='word_1_382' title='bbox 1431 1036 1558 1068; x_wconf 86' lang='lat' dir='ltr'>usque:</span> <span class='ocrx_word' id='word_1_383' title='bbox 1594 1035 1698 1068; x_wconf 79' lang='lat' dir='ltr'>quare</span> 
     </span>
     <span class='ocr_line' id='line_1_69' title="bbox 998 1077 1697 1117; baseline 0 -9"><span class='ocrx_word' id='word_1_384' title='bbox 998 1078 1274 1117; x_wconf 76' lang='lat' dir='ltr'>proepositionern</span> <span class='ocrx_word' id='word_1_385' title='bbox 1309 1088 1385 1109; x_wconf 89' lang='lat' dir='ltr'>cum</span> <span class='ocrx_word' id='word_1_386' title='bbox 1416 1078 1490 1109; x_wconf 85' lang='lat' dir='ltr'>aliis</span> <span class='ocrx_word' id='word_1_387' title='bbox 1516 1077 1697 1109; x_wconf 81' lang='lat' dir='ltr'>revocavi:</span> 
     </span>
     <span class='ocr_line' id='line_1_70' title="bbox 999 1127 1698 1168; baseline 0 -9"><span class='ocrx_word' id='word_1_388' title='bbox 999 1137 1039 1159; x_wconf 83' lang='lat'>11.</span> <span class='ocrx_word' id='word_1_389' title='bbox 1064 1131 1115 1160; x_wconf 80' lang='lat'>33.</span> <span class='ocrx_word' id='word_1_390' title='bbox 1148 1130 1157 1145; x_wconf 85' lang='lat'>‘</span> <span class='ocrx_word' id='word_1_391' title='bbox 1175 1129 1251 1159; x_wconf 87' lang='lat' dir='ltr'>Una</span> <span class='ocrx_word' id='word_1_392' title='bbox 1277 1129 1310 1158; x_wconf 92' lang='lat' dir='ltr'>in</span> <span class='ocrx_word' id='word_1_393' title='bbox 1335 1129 1460 1160; x_wconf 86' lang='lat' dir='ltr'>virtute</span> <span class='ocrx_word' id='word_1_394' title='bbox 1483 1127 1590 1159; x_wconf 88' lang='lat' dir='ltr'>omnis</span> <span class='ocrx_word' id='word_1_395' title='bbox 1621 1137 1698 1168; x_wconf 79' lang='lat' dir='ltr'>spes</span> 
     </span>
     <span class='ocr_line' id='line_1_71' title="bbox 997 1177 1699 1209; baseline 0 0"><span class='ocrx_word' id='word_1_396' title='bbox 997 1178 1116 1209; x_wconf 89' lang='lat' dir='ltr'>salutis</span> <span class='ocrx_word' id='word_1_397' title='bbox 1131 1179 1335 1209; x_wconf 76' lang='lat' dir='ltr'>consisteret</span> <span class='ocrx_word' id='word_1_398' title='bbox 1349 1178 1367 1209; x_wconf 72' lang='grc' dir='ltr'>τ’</span> <span class='ocrx_word' id='word_1_399' title='bbox 1402 1178 1458 1209; x_wconf 87' lang='lat' dir='ltr'>ubi</span> <span class='ocrx_word' id='word_1_400' title='bbox 1475 1178 1576 1209; x_wconf 81' lang='lat' dir='ltr'>etiam</span> <span class='ocrx_word' id='word_1_401' title='bbox 1593 1177 1699 1209; x_wconf 77' lang='lat' dir='ltr'>varia-</span> 
     </span>
     <span class='ocr_line' id='line_1_72' title="bbox 1000 1229 1699 1270; baseline 0 -10"><span class='ocrx_word' id='word_1_402' title='bbox 1000 1235 1055 1260; x_wconf 86' lang='lat' dir='ltr'>tur</span> <span class='ocrx_word' id='word_1_403' title='bbox 1071 1241 1078 1260; x_wconf 73' lang='grc' dir='ltr'>ε</span> <span class='ocrx_word' id='word_1_404' title='bbox 1104 1239 1169 1260; x_wconf 72' lang='lat' dir='ltr'>vn.</span> <span class='ocrx_word' id='word_1_405' title='bbox 1187 1233 1239 1261; x_wconf 81' lang='grc'>84.</span> <span class='ocrx_word' id='word_1_406' title='bbox 1257 1231 1265 1247; x_wconf 86' lang='lat'>‘</span> <span class='ocrx_word' id='word_1_407' title='bbox 1284 1230 1383 1263; x_wconf 74' lang='lat' dir='ltr'>Quod</span> <span class='ocrx_word' id='word_1_408' title='bbox 1401 1239 1495 1261; x_wconf 81' lang='lat' dir='ltr'>suum</span> <span class='ocrx_word' id='word_1_409' title='bbox 1513 1229 1699 1270; x_wconf 88' lang='lat' dir='ltr'>periculum</span> 
     </span>
     <span class='ocr_line' id='line_1_73' title="bbox 1000 1279 1699 1312; baseline 0 -2"><span class='ocrx_word' id='word_1_410' title='bbox 1000 1280 1033 1310; x_wconf 88' lang='lat' dir='ltr'>in</span> <span class='ocrx_word' id='word_1_411' title='bbox 1049 1280 1158 1311; x_wconf 84' lang='lat' dir='ltr'>aliena</span> <span class='ocrx_word' id='word_1_412' title='bbox 1180 1280 1298 1311; x_wconf 84' lang='lat' dir='ltr'>vident</span> <span class='ocrx_word' id='word_1_413' title='bbox 1322 1280 1448 1311; x_wconf 85' lang='lat' dir='ltr'>virtute</span> <span class='ocrx_word' id='word_1_414' title='bbox 1475 1280 1663 1312; x_wconf 86' lang='lat' dir='ltr'>consistere</span> <span class='ocrx_word' id='word_1_415' title='bbox 1680 1279 1699 1310; x_wconf 90' lang='lat'>:’</span> 
     </span>
     <span class='ocr_line' id='line_1_74' title="bbox 1000 1329 1702 1371; baseline 0 -10"><span class='ocrx_word' id='word_1_416' title='bbox 1000 1331 1041 1361; x_wconf 89' lang='lat' dir='ltr'>B.</span> <span class='ocrx_word' id='word_1_417' title='bbox 1059 1330 1133 1361; x_wconf 87' lang='lat' dir='ltr'>Civ.</span> <span class='ocrx_word' id='word_1_418' title='bbox 1157 1339 1199 1361; x_wconf 90' lang='lat'>11.</span> <span class='ocrx_word' id='word_1_419' title='bbox 1215 1334 1245 1361; x_wconf 84' lang='lat'>5.</span> <span class='ocrx_word' id='word_1_420' title='bbox 1270 1334 1278 1348; x_wconf 76' lang='lat'>⁶</span> <span class='ocrx_word' id='word_1_421' title='bbox 1299 1331 1337 1361; x_wconf 86' lang='lat' dir='ltr'>In</span> <span class='ocrx_word' id='word_1_422' title='bbox 1362 1332 1436 1371; x_wconf 87' lang='lat' dir='ltr'>ejus</span> <span class='ocrx_word' id='word_1_423' title='bbox 1458 1330 1525 1361; x_wconf 84' lang='lat' dir='ltr'>diei</span> <span class='ocrx_word' id='word_1_424' title='bbox 1540 1340 1620 1362; x_wconf 87' lang='lat' dir='ltr'>casu</span> <span class='ocrx_word' id='word_1_425' title='bbox 1635 1329 1702 1361; x_wconf 80' lang='lat' dir='ltr'>for—</span> 
     </span>
     <span class='ocr_line' id='line_1_75' title="bbox 1001 1380 1700 1413; baseline 0.001 -2"><span class='ocrx_word' id='word_1_426' title='bbox 1001 1384 1156 1411; x_wconf 81' lang='lat' dir='ltr'>tunarum</span> <span class='ocrx_word' id='word_1_427' title='bbox 1188 1385 1347 1412; x_wconf 88' lang='lat' dir='ltr'>eventum</span> <span class='ocrx_word' id='word_1_428' title='bbox 1379 1380 1600 1412; x_wconf 81' lang='lat' dir='ltr'>consisterez’</span> <span class='ocrx_word' id='word_1_429' title='bbox 1644 1381 1700 1413; x_wconf 85' lang='lat' dir='ltr'>ubi</span> 
     </span>
     <span class='ocr_line' id='line_1_76' title="bbox 1000 1430 1699 1463; baseline 0 -1"><span class='ocrx_word' id='word_1_430' title='bbox 1000 1431 1103 1462; x_wconf 82' lang='lat' dir='ltr'>etiam</span> <span class='ocrx_word' id='word_1_431' title='bbox 1119 1441 1184 1462; x_wconf 89' lang='lat' dir='ltr'>non</span> <span class='ocrx_word' id='word_1_432' title='bbox 1200 1434 1357 1463; x_wconf 84' lang='lat' dir='ltr'>constant</span> <span class='ocrx_word' id='word_1_433' title='bbox 1370 1431 1432 1462; x_wconf 84' lang='lat' dir='ltr'>sibi</span> <span class='ocrx_word' id='word_1_434' title='bbox 1449 1430 1592 1463; x_wconf 80' lang='lat' dir='ltr'>Codices</span> <span class='ocrx_word' id='word_1_435' title='bbox 1606 1441 1613 1462; x_wconf 94' lang='lat'><strong>:</strong></span> <span class='ocrx_word' id='word_1_436' title='bbox 1651 1430 1699 1462; x_wconf 88' lang='lat' dir='ltr'>uti</span> 
     </span>
     <span class='ocr_line' id='line_1_77' title="bbox 1000 1483 1701 1522; baseline 0 -10"><span class='ocrx_word' id='word_1_437' title='bbox 1000 1491 1064 1513; x_wconf 89' lang='lat' dir='ltr'>nec</span> <span class='ocrx_word' id='word_1_438' title='bbox 1077 1491 1131 1512; x_wconf 88' lang='grc' dir='ltr'>ιιι.</span> <span class='ocrx_word' id='word_1_439' title='bbox 1149 1485 1199 1513; x_wconf 77' lang='grc'>14.</span> <span class='ocrx_word' id='word_1_440' title='bbox 1224 1483 1233 1499; x_wconf 89' lang='lat'>‘</span> <span class='ocrx_word' id='word_1_441' title='bbox 1252 1483 1374 1522; x_wconf 76' lang='lat' dir='ltr'>exiguo</span> <span class='ocrx_word' id='word_1_442' title='bbox 1395 1487 1548 1522; x_wconf 82' lang='lat' dir='ltr'>ternpore</span> <span class='ocrx_word' id='word_1_443' title='bbox 1564 1491 1701 1522; x_wconf 78' lang='lat' dir='ltr'>magno-</span> 
     </span>
     <span class='ocr_line' id='line_1_78' title="bbox 1001 1534 1699 1575; baseline 0.001 -10"><span class='ocrx_word' id='word_1_444' title='bbox 1001 1543 1066 1575; x_wconf 89' lang='lat' dir='ltr'>que</span> <span class='ocrx_word' id='word_1_445' title='bbox 1082 1544 1161 1565; x_wconf 89' lang='lat' dir='ltr'>casu</span> <span class='ocrx_word' id='word_1_446' title='bbox 1177 1534 1264 1566; x_wconf 84' lang='lat' dir='ltr'>salus</span> <span class='ocrx_word' id='word_1_447' title='bbox 1281 1535 1436 1566; x_wconf 84' lang='lat' dir='ltr'>constitit</span> <span class='ocrx_word' id='word_1_448' title='bbox 1450 1535 1470 1564; x_wconf 90' lang='lat'>:&#39;</span> <span class='ocrx_word' id='word_1_449' title='bbox 1505 1543 1560 1565; x_wconf 85' lang='lat' dir='ltr'>nr.</span> <span class='ocrx_word' id='word_1_450' title='bbox 1575 1536 1606 1565; x_wconf 83' lang='grc'>3,</span> <span class='ocrx_word' id='word_1_451' title='bbox 1631 1536 1639 1551; x_wconf 87' lang='lat'>‘</span> <span class='ocrx_word' id='word_1_452' title='bbox 1657 1535 1699 1566; x_wconf 88' lang='lat' dir='ltr'>In</span> 
     </span>
     <span class='ocr_line' id='line_1_79' title="bbox 1000 1585 1701 1616; baseline -0.001 -1"><span class='ocrx_word' id='word_1_453' title='bbox 1000 1593 1041 1615; x_wconf 90' lang='lat' dir='ltr'>ea</span> <span class='ocrx_word' id='word_1_454' title='bbox 1071 1594 1108 1615; x_wconf 92' lang='lat' dir='ltr'>re</span> <span class='ocrx_word' id='word_1_455' title='bbox 1137 1585 1314 1616; x_wconf 71' lang='lat' dir='ltr'>victoriani</span> <span class='ocrx_word' id='word_1_456' title='bbox 1342 1590 1377 1616; x_wconf 90' lang='lat' dir='ltr'>et</span> <span class='ocrx_word' id='word_1_457' title='bbox 1404 1586 1546 1616; x_wconf 83' lang='lat' dir='ltr'>salutem</span> <span class='ocrx_word' id='word_1_458' title='bbox 1573 1585 1701 1616; x_wconf 78' lang='lat' dir='ltr'>consis-</span> 
     </span>
     <span class='ocr_line' id='line_1_80' title="bbox 1000 1635 1698 1668; baseline 0.001 -1"><span class='ocrx_word' id='word_1_459' title='bbox 1000 1636 1096 1667; x_wconf 68' lang='lat' dir='ltr'>tere!</span> <span class='ocrx_word' id='word_1_460' title='bbox 1152 1635 1253 1667; x_wconf 87' lang='lat' dir='ltr'>Adde</span> <span class='ocrx_word' id='word_1_461' title='bbox 1277 1637 1323 1668; x_wconf 76' lang='grc' dir='ltr'>Β.</span> <span class='ocrx_word' id='word_1_462' title='bbox 1349 1635 1447 1667; x_wconf 80' lang='lat' dir='ltr'>Alex.</span> <span class='ocrx_word' id='word_1_463' title='bbox 1473 1646 1502 1667; x_wconf 78' lang='lat' dir='ltr'>o.</span> <span class='ocrx_word' id='word_1_464' title='bbox 1528 1639 1577 1667; x_wconf 87' lang='lat'>15.</span> <span class='ocrx_word' id='word_1_465' title='bbox 1629 1636 1698 1668; x_wconf 86' lang='lat' dir='ltr'>Hic</span> 
     </span>
     <span class='ocr_line' id='line_1_81' title="bbox 1001 1683 1700 1728; baseline 0.003 -12"><span class='ocrx_word' id='word_1_466' title='bbox 1001 1695 1134 1728; x_wconf 89' lang='lat' dir='ltr'>quoque</span> <span class='ocrx_word' id='word_1_467' title='bbox 1150 1683 1410 1717; x_wconf 59' lang='lat' dir='ltr'>dc‘Lovaniensi</span> <span class='ocrx_word' id='word_1_468' title='bbox 1427 1686 1546 1718; x_wconf 86' lang='lat' dir='ltr'>dubito</span> <span class='ocrx_word' id='word_1_469' title='bbox 1561 1696 1570 1724; x_wconf 90' lang='grc'><strong>;</strong></span> <span class='ocrx_word' id='word_1_470' title='bbox 1603 1687 1700 1727; x_wconf 81' lang='lat' dir='ltr'>cujus</span> 
     </span>
     <span class='ocr_line' id='line_1_82' title="bbox 1001 1736 1703 1778; baseline 0.001 -11"><span class='ocrx_word' id='word_1_471' title='bbox 1001 1742 1254 1778; x_wconf 80' lang='lat' dir='ltr'>excerptorum,</span> <span class='ocrx_word' id='word_1_472' title='bbox 1279 1748 1353 1778; x_wconf 82' lang='lat' dir='ltr'>quae</span> <span class='ocrx_word' id='word_1_473' title='bbox 1380 1747 1442 1777; x_wconf 86' lang='lat' dir='ltr'>ego</span> <span class='ocrx_word' id='word_1_474' title='bbox 1468 1736 1588 1777; x_wconf 81' lang='lat' dir='ltr'>habeo,</span> <span class='ocrx_word' id='word_1_475' title='bbox 1623 1741 1703 1768; x_wconf 77' lang='lat' dir='ltr'>nota</span> 
     </span>
     <span class='ocr_line' id='line_1_83' title="bbox 1001 1787 1701 1828; baseline 0.001 -10"><span class='ocrx_word' id='word_1_476' title='bbox 1001 1789 1103 1819; x_wconf 85' lang='lat' dir='ltr'>docet</span> <span class='ocrx_word' id='word_1_477' title='bbox 1135 1798 1267 1828; x_wconf 89' lang='lat' dir='ltr'>quoque</span> <span class='ocrx_word' id='word_1_478' title='bbox 1295 1790 1325 1818; x_wconf 81' lang='lat' dir='ltr'>et</span> <span class='ocrx_word' id='word_1_479' title='bbox 1356 1791 1386 1818; x_wconf 85' lang='lat' dir='ltr'>et</span> <span class='ocrx_word' id='word_1_480' title='bbox 1417 1787 1460 1819; x_wconf 89' lang='lat' dir='ltr'>ab</span> <span class='ocrx_word' id='word_1_481' title='bbox 1490 1798 1531 1819; x_wconf 86' lang='lat' dir='ltr'>eo</span> <span class='ocrx_word' id='word_1_482' title='bbox 1560 1787 1701 1826; x_wconf 84' lang='lat' dir='ltr'>abesse;</span> 
     </span>
     <span class='ocr_line' id='line_1_84' title="bbox 1000 1837 1701 1877; baseline 0.003 -10"><span class='ocrx_word' id='word_1_483' title='bbox 1000 1837 1089 1868; x_wconf 86' lang='lat' dir='ltr'>sicut</span> <span class='ocrx_word' id='word_1_484' title='bbox 1111 1837 1178 1867; x_wconf 83' lang='lat' dir='ltr'>illae</span> <span class='ocrx_word' id='word_1_485' title='bbox 1203 1838 1332 1877; x_wconf 68' lang='lat' dir='ltr'>copul-m</span> <span class='ocrx_word' id='word_1_486' title='bbox 1354 1847 1420 1869; x_wconf 89' lang='lat' dir='ltr'>non</span> <span class='ocrx_word' id='word_1_487' title='bbox 1447 1843 1644 1877; x_wconf 84' lang='lat' dir='ltr'>comparent</span> <span class='ocrx_word' id='word_1_488' title='bbox 1666 1837 1701 1869; x_wconf 83' lang='lat' dir='ltr'>in</span> 
     </span>
     <span class='ocr_line' id='line_1_85' title="bbox 1002 1886 1702 1927; baseline 0.004 -12"><span class='ocrx_word' id='word_1_489' title='bbox 1002 1886 1084 1916; x_wconf 77' lang='lat' dir='ltr'>Mss.</span> <span class='ocrx_word' id='word_1_490' title='bbox 1114 1887 1195 1917; x_wconf 86' lang='lat' dir='ltr'>meis</span> <span class='ocrx_word' id='word_1_491' title='bbox 1231 1896 1294 1917; x_wconf 86' lang='lat' dir='ltr'>uec</span> <span class='ocrx_word' id='word_1_492' title='bbox 1329 1887 1416 1918; x_wconf 88' lang='lat' dir='ltr'>Edd.</span> <span class='ocrx_word' id='word_1_493' title='bbox 1448 1887 1574 1927; x_wconf 83' lang='lat' dir='ltr'>primis,</span> <span class='ocrx_word' id='word_1_494' title='bbox 1608 1891 1644 1918; x_wconf 90' lang='lat' dir='ltr'>ut</span> <span class='ocrx_word' id='word_1_495' title='bbox 1666 1891 1702 1918; x_wconf 92' lang='lat' dir='ltr'>et</span> 
     </span>
     <span class='ocr_line' id='line_1_86' title="bbox 1000 1936 1701 1978; baseline 0.006 -13"><span class='ocrx_word' id='word_1_496' title='bbox 1000 1936 1138 1968; x_wconf 75' lang='lat' dir='ltr'>Vascos.</span> <span class='ocrx_word' id='word_1_497' title='bbox 1154 1937 1270 1977; x_wconf 82' lang='lat' dir='ltr'>steph.</span> <span class='ocrx_word' id='word_1_498' title='bbox 1286 1937 1415 1977; x_wconf 77' lang='lat' dir='ltr'>Grypli.</span> <span class='ocrx_word' id='word_1_499' title='bbox 1440 1943 1527 1978; x_wconf 81' lang='lat' dir='ltr'>post.</span> <span class='ocrx_word' id='word_1_500' title='bbox 1544 1938 1701 1969; x_wconf 82' lang='lat' dir='ltr'>aliorum-</span> 
     </span>
     <span class='ocr_line' id='line_1_87' title="bbox 1000 1987 1703 2028; baseline 0.006 -12"><span class='ocrx_word' id='word_1_501' title='bbox 1000 1995 1077 2027; x_wconf 88' lang='lat' dir='ltr'>que,</span> <span class='ocrx_word' id='word_1_502' title='bbox 1094 1991 1320 2028; x_wconf 84' lang='lat' dir='ltr'>praeterquam</span> <span class='ocrx_word' id='word_1_503' title='bbox 1337 1987 1370 2018; x_wconf 91' lang='lat' dir='ltr'>in</span> <span class='ocrx_word' id='word_1_504' title='bbox 1384 1988 1479 2019; x_wconf 81' lang='lat' dir='ltr'>Leid.</span> <span class='ocrx_word' id='word_1_505' title='bbox 1497 1998 1547 2028; x_wconf 86' lang='lat' dir='ltr'>pr.</span> <span class='ocrx_word' id='word_1_506' title='bbox 1559 1994 1595 2019; x_wconf 87' lang='lat' dir='ltr'>et</span> <span class='ocrx_word' id='word_1_507' title='bbox 1607 1989 1703 2020; x_wconf 81' lang='lat' dir='ltr'>Oxo-</span> 
     </span>
     <span class='ocr_line' id='line_1_88' title="bbox 1001 2037 1700 2080; baseline 0.004 -12"><span class='ocrx_word' id='word_1_508' title='bbox 1001 2038 1122 2076; x_wconf 80' lang='lat' dir='ltr'>niensi,</span> <span class='ocrx_word' id='word_1_509' title='bbox 1150 2037 1262 2069; x_wconf 83' lang='lat' dir='ltr'>forsan</span> <span class='ocrx_word' id='word_1_510' title='bbox 1289 2043 1325 2070; x_wconf 90' lang='lat' dir='ltr'>et</span> <span class='ocrx_word' id='word_1_511' title='bbox 1348 2039 1462 2079; x_wconf 81' lang='lat' dir='ltr'>Cujac.</span> <span class='ocrx_word' id='word_1_512' title='bbox 1489 2045 1592 2080; x_wconf 89' lang='lat' dir='ltr'>atque</span> <span class='ocrx_word' id='word_1_513' title='bbox 1609 2038 1700 2072; x_wconf 75' lang='lat' dir='ltr'>And.</span> 
     </span>
     <span class='ocr_line' id='line_1_89' title="bbox 999 2087 1700 2122; baseline 0.006 -5"><span class='ocrx_word' id='word_1_514' title='bbox 999 2087 1066 2117; x_wconf 83' lang='lat' dir='ltr'>Sed</span> <span class='ocrx_word' id='word_1_515' title='bbox 1082 2088 1208 2119; x_wconf 85' lang='lat' dir='ltr'>rectius</span> <span class='ocrx_word' id='word_1_516' title='bbox 1224 2098 1241 2118; x_wconf 90' lang='lat' dir='ltr'>e</span> <span class='ocrx_word' id='word_1_517' title='bbox 1258 2088 1363 2119; x_wconf 77' lang='lat' dir='ltr'>nostri</span> <span class='ocrx_word' id='word_1_518' title='bbox 1380 2098 1471 2120; x_wconf 89' lang='lat' dir='ltr'>more</span> <span class='ocrx_word' id='word_1_519' title='bbox 1489 2090 1612 2120; x_wconf 81' lang='lat' dir='ltr'>absunt</span> <span class='ocrx_word' id='word_1_520' title='bbox 1635 2090 1658 2120; x_wconf 89' lang='lat' dir='ltr'>l.</span> <span class='ocrx_word' id='word_1_521' title='bbox 1675 2099 1700 2122; x_wconf 84' lang='lat'>1.</span> 
     </span>
     <span class='ocr_line' id='line_1_90' title="bbox 1001 2137 1701 2179; baseline 0.004 -11"><span class='ocrx_word' id='word_1_522' title='bbox 1001 2137 1082 2168; x_wconf 85' lang='lat' dir='ltr'>Init.</span> <span class='ocrx_word' id='word_1_523' title='bbox 1100 2139 1108 2155; x_wconf 89' lang='lat'>‘</span> <span class='ocrx_word' id='word_1_524' title='bbox 1123 2138 1264 2178; x_wconf 77' lang='lat' dir='ltr'>Lingua,</span> <span class='ocrx_word' id='word_1_525' title='bbox 1279 2138 1457 2178; x_wconf 77' lang='lat' dir='ltr'>institutis,</span> <span class='ocrx_word' id='word_1_526' title='bbox 1471 2139 1598 2179; x_wconf 83' lang='lat' dir='ltr'>legibus</span> <span class='ocrx_word' id='word_1_527' title='bbox 1607 2138 1701 2171; x_wconf 80' lang='lat' dir='ltr'>diffe-</span> 
     </span>
     <span class='ocr_line' id='line_1_91' title="bbox 1001 2187 1702 2230; baseline 0.006 -13"><span class='ocrx_word' id='word_1_528' title='bbox 1001 2192 1080 2218; x_wconf 91' lang='lat' dir='ltr'>runt</span> <span class='ocrx_word' id='word_1_529' title='bbox 1094 2187 1113 2218; x_wconf 72' lang='grc' dir='ltr'>ε’</span> <span class='ocrx_word' id='word_1_530' title='bbox 1149 2189 1170 2218; x_wconf 90' lang='grc' dir='ltr'>Ι.</span> <span class='ocrx_word' id='word_1_531' title='bbox 1185 2197 1286 2219; x_wconf 76' lang='lat' dir='ltr'>xxw.</span> <span class='ocrx_word' id='word_1_532' title='bbox 1312 2190 1320 2206; x_wconf 86' lang='lat'>‘</span> <span class='ocrx_word' id='word_1_533' title='bbox 1341 2189 1379 2219; x_wconf 90' lang='lat' dir='ltr'>In</span> <span class='ocrx_word' id='word_1_534' title='bbox 1396 2189 1522 2230; x_wconf 89' lang='lat' dir='ltr'>inopia,</span> <span class='ocrx_word' id='word_1_535' title='bbox 1535 2193 1702 2230; x_wconf 77' lang='lat' dir='ltr'>egestate,</span> 
     </span>
     <span class='ocr_line' id='line_1_92' title="bbox 1003 2238 1702 2281; baseline 0.004 -12"><span class='ocrx_word' id='word_1_536' title='bbox 1003 2238 1165 2279; x_wconf 80' lang='lat' dir='ltr'>patientia</span> <span class='ocrx_word' id='word_1_537' title='bbox 1180 2239 1200 2269; x_wconf 86' lang='lat'>:’</span> <span class='ocrx_word' id='word_1_538' title='bbox 1232 2240 1272 2270; x_wconf 88' lang='lat' dir='ltr'>B.</span> <span class='ocrx_word' id='word_1_539' title='bbox 1292 2240 1366 2271; x_wconf 89' lang='lat' dir='ltr'>Civ.</span> <span class='ocrx_word' id='word_1_540' title='bbox 1383 2243 1471 2272; x_wconf 77' lang='lat'>11.-1.</span> <span class='ocrx_word' id='word_1_541' title='bbox 1518 2241 1563 2272; x_wconf 84' lang='lat' dir='ltr'>Et</span> <span class='ocrx_word' id='word_1_542' title='bbox 1586 2240 1702 2281; x_wconf 79' lang='lat' dir='ltr'>saepis-</span> 
     </span>
     <span class='ocr_line' id='line_1_93' title="bbox 1001 2290 1702 2331; baseline 0.003 -11"><span class='ocrx_word' id='word_1_543' title='bbox 1001 2290 1095 2321; x_wconf 79' lang='lat' dir='ltr'>sime.</span> <span class='ocrx_word' id='word_1_544' title='bbox 1142 2290 1208 2321; x_wconf 87' lang='lat' dir='ltr'>Adi</span> <span class='ocrx_word' id='word_1_545' title='bbox 1225 2291 1265 2322; x_wconf 86' lang='lat' dir='ltr'>ad</span> <span class='ocrx_word' id='word_1_546' title='bbox 1283 2300 1334 2322; x_wconf 80' lang='grc' dir='ltr'>ιν.</span> <span class='ocrx_word' id='word_1_547' title='bbox 1351 2294 1402 2323; x_wconf 87' lang='lat'>15.</span> <span class='ocrx_word' id='word_1_548' title='bbox 1428 2292 1437 2308; x_wconf 91' lang='lat'>‘</span> <span class='ocrx_word' id='word_1_549' title='bbox 1456 2292 1590 2331; x_wconf 80' lang='lat' dir='ltr'>timore,</span> <span class='ocrx_word' id='word_1_550' title='bbox 1606 2291 1702 2323; x_wconf 81' lang='lat' dir='ltr'>lassi·</span> 
     </span>
     <span class='ocr_line' id='line_1_94' title="bbox 1002 2341 1700 2382; baseline 0.001 -11"><span class='ocrx_word' id='word_1_551' title='bbox 1002 2341 1133 2379; x_wconf 88' lang='lat' dir='ltr'>tudine,</span> <span class='ocrx_word' id='word_1_552' title='bbox 1156 2341 1189 2372; x_wconf 78' lang='lat' dir='ltr'>vi</span> <span class='ocrx_word' id='word_1_553' title='bbox 1213 2341 1358 2373; x_wconf 88' lang='lat' dir='ltr'>fluminis</span> <span class='ocrx_word' id='word_1_554' title='bbox 1385 2342 1560 2382; x_wconf 58' lang='lat' dir='ltr'>obpressi?</span> <span class='ocrx_word' id='word_1_555' title='bbox 1603 2341 1700 2374; x_wconf 85' lang='lat' dir='ltr'>Ordo</span> 
     </span>
     <span class='ocr_line' id='line_1_95' title="bbox 1000 2392 1700 2424; baseline 0.003 -3"><span class='ocrx_word' id='word_1_556' title='bbox 1000 2393 1062 2421; x_wconf 78' lang='grc' dir='ltr'>τῶν</span> <span class='ocrx_word' id='word_1_557' title='bbox 1084 2393 1183 2422; x_wconf 80' lang='lat' dir='ltr'>victus</span> <span class='ocrx_word' id='word_1_558' title='bbox 1197 2401 1298 2423; x_wconf 84' lang='lat' dir='ltr'>eorum</span> <span class='ocrx_word' id='word_1_559' title='bbox 1323 2393 1488 2424; x_wconf 84' lang='lat' dir='ltr'>retinetur</span> <span class='ocrx_word' id='word_1_560' title='bbox 1514 2392 1557 2423; x_wconf 89' lang='lat' dir='ltr'>ab</span> <span class='ocrx_word' id='word_1_561' title='bbox 1581 2392 1700 2423; x_wconf 80' lang='lat' dir='ltr'>Petav.</span> 
     </span>
     <span class='ocr_line' id='line_1_96' title="bbox 1002 2441 1702 2482; baseline -0.001 -9"><span class='ocrx_word' id='word_1_562' title='bbox 1002 2441 1096 2473; x_wconf 79' lang='lat' dir='ltr'>Leid.</span> <span class='ocrx_word' id='word_1_563' title='bbox 1116 2452 1167 2482; x_wconf 85' lang='lat' dir='ltr'>pr.</span> <span class='ocrx_word' id='word_1_564' title='bbox 1182 2442 1342 2482; x_wconf 85' lang='lat' dir='ltr'>aliisque:</span> <span class='ocrx_word' id='word_1_565' title='bbox 1379 2442 1536 2482; x_wconf 79' lang='lat' dir='ltr'>quocirca</span> <span class='ocrx_word' id='word_1_566' title='bbox 1550 2451 1626 2472; x_wconf 85' lang='lat' dir='ltr'>eum</span> <span class='ocrx_word' id='word_1_567' title='bbox 1649 2451 1702 2472; x_wconf 85' lang='lat' dir='ltr'>re·</span> 
     </span>
     <span class='ocr_line' id='line_1_97' title="bbox 1003 2490 1699 2532; baseline -0.001 -10"><span class='ocrx_word' id='word_1_568' title='bbox 1003 2492 1098 2531; x_wconf 71' lang='lat' dir='ltr'>linui,</span> <span class='ocrx_word' id='word_1_569' title='bbox 1129 2502 1170 2523; x_wconf 81' lang='lat' dir='ltr'>ne,</span> <span class='ocrx_word' id='word_1_570' title='bbox 1201 2492 1402 2532; x_wconf 78' lang='lat' dir='ltr'>ambiguitas</span> <span class='ocrx_word' id='word_1_571' title='bbox 1430 2491 1570 2528; x_wconf 86' lang='lat' dir='ltr'>oriatur,</span> <span class='ocrx_word' id='word_1_572' title='bbox 1598 2494 1634 2522; x_wconf 86' lang='lat' dir='ltr'>et</span> <span class='ocrx_word' id='word_1_573' title='bbox 1657 2490 1699 2521; x_wconf 86' lang='lat' dir='ltr'>ad</span> 
     </span>
     <span class='ocr_line' id='line_1_98' title="bbox 998 2540 1701 2583; baseline 0 -11"><span class='ocrx_word' id='word_1_574' title='bbox 998 2546 1120 2583; x_wconf 77' lang='lat' dir='ltr'>partem</span> <span class='ocrx_word' id='word_1_575' title='bbox 1136 2541 1256 2573; x_wconf 86' lang='lat' dir='ltr'>referri</span> <span class='ocrx_word' id='word_1_576' title='bbox 1274 2542 1381 2582; x_wconf 87' lang='lat' dir='ltr'>possit</span> <span class='ocrx_word' id='word_1_577' title='bbox 1396 2540 1433 2571; x_wconf 80' lang='grc' dir='ltr'>τὸ</span> <span class='ocrx_word' id='word_1_578' title='bbox 1447 2551 1561 2572; x_wconf 81' lang='lat' dir='ltr'>eorum.</span> <span class='ocrx_word' id='word_1_579' title='bbox 1602 2541 1701 2572; x_wconf 88' lang='lat' dir='ltr'>Cete-</span> 
     </span>
     <span class='ocr_line' id='line_1_99' title="bbox 1002 2592 1700 2631; baseline -0.001 -7"><span class='ocrx_word' id='word_1_580' title='bbox 1002 2603 1072 2624; x_wconf 88' lang='lat' dir='ltr'>rum</span> <span class='ocrx_word' id='word_1_581' title='bbox 1093 2593 1325 2624; x_wconf 80' lang='lat' dir='ltr'>Hotomannus</span> <span class='ocrx_word' id='word_1_582' title='bbox 1342 2593 1524 2631; x_wconf 81' lang='lat' dir='ltr'>existimat,</span> <span class='ocrx_word' id='word_1_583' title='bbox 1542 2592 1602 2623; x_wconf 85' lang='lat' dir='ltr'>hoc</span> <span class='ocrx_word' id='word_1_584' title='bbox 1625 2593 1700 2624; x_wconf 86' lang='lat' dir='ltr'>luco</span> 
     </span>
     <span class='ocr_line' id='line_1_100' title="bbox 1001 2641 1700 2678; baseline 0.001 -5"><span class='ocrx_word' id='word_1_585' title='bbox 1001 2642 1184 2674; x_wconf 75' lang='lat' dir='ltr'>desiderari</span> <span class='ocrx_word' id='word_1_586' title='bbox 1201 2652 1316 2673; x_wconf 84' lang='lat' dir='ltr'>vocem</span> <span class='ocrx_word' id='word_1_587' title='bbox 1329 2652 1430 2678; x_wconf 80' lang='lat' dir='ltr'>omnes</span> <span class='ocrx_word' id='word_1_588' title='bbox 1443 2652 1461 2673; x_wconf 78' lang='lat' dir='ltr'>e</span> <span class='ocrx_word' id='word_1_589' title='bbox 1475 2653 1504 2673; x_wconf 86' lang='lat' dir='ltr'>c.</span> <span class='ocrx_word' id='word_1_590' title='bbox 1514 2645 1566 2673; x_wconf 80' lang='lat'>29.</span> <span class='ocrx_word' id='word_1_591' title='bbox 1579 2644 1587 2659; x_wconf 90' lang='lat'>‘</span> <span class='ocrx_word' id='word_1_592' title='bbox 1600 2641 1700 2676; x_wconf 82' lang='lat' dir='ltr'>Quod</span> 
     </span>
     <span class='ocr_line' id='line_1_101' title="bbox 1001 2692 1699 2733; baseline -0.001 -9"><span class='ocrx_word' id='word_1_593' title='bbox 1001 2697 1040 2724; x_wconf 89' lang='lat' dir='ltr'>ut</span> <span class='ocrx_word' id='word_1_594' title='bbox 1074 2703 1176 2733; x_wconf 84' lang='lat' dir='ltr'>supra</span> <span class='ocrx_word' id='word_1_595' title='bbox 1212 2693 1530 2733; x_wconf 79' lang='lat' dir='ltr'>demonstravimus,</span> <span class='ocrx_word' id='word_1_596' title='bbox 1563 2692 1699 2723; x_wconf 84' lang='lat' dir='ltr'>minime</span> 
     </span>
     <span class='ocr_line' id='line_1_102' title="bbox 1001 2741 1702 2785; baseline 0.001 -10"><span class='ocrx_word' id='word_1_597' title='bbox 1001 2752 1114 2775; x_wconf 88' lang='lat' dir='ltr'>omnes</span> <span class='ocrx_word' id='word_1_598' title='bbox 1128 2742 1290 2776; x_wconf 85' lang='lat' dir='ltr'>Germani</span> <span class='ocrx_word' id='word_1_599' title='bbox 1307 2743 1522 2785; x_wconf 70' lang='lat' dir='ltr'>agriculturae</span> <span class='ocrx_word' id='word_1_600' title='bbox 1539 2741 1702 2784; x_wconf 58' lang='lat' dir='ltr'>student}</span> 
     </span>
    </p>
   </div>
  </div>
 </body>
</html>
