<?xml version="1.0" encoding="UTF-8"?>
<!DOCTYPE html PUBLIC "-//W3C//DTD XHTML 1.0 Transitional//EN"
    "http://www.w3.org/TR/xhtml1/DTD/xhtml1-transitional.dtd">
<html xmlns="http://www.w3.org/1999/xhtml" xml:lang="en" lang="en">
 <head>
  <title>
</title>
<meta http-equiv="Content-Type" content="text/html;charset=utf-8" />
  <meta name='ocr-system' content='tesseract 3.04.00' />
  <meta name='ocr-capabilities' content='ocr_page ocr_carea ocr_par ocr_line ocrx_word'/>
</head>
<body>
  <div class='ocr_page' id='page_1' title='image "./operaomniaexedit03caesuoft/operaomniaexedit03caesuoft_0156.png"; bbox 0 0 1818 3131; ppageno 0'>
   <div class='ocr_carea' id='block_1_1' title="bbox 216 203 330 245">
    <p class='ocr_par' dir='ltr' id='par_1_1' title="bbox 216 203 330 245">
     <span class='ocr_line' id='line_1_1' title="bbox 216 203 330 245; baseline 0.009 -1"><span class='ocrx_word' id='word_1_1' title='bbox 216 203 330 245; x_wconf 79' lang='lat'>1076</span> 
     </span>
    </p>
   </div>
   <div class='ocr_carea' id='block_1_2' title="bbox 207 312 921 2831">
    <p class='ocr_par' dir='ltr' id='par_1_2' title="bbox 207 312 921 2628">
     <span class='ocr_line' id='line_1_2' title="bbox 215 312 918 346; baseline 0.004 -3"><span class='ocrx_word' id='word_1_2' title='bbox 215 312 322 343; x_wconf 85' lang='lat' dir='ltr'>missa.</span> <span class='ocrx_word' id='word_1_3' title='bbox 372 312 571 343; x_wconf 64' lang='lat' dir='ltr'>Trans-ductis</span> <span class='ocrx_word' id='word_1_4' title='bbox 583 317 619 343; x_wconf 85' lang='lat' dir='ltr'>et</span> <span class='ocrx_word' id='word_1_5' title='bbox 634 314 825 345; x_wconf 73' lang='lat' dir='ltr'>transmissis</span> <span class='ocrx_word' id='word_1_6' title='bbox 841 323 918 346; x_wconf 88' lang='lat' dir='ltr'>con-</span> 
     </span>
     <span class='ocr_line' id='line_1_3' title="bbox 217 363 919 398; baseline 0.004 -3"><span class='ocrx_word' id='word_1_7' title='bbox 217 363 406 395; x_wconf 77' lang='lat' dir='ltr'>funduntur</span> <span class='ocrx_word' id='word_1_8' title='bbox 436 372 499 395; x_wconf 72' lang='lat' dir='ltr'>vn.</span> <span class='ocrx_word' id='word_1_9' title='bbox 531 367 583 395; x_wconf 76' lang='lat'>35.</span> <span class='ocrx_word' id='word_1_10' title='bbox 625 366 847 397; x_wconf 69' lang='lat' dir='ltr'>transvexisset</span> <span class='ocrx_word' id='word_1_11' title='bbox 883 371 919 398; x_wconf 79' lang='lat' dir='ltr'>et</span> 
     </span>
     <span class='ocr_line' id='line_1_4' title="bbox 216 414 918 450; baseline 0.007 -5"><span class='ocrx_word' id='word_1_12' title='bbox 216 415 436 445; x_wconf 70' lang='lat' dir='ltr'><strong><em>transmisisset</em></strong></span> <span class='ocrx_word' id='word_1_13' title='bbox 451 414 492 445; x_wconf 94' lang='lat' dir='ltr'>B.</span> <span class='ocrx_word' id='word_1_14' title='bbox 515 414 590 446; x_wconf 90' lang='lat' dir='ltr'>Civ.</span> <span class='ocrx_word' id='word_1_15' title='bbox 608 424 664 447; x_wconf 89' lang='lat'>111.</span> <span class='ocrx_word' id='word_1_16' title='bbox 682 418 734 447; x_wconf 81' lang='lat'>29.</span> <span class='ocrx_word' id='word_1_17' title='bbox 760 422 797 448; x_wconf 87' lang='lat' dir='ltr'>ut</span> <span class='ocrx_word' id='word_1_18' title='bbox 813 417 854 449; x_wconf 90' lang='lat' dir='ltr'>B.</span> <span class='ocrx_word' id='word_1_19' title='bbox 880 418 918 450; x_wconf 90' lang='lat' dir='ltr'>C.</span> 
     </span>
     <span class='ocr_line' id='line_1_5' title="bbox 218 466 917 500; baseline 0.006 -4"><span class='ocrx_word' id='word_1_20' title='bbox 218 474 282 496; x_wconf 83' lang='lat' dir='ltr'>vn.</span> <span class='ocrx_word' id='word_1_21' title='bbox 323 467 375 495; x_wconf 81' lang='lat'>61.</span> <span class='ocrx_word' id='word_1_22' title='bbox 413 466 610 497; x_wconf 81' lang='lat' dir='ltr'>‘exercitus</span> <span class='ocrx_word' id='word_1_23' title='bbox 649 468 917 500; x_wconf 63' lang='lat' dir='ltr'>transmittitur?</span> 
     </span>
     <span class='ocr_line' id='line_1_6' title="bbox 217 515 919 560; baseline 0.009 -15"><span class='ocrx_word' id='word_1_24' title='bbox 217 516 268 546; x_wconf 83' lang='lat' dir='ltr'>Ea</span> <span class='ocrx_word' id='word_1_25' title='bbox 306 516 420 557; x_wconf 91' lang='lat' dir='ltr'>itaque</span> <span class='ocrx_word' id='word_1_26' title='bbox 458 520 533 547; x_wconf 85' lang='lat' dir='ltr'>tuto</span> <span class='ocrx_word' id='word_1_27' title='bbox 557 515 672 548; x_wconf 83' lang='lat' dir='ltr'>forsan</span> <span class='ocrx_word' id='word_1_28' title='bbox 700 519 919 560; x_wconf 77' lang='lat' dir='ltr'>acquiescere</span> 
     </span>
     <span class='ocr_line' id='line_1_7' title="bbox 216 566 918 607; baseline 0.006 -11"><span class='ocrx_word' id='word_1_29' title='bbox 216 566 395 607; x_wconf 85' lang='lat' dir='ltr'>possimus.</span> <span class='ocrx_word' id='word_1_30' title='bbox 425 566 554 598; x_wconf 87' lang='lat' dir='ltr'>Verum</span> <span class='ocrx_word' id='word_1_31' title='bbox 568 573 681 599; x_wconf 87' lang='lat' dir='ltr'>tamen</span> <span class='ocrx_word' id='word_1_32' title='bbox 691 568 744 600; x_wconf 89' lang='lat' dir='ltr'>hic</span> <span class='ocrx_word' id='word_1_33' title='bbox 759 570 872 600; x_wconf 86' lang='lat' dir='ltr'>inveni</span> <span class='ocrx_word' id='word_1_34' title='bbox 886 570 918 600; x_wconf 90' lang='lat' dir='ltr'>in</span> 
     </span>
     <span class='ocr_line' id='line_1_8' title="bbox 216 616 918 652; baseline 0.004 -5"><span class='ocrx_word' id='word_1_35' title='bbox 216 616 317 647; x_wconf 78' lang='lat' dir='ltr'>Voss.</span> <span class='ocrx_word' id='word_1_36' title='bbox 341 616 490 649; x_wconf 88' lang='lat' dir='ltr'>secundo</span> <span class='ocrx_word' id='word_1_37' title='bbox 515 620 761 651; x_wconf 68' lang='lat' dir='ltr'><strong><em>transmissurus.</em></strong></span> <span class='ocrx_word' id='word_1_38' title='bbox 809 620 918 652; x_wconf 82' lang='lat' dir='ltr'>Recte</span> 
     </span>
     <span class='ocr_line' id='line_1_9' title="bbox 214 669 920 702; baseline 0.006 -5"><span class='ocrx_word' id='word_1_39' title='bbox 214 671 251 698; x_wconf 90' lang='lat' dir='ltr'>et</span> <span class='ocrx_word' id='word_1_40' title='bbox 264 677 345 699; x_wconf 88' lang='lat' dir='ltr'>sano</span> <span class='ocrx_word' id='word_1_41' title='bbox 359 677 469 700; x_wconf 88' lang='lat' dir='ltr'>sensu.</span> <span class='ocrx_word' id='word_1_42' title='bbox 501 669 616 700; x_wconf 72' lang='lat' dir='ltr'>Caesar</span> <span class='ocrx_word' id='word_1_43' title='bbox 630 671 885 702; x_wconf 82' lang='lat' dir='ltr'>transmissurus</span> <span class='ocrx_word' id='word_1_44' title='bbox 901 681 920 701; x_wconf 83' lang='lat' dir='ltr'>a</span> 
     </span>
     <span class='ocr_line' id='line_1_10' title="bbox 216 718 918 762; baseline 0.004 -13"><span class='ocrx_word' id='word_1_45' title='bbox 216 718 414 750; x_wconf 73' lang='lat' dir='ltr'><strong>continente</strong></span> <span class='ocrx_word' id='word_1_46' title='bbox 438 726 660 761; x_wconf 82' lang='lat' dir='ltr'>cognoverat,</span> <span class='ocrx_word' id='word_1_47' title='bbox 684 732 725 751; x_wconf 87' lang='lat' dir='ltr'>ex</span> <span class='ocrx_word' id='word_1_48' title='bbox 754 731 793 752; x_wconf 75' lang='lat' dir='ltr'>eo</span> <span class='ocrx_word' id='word_1_49' title='bbox 818 726 918 762; x_wconf 86' lang='lat' dir='ltr'>portu</span> 
     </span>
     <span class='ocr_line' id='line_1_11' title="bbox 216 769 918 809; baseline 0.003 -9"><span class='ocrx_word' id='word_1_50' title='bbox 216 769 402 809; x_wconf 81' lang='lat' dir='ltr'>trajectum</span> <span class='ocrx_word' id='word_1_51' title='bbox 419 780 493 802; x_wconf 88' lang='lat' dir='ltr'>esse</span> <span class='ocrx_word' id='word_1_52' title='bbox 510 772 827 802; x_wconf 80' lang='lat' dir='ltr'>commodissimum.</span> <span class='ocrx_word' id='word_1_53' title='bbox 862 771 918 802; x_wconf 91' lang='lat' dir='ltr'>Sic</span> 
     </span>
     <span class='ocr_line' id='line_1_12' title="bbox 215 820 920 861; baseline 0.003 -12"><span class='ocrx_word' id='word_1_54' title='bbox 215 820 416 852; x_wconf 74' lang='lat' dir='ltr'>transmissus</span> <span class='ocrx_word' id='word_1_55' title='bbox 433 830 493 861; x_wconf 87' lang='lat' dir='ltr'>pro</span> <span class='ocrx_word' id='word_1_56' title='bbox 511 822 746 852; x_wconf 74' lang='lat' dir='ltr'>transmissurus</span> <span class='ocrx_word' id='word_1_57' title='bbox 760 825 920 852; x_wconf 80' lang='lat' dir='ltr'>exaratur</span> 
     </span>
     <span class='ocr_line' id='line_1_13' title="bbox 215 869 918 903; baseline 0.004 -4"><span class='ocrx_word' id='word_1_58' title='bbox 215 869 248 900; x_wconf 90' lang='lat' dir='ltr'>in</span> <span class='ocrx_word' id='word_1_59' title='bbox 265 870 425 902; x_wconf 89' lang='lat' dir='ltr'>Mediceo</span> <span class='ocrx_word' id='word_1_60' title='bbox 449 870 533 901; x_wconf 88' lang='lat' dir='ltr'>Cod.</span> <span class='ocrx_word' id='word_1_61' title='bbox 559 871 712 902; x_wconf 85' lang='lat' dir='ltr'>Frontini</span> <span class='ocrx_word' id='word_1_62' title='bbox 739 880 786 902; x_wconf 81' lang='grc' dir='ltr'>ιν.</span> <span class='ocrx_word' id='word_1_63' title='bbox 812 874 841 902; x_wconf 92' lang='lat' dir='ltr'>l.</span> <span class='ocrx_word' id='word_1_64' title='bbox 865 873 918 903; x_wconf 84' lang='lat'>31.</span> 
     </span>
     <span class='ocr_line' id='line_1_14' title="bbox 214 919 920 962; baseline 0.003 -12"><span class='ocrx_word' id='word_1_65' title='bbox 214 919 405 951; x_wconf 82' lang='lat' dir='ltr'>Distinctio</span> <span class='ocrx_word' id='word_1_66' title='bbox 442 925 514 951; x_wconf 89' lang='lat' dir='ltr'>tum</span> <span class='ocrx_word' id='word_1_67' title='bbox 550 920 709 961; x_wconf 89' lang='lat' dir='ltr'>ponenda</span> <span class='ocrx_word' id='word_1_68' title='bbox 747 922 812 952; x_wconf 88' lang='lat' dir='ltr'>erit</span> <span class='ocrx_word' id='word_1_69' title='bbox 843 926 920 962; x_wconf 86' lang='lat' dir='ltr'>post</span> 
     </span>
     <span class='ocr_line' id='line_1_15' title="bbox 217 970 919 1012; baseline 0.004 -13"><span class='ocrx_word' id='word_1_70' title='bbox 217 977 305 1000; x_wconf 85' lang='lat' dir='ltr'><strong>xxx.</strong></span> <span class='ocrx_word' id='word_1_71' title='bbox 351 970 539 1010; x_wconf 75' lang='lat' dir='ltr'>Eleganter</span> <span class='ocrx_word' id='word_1_72' title='bbox 577 971 680 1002; x_wconf 89' lang='lat' dir='ltr'>etiam</span> <span class='ocrx_word' id='word_1_73' title='bbox 708 972 775 1012; x_wconf 81' lang='lat' dir='ltr'>legi</span> <span class='ocrx_word' id='word_1_74' title='bbox 802 976 919 1012; x_wconf 83' lang='lat' dir='ltr'>posset</span> 
     </span>
     <span class='ocr_line' id='line_1_16' title="bbox 214 1020 918 1053; baseline 0.001 -2"><span class='ocrx_word' id='word_1_75' title='bbox 214 1020 455 1053; x_wconf 63' lang='lat' dir='ltr'>trans-missoris.</span> <span class='ocrx_word' id='word_1_76' title='bbox 502 1022 803 1053; x_wconf 88' lang='lat' dir='ltr'>Commodissimus</span> <span class='ocrx_word' id='word_1_77' title='bbox 826 1022 918 1053; x_wconf 89' lang='lat' dir='ltr'>illinc</span> 
     </span>
     <span class='ocr_line' id='line_1_17' title="bbox 215 1072 918 1113; baseline 0 -11"><span class='ocrx_word' id='word_1_78' title='bbox 215 1076 268 1102; x_wconf 88' lang='lat' dir='ltr'>est</span> <span class='ocrx_word' id='word_1_79' title='bbox 306 1072 474 1113; x_wconf 85' lang='lat' dir='ltr'>trajectus</span> <span class='ocrx_word' id='word_1_80' title='bbox 506 1072 559 1112; x_wconf 77' lang='lat' dir='ltr'>iis,</span> <span class='ocrx_word' id='word_1_81' title='bbox 597 1072 654 1113; x_wconf 86' lang='lat' dir='ltr'>qui</span> <span class='ocrx_word' id='word_1_82' title='bbox 684 1073 918 1104; x_wconf 80' lang='lat' dir='ltr'>transmittere</span> 
     </span>
     <span class='ocr_line' id='line_1_18' title="bbox 215 1122 919 1165; baseline 0.006 -14"><span class='ocrx_word' id='word_1_83' title='bbox 215 1122 334 1152; x_wconf 80' lang='lat' dir='ltr'>volunt</span> <span class='ocrx_word' id='word_1_84' title='bbox 351 1132 369 1153; x_wconf 92' lang='lat' dir='ltr'>e</span> <span class='ocrx_word' id='word_1_85' title='bbox 387 1123 588 1154; x_wconf 88' lang='lat' dir='ltr'>continenti.</span> <span class='ocrx_word' id='word_1_86' title='bbox 630 1124 685 1154; x_wconf 88' lang='lat' dir='ltr'>De</span> <span class='ocrx_word' id='word_1_87' title='bbox 702 1133 767 1165; x_wconf 88' lang='lat' dir='ltr'>quo</span> <span class='ocrx_word' id='word_1_88' title='bbox 783 1124 919 1165; x_wconf 88' lang='lat' dir='ltr'>loquen-</span> 
     </span>
     <span class='ocr_line' id='line_1_19' title="bbox 215 1171 919 1206; baseline 0.007 -5"><span class='ocrx_word' id='word_1_89' title='bbox 215 1171 250 1202; x_wconf 87' lang='lat' dir='ltr'>di</span> <span class='ocrx_word' id='word_1_90' title='bbox 274 1181 368 1203; x_wconf 85' lang='lat' dir='ltr'>more</span> <span class='ocrx_word' id='word_1_91' title='bbox 399 1172 454 1203; x_wconf 84' lang='lat' dir='ltr'>adi</span> <span class='ocrx_word' id='word_1_92' title='bbox 485 1183 650 1204; x_wconf 85' lang='lat' dir='ltr'>summum</span> <span class='ocrx_word' id='word_1_93' title='bbox 684 1174 792 1204; x_wconf 88' lang='lat' dir='ltr'>virum</span> <span class='ocrx_word' id='word_1_94' title='bbox 823 1174 856 1206; x_wconf 86' lang='lat' dir='ltr'>J.</span> <span class='ocrx_word' id='word_1_95' title='bbox 882 1175 919 1206; x_wconf 83' lang='lat' dir='ltr'>F.</span> 
     </span>
     <span class='ocr_line' id='line_1_20' title="bbox 214 1222 919 1267; baseline 0.006 -14"><span class='ocrx_word' id='word_1_96' title='bbox 214 1222 365 1255; x_wconf 81' lang='lat' dir='ltr'>Gronov.</span> <span class='ocrx_word' id='word_1_97' title='bbox 399 1223 441 1254; x_wconf 89' lang='lat' dir='ltr'>ad</span> <span class='ocrx_word' id='word_1_98' title='bbox 468 1224 541 1256; x_wconf 80' lang='lat' dir='ltr'>Liv.</span> <span class='ocrx_word' id='word_1_99' title='bbox 569 1234 594 1255; x_wconf 81' lang='lat'>1.</span> <span class='ocrx_word' id='word_1_100' title='bbox 622 1227 653 1257; x_wconf 92' lang='lat'>8.</span> <span class='ocrx_word' id='word_1_101' title='bbox 688 1226 837 1266; x_wconf 83' lang='lat' dir='ltr'>‘Locus,</span> <span class='ocrx_word' id='word_1_102' title='bbox 863 1227 919 1267; x_wconf 88' lang='lat' dir='ltr'>qui</span> 
     </span>
     <span class='ocr_line' id='line_1_21' title="bbox 213 1275 920 1315; baseline 0.004 -11"><span class='ocrx_word' id='word_1_103' title='bbox 213 1283 304 1305; x_wconf 88' lang='lat' dir='ltr'>nunc</span> <span class='ocrx_word' id='word_1_104' title='bbox 343 1280 459 1315; x_wconf 88' lang='lat' dir='ltr'>septus</span> <span class='ocrx_word' id='word_1_105' title='bbox 498 1275 784 1307; x_wconf 77' lang='lat' dir='ltr'>descendentibus</span> <span class='ocrx_word' id='word_1_106' title='bbox 831 1277 920 1308; x_wconf 86' lang='lat' dir='ltr'>inter</span> 
     </span>
     <span class='ocr_line' id='line_1_22' title="bbox 214 1324 920 1358; baseline 0.006 -4"><span class='ocrx_word' id='word_1_107' title='bbox 214 1324 406 1356; x_wconf 85' lang='lat' dir='ltr'>duoslucos</span> <span class='ocrx_word' id='word_1_108' title='bbox 419 1325 492 1357; x_wconf 69' lang='lat' dir='ltr'>est!</span> <span class='ocrx_word' id='word_1_109' title='bbox 518 1329 688 1358; x_wconf 79' lang='lat' dir='ltr'>xxvt.26.</span> <span class='ocrx_word' id='word_1_110' title='bbox 713 1327 806 1358; x_wconf 87' lang='lat' dir='ltr'>‘Sita</span> <span class='ocrx_word' id='word_1_111' title='bbox 823 1327 920 1358; x_wconf 79' lang='lat' dir='ltr'>Anti-</span> 
     </span>
     <span class='ocr_line' id='line_1_23' title="bbox 216 1375 920 1417; baseline 0.003 -12"><span class='ocrx_word' id='word_1_112' title='bbox 216 1384 299 1414; x_wconf 67' lang='lat' dir='ltr'>cyra</span> <span class='ocrx_word' id='word_1_113' title='bbox 312 1379 364 1406; x_wconf 89' lang='lat' dir='ltr'>est</span> <span class='ocrx_word' id='word_1_114' title='bbox 381 1375 414 1405; x_wconf 92' lang='lat' dir='ltr'>in</span> <span class='ocrx_word' id='word_1_115' title='bbox 431 1375 576 1406; x_wconf 87' lang='lat' dir='ltr'>Locride</span> <span class='ocrx_word' id='word_1_116' title='bbox 593 1377 679 1406; x_wconf 83' lang='lat' dir='ltr'>laeva</span> <span class='ocrx_word' id='word_1_117' title='bbox 696 1382 794 1417; x_wconf 81' lang='lat' dir='ltr'>parte</span> <span class='ocrx_word' id='word_1_118' title='bbox 811 1377 920 1407; x_wconf 88' lang='lat' dir='ltr'>sinum</span> 
     </span>
     <span class='ocr_line' id='line_1_24' title="bbox 214 1423 920 1458; baseline 0.004 -3"><span class='ocrx_word' id='word_1_119' title='bbox 214 1423 293 1455; x_wconf 88' lang='lat' dir='ltr'>Car.</span> <span class='ocrx_word' id='word_1_120' title='bbox 325 1424 554 1457; x_wconf 72' lang='lat' dir='ltr'>intrantibus.y</span> <span class='ocrx_word' id='word_1_121' title='bbox 600 1426 694 1458; x_wconf 86' lang='lat' dir='ltr'>Mela</span> <span class='ocrx_word' id='word_1_122' title='bbox 725 1436 764 1458; x_wconf 85' lang='lat' dir='ltr'>n.</span> <span class='ocrx_word' id='word_1_123' title='bbox 791 1430 819 1458; x_wconf 94' lang='lat'>1.</span> <span class='ocrx_word' id='word_1_124' title='bbox 859 1427 920 1458; x_wconf 91' lang='lat' dir='ltr'>‘In</span> 
     </span>
     <span class='ocr_line' id='line_1_25' title="bbox 213 1475 919 1516; baseline 0.003 -11"><span class='ocrx_word' id='word_1_125' title='bbox 213 1475 383 1506; x_wconf 65' lang='lat' dir='ltr'>Maeotida</span> <span class='ocrx_word' id='word_1_126' title='bbox 412 1476 657 1516; x_wconf 78' lang='lat' dir='ltr'>remeantibus,</span> <span class='ocrx_word' id='word_1_127' title='bbox 689 1477 731 1507; x_wconf 90' lang='lat' dir='ltr'>ad</span> <span class='ocrx_word' id='word_1_128' title='bbox 763 1478 919 1508; x_wconf 78' lang='lat' dir='ltr'>dextram</span> 
     </span>
     <span class='ocr_line' id='line_1_26' title="bbox 214 1525 920 1567; baseline 0.003 -11"><span class='ocrx_word' id='word_1_129' title='bbox 214 1525 351 1565; x_wconf 72' lang='lat' dir='ltr'>Europe</span> <span class='ocrx_word' id='word_1_130' title='bbox 367 1526 442 1556; x_wconf 87' lang='lat' dir='ltr'>est.&#39;</span> <span class='ocrx_word' id='word_1_131' title='bbox 488 1526 585 1557; x_wconf 89' lang='lat' dir='ltr'>Curt.</span> <span class='ocrx_word' id='word_1_132' title='bbox 603 1534 637 1556; x_wconf 83' lang='lat' dir='ltr'>v.</span> <span class='ocrx_word' id='word_1_133' title='bbox 657 1529 686 1557; x_wconf 90' lang='lat'>1.</span> <span class='ocrx_word' id='word_1_134' title='bbox 703 1527 720 1567; x_wconf 52' lang='grc' dir='ltr'><em>ᾧ</em></span> <span class='ocrx_word' id='word_1_135' title='bbox 737 1530 788 1558; x_wconf 89' lang='lat' dir='ltr'>ll.</span> <span class='ocrx_word' id='word_1_136' title='bbox 811 1528 819 1543; x_wconf 75' lang='lat'>⁶</span> <span class='ocrx_word' id='word_1_137' title='bbox 832 1527 920 1558; x_wconf 88' lang='lat' dir='ltr'>Eun-</span> 
     </span>
     <span class='ocr_line' id='line_1_27' title="bbox 214 1577 919 1619; baseline 0.003 -11"><span class='ocrx_word' id='word_1_138' title='bbox 214 1577 306 1608; x_wconf 82' lang='lat' dir='ltr'>tibus</span> <span class='ocrx_word' id='word_1_139' title='bbox 325 1588 343 1608; x_wconf 90' lang='lat' dir='ltr'>a</span> <span class='ocrx_word' id='word_1_140' title='bbox 359 1582 457 1618; x_wconf 87' lang='lat' dir='ltr'>parte</span> <span class='ocrx_word' id='word_1_141' title='bbox 474 1579 561 1609; x_wconf 83' lang='lat' dir='ltr'>laeva</span> <span class='ocrx_word' id='word_1_142' title='bbox 582 1578 710 1610; x_wconf 85' lang='lat' dir='ltr'>Arabia</span> <span class='ocrx_word' id='word_1_143' title='bbox 725 1584 919 1619; x_wconf 82' lang='lat' dir='ltr'>campestre</span> 
     </span>
     <span class='ocr_line' id='line_1_28' title="bbox 214 1628 918 1669; baseline 0.004 -11"><span class='ocrx_word' id='word_1_144' title='bbox 214 1628 283 1658; x_wconf 86' lang='lat' dir='ltr'>iter</span> <span class='ocrx_word' id='word_1_145' title='bbox 298 1628 381 1659; x_wconf 83' lang='lat' dir='ltr'>est:’</span> <span class='ocrx_word' id='word_1_146' title='bbox 406 1633 441 1659; x_wconf 88' lang='lat' dir='ltr'>et</span> <span class='ocrx_word' id='word_1_147' title='bbox 465 1629 588 1669; x_wconf 85' lang='lat' dir='ltr'>passim</span> <span class='ocrx_word' id='word_1_148' title='bbox 607 1639 722 1660; x_wconf 81' lang='lat' dir='ltr'>omnes</span> <span class='ocrx_word' id='word_1_149' title='bbox 739 1629 918 1661; x_wconf 84' lang='lat' dir='ltr'>Historici.</span> 
     </span>
     <span class='ocr_line' id='line_1_29' title="bbox 216 1679 918 1721; baseline 0.001 -12"><span class='ocrx_word' id='word_1_150' title='bbox 216 1679 354 1709; x_wconf 84' lang='lat' dir='ltr'>Lectori</span> <span class='ocrx_word' id='word_1_151' title='bbox 385 1679 512 1710; x_wconf 90' lang='lat' dir='ltr'>idcirco</span> <span class='ocrx_word' id='word_1_152' title='bbox 544 1679 687 1710; x_wconf 86' lang='lat' dir='ltr'>liberum</span> <span class='ocrx_word' id='word_1_153' title='bbox 723 1680 918 1721; x_wconf 83' lang='lat' dir='ltr'>relinquens</span> 
     </span>
     <span class='ocr_line' id='line_1_30' title="bbox 215 1729 918 1771; baseline 0.001 -11"><span class='ocrx_word' id='word_1_154' title='bbox 215 1729 391 1760; x_wconf 81' lang='lat' dir='ltr'>arbitrium</span> <span class='ocrx_word' id='word_1_155' title='bbox 416 1740 434 1760; x_wconf 88' lang='lat' dir='ltr'>e</span> <span class='ocrx_word' id='word_1_156' title='bbox 463 1730 569 1760; x_wconf 82' lang='lat' dir='ltr'>tribus</span> <span class='ocrx_word' id='word_1_157' title='bbox 592 1731 687 1762; x_wconf 84' lang='lat' dir='ltr'>hisce</span> <span class='ocrx_word' id='word_1_158' title='bbox 714 1731 918 1771; x_wconf 87' lang='lat' dir='ltr'>conjecturis</span> 
     </span>
     <span class='ocr_line' id='line_1_31' title="bbox 215 1780 918 1822; baseline 0.001 -13"><span class='ocrx_word' id='word_1_159' title='bbox 215 1789 315 1810; x_wconf 87' lang='lat' dir='ltr'>unam</span> <span class='ocrx_word' id='word_1_160' title='bbox 341 1780 500 1821; x_wconf 84' lang='lat' dir='ltr'>eligendi,</span> <span class='ocrx_word' id='word_1_161' title='bbox 526 1781 581 1811; x_wconf 92' lang='lat' dir='ltr'>edi</span> <span class='ocrx_word' id='word_1_162' title='bbox 609 1783 741 1819; x_wconf 86' lang='lat' dir='ltr'>curavi,</span> <span class='ocrx_word' id='word_1_163' title='bbox 769 1781 858 1822; x_wconf 91' lang='lat' dir='ltr'>quod</span> <span class='ocrx_word' id='word_1_164' title='bbox 885 1780 918 1810; x_wconf 92' lang='lat' dir='ltr'>in</span> 
     </span>
     <span class='ocr_line' id='line_1_32' title="bbox 215 1830 916 1870; baseline 0.001 -10"><span class='ocrx_word' id='word_1_165' title='bbox 215 1831 298 1860; x_wconf 78' lang='lat' dir='ltr'>Mss.</span> <span class='ocrx_word' id='word_1_166' title='bbox 326 1830 506 1860; x_wconf 82' lang='lat' dir='ltr'>innumeris</span> <span class='ocrx_word' id='word_1_167' title='bbox 541 1835 667 1870; x_wconf 84' lang='lat' dir='ltr'>exstat,</span> <span class='ocrx_word' id='word_1_168' title='bbox 692 1832 916 1861; x_wconf 79' lang='lat' dir='ltr'>transmissum.</span> 
     </span>
     <span class='ocr_line' id='line_1_33' title="bbox 215 1880 919 1921; baseline 0.001 -10"><span class='ocrx_word' id='word_1_169' title='bbox 215 1880 328 1911; x_wconf 85' lang='lat' dir='ltr'>Priori</span> <span class='ocrx_word' id='word_1_170' title='bbox 355 1881 564 1921; x_wconf 65' lang='lat' dir='ltr'>conjectum</span> <span class='ocrx_word' id='word_1_171' title='bbox 604 1880 722 1912; x_wconf 75' lang='lat' dir='ltr'>favent</span> <span class='ocrx_word' id='word_1_172' title='bbox 750 1887 784 1912; x_wconf 90' lang='lat' dir='ltr'>et</span> <span class='ocrx_word' id='word_1_173' title='bbox 809 1882 919 1912; x_wconf 77' lang='lat' dir='ltr'>Meta-</span> 
     </span>
     <span class='ocr_line' id='line_1_34' title="bbox 215 1931 917 1972; baseline 0.001 -12"><span class='ocrx_word' id='word_1_174' title='bbox 215 1931 371 1971; x_wconf 82' lang='lat' dir='ltr'>phrastes</span> <span class='ocrx_word' id='word_1_175' title='bbox 387 1936 422 1961; x_wconf 87' lang='lat' dir='ltr'>et</span> <span class='ocrx_word' id='word_1_176' title='bbox 439 1931 572 1968; x_wconf 69' lang='lat' dir='ltr'>Celsus,</span> <span class='ocrx_word' id='word_1_177' title='bbox 587 1931 641 1972; x_wconf 91' lang='lat' dir='ltr'>qui</span> <span class='ocrx_word' id='word_1_178' title='bbox 661 1936 790 1962; x_wconf 88' lang='lat' dir='ltr'>tantum</span> <span class='ocrx_word' id='word_1_179' title='bbox 818 1940 917 1961; x_wconf 83' lang='lat' dir='ltr'>unam</span> 
     </span>
     <span class='ocr_line' id='line_1_35' title="bbox 214 1982 917 2022; baseline -0.001 -11"><span class='ocrx_word' id='word_1_180' title='bbox 214 1991 335 2013; x_wconf 79' lang='lat' dir='ltr'>vocem</span> <span class='ocrx_word' id='word_1_181' title='bbox 365 1987 565 2022; x_wconf 81' lang='lat' dir='ltr'>agnoscunt.</span> <span class='ocrx_word' id='word_1_182' title='bbox 612 1982 772 2013; x_wconf 86' lang='lat' dir='ltr'>Ceterum</span> <span class='ocrx_word' id='word_1_183' title='bbox 797 1990 917 2021; x_wconf 86' lang='lat' dir='ltr'>perpe-</span> 
     </span>
     <span class='ocr_line' id='line_1_36' title="bbox 216 2033 918 2064; baseline 0.001 -1"><span class='ocrx_word' id='word_1_184' title='bbox 216 2041 287 2063; x_wconf 85' lang='lat' dir='ltr'>ram</span> <span class='ocrx_word' id='word_1_185' title='bbox 304 2033 440 2063; x_wconf 90' lang='lat' dir='ltr'>omnino</span> <span class='ocrx_word' id='word_1_186' title='bbox 460 2033 563 2064; x_wconf 88' lang='lat' dir='ltr'>Doct.</span> <span class='ocrx_word' id='word_1_187' title='bbox 582 2033 740 2064; x_wconf 83' lang='lat' dir='ltr'>Clarkius</span> <span class='ocrx_word' id='word_1_188' title='bbox 757 2043 833 2064; x_wconf 87' lang='lat' dir='ltr'>cum</span> <span class='ocrx_word' id='word_1_189' title='bbox 859 2034 918 2064; x_wconf 84' lang='lat' dir='ltr'>Fa-</span> 
     </span>
     <span class='ocr_line' id='line_1_37' title="bbox 217 2083 918 2124; baseline 0.001 -11"><span class='ocrx_word' id='word_1_190' title='bbox 217 2083 299 2114; x_wconf 76' lang='lat' dir='ltr'>&#39;erno</span> <span class='ocrx_word' id='word_1_191' title='bbox 316 2084 529 2114; x_wconf 79' lang='lat' dir='ltr'>transmissum</span> <span class='ocrx_word' id='word_1_192' title='bbox 549 2089 647 2124; x_wconf 87' lang='lat' dir='ltr'>putat</span> <span class='ocrx_word' id='word_1_193' title='bbox 661 2093 735 2114; x_wconf 85' lang='lat' dir='ltr'>esse</span> <span class='ocrx_word' id='word_1_194' title='bbox 749 2083 918 2123; x_wconf 87' lang='lat' dir='ltr'>interpre-</span> 
     </span>
     <span class='ocr_line' id='line_1_38' title="bbox 215 2134 919 2175; baseline 0 -11"><span class='ocrx_word' id='word_1_195' title='bbox 215 2138 404 2165; x_wconf 84' lang='lat' dir='ltr'>tamentum</span> <span class='ocrx_word' id='word_1_196' title='bbox 438 2135 682 2175; x_wconf 84' lang='lat' dir='ltr'>vulgarissimae</span> <span class='ocrx_word' id='word_1_197' title='bbox 721 2134 813 2165; x_wconf 86' lang='lat' dir='ltr'>vocis</span> <span class='ocrx_word' id='word_1_198' title='bbox 854 2137 919 2164; x_wconf 79' lang='lat' dir='ltr'>tra-</span> 
     </span>
     <span class='ocr_line' id='line_1_39' title="bbox 207 2184 918 2226; baseline 0 -12"><span class='ocrx_word' id='word_1_199' title='bbox 207 2184 333 2222; x_wconf 75' lang='lat' dir='ltr'>jectus5</span> <span class='ocrx_word' id='word_1_200' title='bbox 357 2184 437 2215; x_wconf 87' lang='lat' dir='ltr'>licet</span> <span class='ocrx_word' id='word_1_201' title='bbox 463 2190 621 2216; x_wconf 83' lang='lat' dir='ltr'>occurrat</span> <span class='ocrx_word' id='word_1_202' title='bbox 645 2189 681 2215; x_wconf 91' lang='lat' dir='ltr'>ct</span> <span class='ocrx_word' id='word_1_203' title='bbox 710 2185 798 2226; x_wconf 87' lang='lat' dir='ltr'>apud</span> <span class='ocrx_word' id='word_1_204' title='bbox 828 2184 918 2215; x_wconf 76' lang='lat' dir='ltr'>Hir-t.</span> 
     </span>
     <span class='ocr_line' id='line_1_40' title="bbox 216 2234 919 2266; baseline 0 -1"><span class='ocrx_word' id='word_1_205' title='bbox 216 2235 258 2266; x_wconf 89' lang='lat' dir='ltr'>B.</span> <span class='ocrx_word' id='word_1_206' title='bbox 285 2234 384 2265; x_wconf 86' lang='lat' dir='ltr'>Alex.</span> <span class='ocrx_word' id='word_1_207' title='bbox 418 2244 447 2266; x_wconf 95' lang='lat' dir='ltr'>c.</span> <span class='ocrx_word' id='word_1_208' title='bbox 480 2238 532 2266; x_wconf 84' lang='lat'>56.</span> <span class='ocrx_word' id='word_1_209' title='bbox 557 2235 719 2266; x_wconf 76' lang='lat' dir='ltr'>‘Auxilia</span> <span class='ocrx_word' id='word_1_210' title='bbox 745 2235 853 2266; x_wconf 87' lang='lat' dir='ltr'>mittit</span> <span class='ocrx_word' id='word_1_211' title='bbox 877 2235 919 2265; x_wconf 81' lang='lat' dir='ltr'>ad</span> 
     </span>
     <span class='ocr_line' id='line_1_41' title="bbox 215 2285 920 2326; baseline 0.001 -11"><span class='ocrx_word' id='word_1_212' title='bbox 215 2285 435 2326; x_wconf 81' lang='lat' dir='ltr'>Trajectnm‚’</span> <span class='ocrx_word' id='word_1_213' title='bbox 467 2286 538 2317; x_wconf 84' lang='lat' dir='ltr'>sive</span> <span class='ocrx_word' id='word_1_214' title='bbox 577 2285 714 2317; x_wconf 81' lang='lat' dir='ltr'>Fretum</span> <span class='ocrx_word' id='word_1_215' title='bbox 754 2286 920 2317; x_wconf 85' lang='lat' dir='ltr'>Herculc-</span> 
     </span>
     <span class='ocr_line' id='line_1_42' title="bbox 215 2336 921 2377; baseline 0 -12"><span class='ocrx_word' id='word_1_216' title='bbox 215 2345 284 2366; x_wconf 87' lang='lat' dir='ltr'>um.</span> <span class='ocrx_word' id='word_1_217' title='bbox 330 2336 439 2367; x_wconf 88' lang='lat' dir='ltr'>Porro</span> <span class='ocrx_word' id='word_1_218' title='bbox 473 2336 516 2367; x_wconf 89' lang='lat' dir='ltr'>de</span> <span class='ocrx_word' id='word_1_219' title='bbox 540 2336 773 2377; x_wconf 79' lang='lat' dir='ltr'>discrepantia</span> <span class='ocrx_word' id='word_1_220' title='bbox 807 2336 921 2376; x_wconf 86' lang='lat' dir='ltr'>spatii,</span> 
     </span>
     <span class='ocr_line' id='line_1_43' title="bbox 217 2385 919 2427; baseline 0 -12"><span class='ocrx_word' id='word_1_221' title='bbox 217 2395 286 2427; x_wconf 88' lang='lat' dir='ltr'>qua</span> <span class='ocrx_word' id='word_1_222' title='bbox 301 2385 417 2418; x_wconf 84' lang='lat' dir='ltr'>differt</span> <span class='ocrx_word' id='word_1_223' title='bbox 435 2387 548 2418; x_wconf 80' lang='lat' dir='ltr'>Caesar</span> <span class='ocrx_word' id='word_1_224' title='bbox 577 2386 619 2417; x_wconf 91' lang='lat' dir='ltr'>ab</span> <span class='ocrx_word' id='word_1_225' title='bbox 646 2386 731 2425; x_wconf 88' lang='lat' dir='ltr'>aliis,</span> <span class='ocrx_word' id='word_1_226' title='bbox 757 2391 836 2427; x_wconf 82' lang='lat' dir='ltr'>post</span> <span class='ocrx_word' id='word_1_227' title='bbox 865 2386 919 2417; x_wconf 87' lang='lat' dir='ltr'>Ci-</span> 
     </span>
     <span class='ocr_line' id='line_1_44' title="bbox 216 2437 918 2470; baseline 0.001 -2"><span class='ocrx_word' id='word_1_228' title='bbox 216 2445 334 2469; x_wconf 85' lang='lat' dir='ltr'>accon.</span> <span class='ocrx_word' id='word_1_229' title='bbox 347 2438 584 2470; x_wconf 85' lang='lat' dir='ltr'>etCasaubon.</span> <span class='ocrx_word' id='word_1_230' title='bbox 602 2437 644 2469; x_wconf 87' lang='lat' dir='ltr'>ad</span> <span class='ocrx_word' id='word_1_231' title='bbox 658 2438 818 2469; x_wconf 85' lang='lat' dir='ltr'>Strabon.</span> <span class='ocrx_word' id='word_1_232' title='bbox 836 2439 856 2468; x_wconf 87' lang='lat' dir='ltr'>l.</span> <span class='ocrx_word' id='word_1_233' title='bbox 871 2447 918 2469; x_wconf 77' lang='lat' dir='ltr'>iv.</span> 
     </span>
     <span class='ocr_line' id='line_1_45' title="bbox 219 2488 918 2530; baseline 0 -11"><span class='ocrx_word' id='word_1_234' title='bbox 219 2490 342 2528; x_wconf 82' lang='lat' dir='ltr'>p.193.</span> <span class='ocrx_word' id='word_1_235' title='bbox 363 2494 396 2518; x_wconf 89' lang='lat' dir='ltr'>et</span> <span class='ocrx_word' id='word_1_236' title='bbox 430 2491 502 2520; x_wconf 78' lang='lat'>109.</span> <span class='ocrx_word' id='word_1_237' title='bbox 531 2488 595 2520; x_wconf 86' lang='lat' dir='ltr'>Ed.</span> <span class='ocrx_word' id='word_1_238' title='bbox 627 2489 704 2520; x_wconf 89' lang='lat' dir='ltr'>Par.</span> <span class='ocrx_word' id='word_1_239' title='bbox 736 2489 790 2530; x_wconf 87' lang='lat' dir='ltr'>qui</span> <span class='ocrx_word' id='word_1_240' title='bbox 823 2489 918 2530; x_wconf 79' lang='lat' dir='ltr'>legit.</span> 
     </span>
     <span class='ocr_line' id='line_1_46' title="bbox 219 2538 918 2579; baseline 0.001 -11"><span class='ocrx_word' id='word_1_241' title='bbox 219 2546 277 2569; x_wconf 61' lang='lat' dir='ltr'>xx..</span> <span class='ocrx_word' id='word_1_242' title='bbox 315 2538 394 2568; x_wconf 87' lang='lat' dir='ltr'>vide</span> <span class='ocrx_word' id='word_1_243' title='bbox 434 2539 484 2569; x_wconf 81' lang='grc' dir='ltr'>(Ἰ.</span> <span class='ocrx_word' id='word_1_244' title='bbox 518 2539 717 2579; x_wconf 81' lang='lat' dir='ltr'>Caunegict.</span> <span class='ocrx_word' id='word_1_245' title='bbox 760 2539 852 2569; x_wconf 72' lang='lat' dir='ltr'>Diss.</span> <span class='ocrx_word' id='word_1_246' title='bbox 877 2539 918 2569; x_wconf 88' lang='lat' dir='ltr'>de</span> 
     </span>
     <span class='ocr_line' id='line_1_47' title="bbox 217 2588 511 2628; baseline 0.003 -10"><span class='ocrx_word' id='word_1_247' title='bbox 217 2588 390 2620; x_wconf 88' lang='lat' dir='ltr'>Brittenb.</span> <span class='ocrx_word' id='word_1_248' title='bbox 409 2598 441 2628; x_wconf 85' lang='lat' dir='ltr'>p.</span> <span class='ocrx_word' id='word_1_249' title='bbox 460 2592 511 2619; x_wconf 81' lang='grc'>70.</span> 
     </span>
    </p>

    <p class='ocr_par' dir='ltr' id='par_1_3' title="bbox 219 2638 921 2831">
     <span class='ocr_line' id='line_1_48' title="bbox 262 2638 918 2679; baseline 0 -9"><span class='ocrx_word' id='word_1_250' title='bbox 262 2640 301 2670; x_wconf 87' lang='grc'>13</span> <span class='ocrx_word' id='word_1_251' title='bbox 326 2638 509 2678; x_wconf 77' lang='lat' dir='ltr'>Relinquit,·</span> <span class='ocrx_word' id='word_1_252' title='bbox 524 2639 818 2679; x_wconf 78' lang='lat' dir='ltr'>ipseproficiscitur]</span> <span class='ocrx_word' id='word_1_253' title='bbox 836 2640 918 2670; x_wconf 81' lang='lat' dir='ltr'>Mss.</span> 
     </span>
     <span class='ocr_line' id='line_1_49' title="bbox 219 2689 918 2730; baseline 0.003 -11"><span class='ocrx_word' id='word_1_254' title='bbox 219 2690 384 2730; x_wconf 77' lang='lat' dir='ltr'>nongars.</span> <span class='ocrx_word' id='word_1_255' title='bbox 421 2699 472 2729; x_wconf 88' lang='lat' dir='ltr'>pr.</span> <span class='ocrx_word' id='word_1_256' title='bbox 507 2699 574 2719; x_wconf 84' lang='lat' dir='ltr'>sec.</span> <span class='ocrx_word' id='word_1_257' title='bbox 612 2689 706 2719; x_wconf 80' lang='lat' dir='ltr'>Leid.</span> <span class='ocrx_word' id='word_1_258' title='bbox 738 2699 789 2729; x_wconf 85' lang='lat' dir='ltr'>pr.</span> <span class='ocrx_word' id='word_1_259' title='bbox 823 2690 918 2721; x_wconf 83' lang='lat' dir='ltr'>Voss.</span> 
     </span>
     <span class='ocr_line' id='line_1_50' title="bbox 220 2739 920 2779; baseline 0.004 -12"><span class='ocrx_word' id='word_1_260' title='bbox 220 2739 315 2779; x_wconf 73' lang='lat' dir='ltr'>prim.</span> <span class='ocrx_word' id='word_1_261' title='bbox 331 2740 456 2771; x_wconf 85' lang='lat' dir='ltr'>Lovan.</span> <span class='ocrx_word' id='word_1_262' title='bbox 475 2739 588 2771; x_wconf 84' lang='lat' dir='ltr'>Oxon.</span> <span class='ocrx_word' id='word_1_263' title='bbox 606 2744 641 2770; x_wconf 90' lang='lat' dir='ltr'>et</span> <span class='ocrx_word' id='word_1_264' title='bbox 659 2739 753 2770; x_wconf 89' lang='lat' dir='ltr'>multi</span> <span class='ocrx_word' id='word_1_265' title='bbox 771 2739 825 2769; x_wconf 86' lang='lat' dir='ltr'>alii</span> <span class='ocrx_word' id='word_1_266' title='bbox 844 2749 920 2770; x_wconf 86' lang='lat' dir='ltr'>cum</span> 
     </span>
     <span class='ocr_line' id='line_1_51' title="bbox 220 2789 921 2831; baseline 0 -11"><span class='ocrx_word' id='word_1_267' title='bbox 220 2789 309 2820; x_wconf 68' lang='lat' dir='ltr'>Eud.</span> <span class='ocrx_word' id='word_1_268' title='bbox 327 2789 538 2831; x_wconf 85' lang='lat' dir='ltr'>principibus</span> <span class='ocrx_word' id='word_1_269' title='bbox 553 2790 699 2831; x_wconf 78' lang='lat' dir='ltr'>reliquit.-</span> <span class='ocrx_word' id='word_1_270' title='bbox 718 2795 821 2822; x_wconf 82' lang='lat' dir='ltr'>recte.</span> <span class='ocrx_word' id='word_1_271' title='bbox 847 2791 921 2821; x_wconf 86' lang='lat' dir='ltr'>Mu-</span> 
     </span>
    </p>
   </div>
   <div class='ocr_carea' id='block_1_3' title="bbox 687 215 1211 249">
    <p class='ocr_par' dir='ltr' id='par_1_4' title="bbox 687 215 1211 249">
     <span class='ocr_line' id='line_1_52' title="bbox 687 215 1211 249; baseline 0.006 -4"><span class='ocrx_word' id='word_1_272' title='bbox 687 215 829 246; x_wconf 70' lang='lat' dir='ltr'>NOTA-3</span> <span class='ocrx_word' id='word_1_273' title='bbox 864 216 1083 248; x_wconf 69' lang='lat' dir='ltr'>x&#39;AmORU</span> <span class='ocrx_word' id='word_1_274' title='bbox 1094 219 1125 248; x_wconf 85' lang='lat' dir='ltr'><strong>M</strong></span> <span class='ocrx_word' id='word_1_275' title='bbox 1160 217 1211 249; x_wconf 84' lang='lat' dir='ltr'>IN</span> 
     </span>
    </p>
   </div>
   <div class='ocr_carea' id='block_1_4' title="bbox 969 316 1678 2822">
    <p class='ocr_par' dir='ltr' id='par_1_5' title="bbox 969 316 1673 558">
     <span class='ocr_line' id='line_1_53' title="bbox 971 316 1671 359; baseline 0.007 -14"><span class='ocrx_word' id='word_1_276' title='bbox 971 319 1099 355; x_wconf 86' lang='lat' dir='ltr'>tarunt,</span> <span class='ocrx_word' id='word_1_277' title='bbox 1143 316 1219 357; x_wconf 88' lang='lat' dir='ltr'>quia</span> <span class='ocrx_word' id='word_1_278' title='bbox 1265 316 1421 357; x_wconf 81' lang='lat' dir='ltr'>seqnitur</span> <span class='ocrx_word' id='word_1_279' title='bbox 1455 317 1671 359; x_wconf 70' lang='lat' dir='ltr'>proficiscitur.</span> 
     </span>
     <span class='ocr_line' id='line_1_54' title="bbox 969 365 1673 408; baseline 0.006 -12"><span class='ocrx_word' id='word_1_280' title='bbox 969 365 1036 396; x_wconf 90' lang='lat' dir='ltr'>Sed</span> <span class='ocrx_word' id='word_1_281' title='bbox 1054 366 1138 397; x_wconf 78' lang='lat' dir='ltr'>lianc</span> <span class='ocrx_word' id='word_1_282' title='bbox 1168 371 1356 407; x_wconf 84' lang='lat' dir='ltr'>temporum</span> <span class='ocrx_word' id='word_1_283' title='bbox 1384 369 1673 408; x_wconf 72' lang='lat' dir='ltr'>permutationem</span> 
     </span>
     <span class='ocr_line' id='line_1_55' title="bbox 970 415 1672 459; baseline 0.006 -13"><span class='ocrx_word' id='word_1_284' title='bbox 970 415 1185 458; x_wconf 80' lang='lat' dir='ltr'>frequentem</span> <span class='ocrx_word' id='word_1_285' title='bbox 1216 427 1290 449; x_wconf 85' lang='lat' dir='ltr'>esse</span> <span class='ocrx_word' id='word_1_286' title='bbox 1319 418 1464 449; x_wconf 85' lang='lat' dir='ltr'>vidimus</span> <span class='ocrx_word' id='word_1_287' title='bbox 1483 419 1555 459; x_wconf 86' lang='lat' dir='ltr'>jam</span> <span class='ocrx_word' id='word_1_288' title='bbox 1579 418 1621 450; x_wconf 84' lang='lat' dir='ltr'>ad</span> <span class='ocrx_word' id='word_1_289' title='bbox 1648 428 1672 450; x_wconf 86' lang='lat'>1.</span> 
     </span>
     <span class='ocr_line' id='line_1_56' title="bbox 970 466 1673 510; baseline 0.003 -12"><span class='ocrx_word' id='word_1_290' title='bbox 970 470 1022 498; x_wconf 80' lang='lat'>36.</span> <span class='ocrx_word' id='word_1_291' title='bbox 1058 468 1066 483; x_wconf 80' lang='lat'><em>⁴</em></span> <span class='ocrx_word' id='word_1_292' title='bbox 1082 466 1165 499; x_wconf 87' lang='lat' dir='ltr'>facit</span> <span class='ocrx_word' id='word_1_293' title='bbox 1188 474 1223 499; x_wconf 87' lang='lat' dir='ltr'>et</span> <span class='ocrx_word' id='word_1_294' title='bbox 1252 469 1403 510; x_wconf 84' lang='lat' dir='ltr'>recepit‚’</span> <span class='ocrx_word' id='word_1_295' title='bbox 1428 469 1481 500; x_wconf 86' lang='lat' dir='ltr'>vel</span> <span class='ocrx_word' id='word_1_296' title='bbox 1505 467 1611 501; x_wconf 85' lang='lat' dir='ltr'>‘fecit</span> <span class='ocrx_word' id='word_1_297' title='bbox 1637 473 1673 500; x_wconf 81' lang='lat' dir='ltr'>et</span> 
     </span>
     <span class='ocr_line' id='line_1_57' title="bbox 970 518 1115 558; baseline 0.007 -10"><span class='ocrx_word' id='word_1_298' title='bbox 970 518 1115 558; x_wconf 61' lang='lat' dir='ltr'>recipit)</span> 
     </span>
    </p>

    <p class='ocr_par' dir='ltr' id='par_1_6' title="bbox 971 569 1676 1114">
     <span class='ocr_line' id='line_1_58' title="bbox 1013 569 1672 611; baseline 0.006 -13"><span class='ocrx_word' id='word_1_299' title='bbox 1013 577 1068 599; x_wconf 89' lang='lat'>111.</span> <span class='ocrx_word' id='word_1_300' title='bbox 1109 572 1127 599; x_wconf 84' lang='grc'><strong>3</strong></span> <span class='ocrx_word' id='word_1_301' title='bbox 1170 569 1212 600; x_wconf 83' lang='lat' dir='ltr'>Ut</span> <span class='ocrx_word' id='word_1_302' title='bbox 1250 579 1342 610; x_wconf 83' lang='lat' dir='ltr'>supra</span> <span class='ocrx_word' id='word_1_303' title='bbox 1382 570 1672 611; x_wconf 68' lang='lat' dir='ltr'>demonstrat-imus]</span> 
     </span>
     <span class='ocr_line' id='line_1_59' title="bbox 972 618 1674 661; baseline 0.007 -14"><span class='ocrx_word' id='word_1_304' title='bbox 972 618 1121 648; x_wconf 87' lang='lat' dir='ltr'>Grutero</span> <span class='ocrx_word' id='word_1_305' title='bbox 1146 619 1220 650; x_wconf 80' lang='lat' dir='ltr'>haec</span> <span class='ocrx_word' id='word_1_306' title='bbox 1248 620 1366 659; x_wconf 82' lang='lat' dir='ltr'>verba,</span> <span class='ocrx_word' id='word_1_307' title='bbox 1391 621 1514 661; x_wconf 70' lang='lat' dir='ltr'>saepius</span> <span class='ocrx_word' id='word_1_308' title='bbox 1543 621 1576 651; x_wconf 92' lang='lat' dir='ltr'>in</span> <span class='ocrx_word' id='word_1_309' title='bbox 1601 621 1674 652; x_wconf 75' lang='lat' dir='ltr'>(3ae-</span> 
     </span>
     <span class='ocr_line' id='line_1_60' title="bbox 971 670 1672 710; baseline 0.006 -13"><span class='ocrx_word' id='word_1_310' title='bbox 971 677 1045 698; x_wconf 88' lang='lat' dir='ltr'>sarc</span> <span class='ocrx_word' id='word_1_311' title='bbox 1090 670 1318 708; x_wconf 81' lang='lat' dir='ltr'>occurrentia,</span> <span class='ocrx_word' id='word_1_312' title='bbox 1357 679 1419 710; x_wconf 87' lang='lat' dir='ltr'>pro</span> <span class='ocrx_word' id='word_1_313' title='bbox 1457 671 1672 703; x_wconf 82' lang='lat' dir='ltr'>Glossemate</span> 
     </span>
     <span class='ocr_line' id='line_1_61' title="bbox 971 717 1673 760; baseline 0.006 -12"><span class='ocrx_word' id='word_1_314' title='bbox 971 717 1027 749; x_wconf 83' lang='lat' dir='ltr'>hie</span> <span class='ocrx_word' id='word_1_315' title='bbox 1043 718 1179 759; x_wconf 86' lang='lat' dir='ltr'>quidem</span> <span class='ocrx_word' id='word_1_316' title='bbox 1195 724 1357 760; x_wconf 86' lang='lat' dir='ltr'>suspecta</span> <span class='ocrx_word' id='word_1_317' title='bbox 1373 725 1462 751; x_wconf 89' lang='lat' dir='ltr'>sunt.</span> <span class='ocrx_word' id='word_1_318' title='bbox 1509 722 1616 752; x_wconf 89' lang='lat' dir='ltr'>Favet</span> <span class='ocrx_word' id='word_1_319' title='bbox 1629 721 1673 760; x_wconf 85' lang='lat' dir='ltr'>ei,</span> 
     </span>
     <span class='ocr_line' id='line_1_62' title="bbox 972 769 1673 810; baseline 0.004 -11"><span class='ocrx_word' id='word_1_320' title='bbox 972 769 1062 810; x_wconf 87' lang='lat' dir='ltr'>quod</span> <span class='ocrx_word' id='word_1_321' title='bbox 1079 769 1110 799; x_wconf 94' lang='lat' dir='ltr'>in</span> <span class='ocrx_word' id='word_1_322' title='bbox 1128 769 1331 800; x_wconf 85' lang='lat' dir='ltr'>Lovaniensi</span> <span class='ocrx_word' id='word_1_323' title='bbox 1345 770 1514 801; x_wconf 79' lang='lat' dir='ltr'>scribatur</span> <span class='ocrx_word' id='word_1_324' title='bbox 1527 771 1673 802; x_wconf 64' lang='lat' dir='ltr'>‹lia-imus.</span> 
     </span>
     <span class='ocr_line' id='line_1_63' title="bbox 972 819 1676 863; baseline 0.006 -14"><span class='ocrx_word' id='word_1_325' title='bbox 972 819 1063 850; x_wconf 86' lang='lat' dir='ltr'>Dein</span> <span class='ocrx_word' id='word_1_326' title='bbox 1081 819 1139 850; x_wconf 86' lang='lat' dir='ltr'>illa</span> <span class='ocrx_word' id='word_1_327' title='bbox 1167 820 1250 851; x_wconf 78' lang='lat' dir='ltr'>inter</span> <span class='ocrx_word' id='word_1_328' title='bbox 1273 830 1305 851; x_wconf 88' lang='lat' dir='ltr'>se</span> <span class='ocrx_word' id='word_1_329' title='bbox 1329 821 1431 852; x_wconf 85' lang='lat' dir='ltr'>etiam</span> <span class='ocrx_word' id='word_1_330' title='bbox 1458 821 1570 863; x_wconf 75' lang='lat' dir='ltr'>eJecta</span> <span class='ocrx_word' id='word_1_331' title='bbox 1594 823 1676 854; x_wconf 82' lang='lat' dir='ltr'>mal-</span> 
     </span>
     <span class='ocr_line' id='line_1_64' title="bbox 971 869 1674 912; baseline 0.007 -13"><span class='ocrx_word' id='word_1_332' title='bbox 971 869 1040 900; x_wconf 87' lang='lat' dir='ltr'>let:</span> <span class='ocrx_word' id='word_1_333' title='bbox 1081 879 1190 911; x_wconf 77' lang='lat' dir='ltr'>neque</span> <span class='ocrx_word' id='word_1_334' title='bbox 1217 871 1406 912; x_wconf 88' lang='lat' dir='ltr'>conspicias</span> <span class='ocrx_word' id='word_1_335' title='bbox 1436 881 1477 903; x_wconf 86' lang='lat' dir='ltr'>ea</span> <span class='ocrx_word' id='word_1_336' title='bbox 1514 873 1547 904; x_wconf 91' lang='lat' dir='ltr'>in</span> <span class='ocrx_word' id='word_1_337' title='bbox 1585 872 1674 904; x_wconf 83' lang='lat' dir='ltr'>Edd.</span> 
     </span>
     <span class='ocr_line' id='line_1_65' title="bbox 972 920 1675 963; baseline 0.004 -12"><span class='ocrx_word' id='word_1_338' title='bbox 972 920 1072 952; x_wconf 89' lang='lat' dir='ltr'>Rom.</span> <span class='ocrx_word' id='word_1_339' title='bbox 1088 921 1229 953; x_wconf 87' lang='lat' dir='ltr'>Mediol.</span> <span class='ocrx_word' id='word_1_340' title='bbox 1255 922 1341 952; x_wconf 85' lang='lat' dir='ltr'>Ven.</span> <span class='ocrx_word' id='word_1_341' title='bbox 1387 922 1551 963; x_wconf 64' lang='lat' dir='ltr'>&#39;rr-ajecta</span> <span class='ocrx_word' id='word_1_342' title='bbox 1573 922 1675 954; x_wconf 87' lang='lat' dir='ltr'>etiam</span> 
     </span>
     <span class='ocr_line' id='line_1_66' title="bbox 971 971 1674 1014; baseline 0.004 -13"><span class='ocrx_word' id='word_1_343' title='bbox 971 976 1050 1002; x_wconf 83' lang='lat' dir='ltr'>sunt</span> <span class='ocrx_word' id='word_1_344' title='bbox 1079 977 1157 1002; x_wconf 87' lang='lat' dir='ltr'>ante</span> <span class='ocrx_word' id='word_1_345' title='bbox 1183 971 1224 1003; x_wconf 82' lang='grc' dir='ltr'>τὰ</span> <span class='ocrx_word' id='word_1_346' title='bbox 1245 973 1283 1003; x_wconf 84' lang='lat' dir='ltr'>de</span> <span class='ocrx_word' id='word_1_347' title='bbox 1302 973 1402 1013; x_wconf 80' lang='lat' dir='ltr'>princ.</span> <span class='ocrx_word' id='word_1_348' title='bbox 1426 973 1460 1003; x_wconf 91' lang='lat' dir='ltr'>in</span> <span class='ocrx_word' id='word_1_349' title='bbox 1485 972 1580 1004; x_wconf 89' lang='lat' dir='ltr'>Leid.</span> <span class='ocrx_word' id='word_1_350' title='bbox 1605 974 1674 1014; x_wconf 92' lang='lat' dir='ltr'>pri-</span> 
     </span>
     <span class='ocr_line' id='line_1_67' title="bbox 971 1023 1674 1065; baseline 0.004 -12"><span class='ocrx_word' id='word_1_351' title='bbox 971 1033 1044 1054; x_wconf 92' lang='lat' dir='ltr'>mo:</span> <span class='ocrx_word' id='word_1_352' title='bbox 1070 1023 1128 1054; x_wconf 84' lang='lat' dir='ltr'>sed</span> <span class='ocrx_word' id='word_1_353' title='bbox 1145 1023 1238 1055; x_wconf 88' lang='lat' dir='ltr'>aliud</span> <span class='ocrx_word' id='word_1_354' title='bbox 1254 1024 1375 1055; x_wconf 84' lang='lat' dir='ltr'>suadet</span> <span class='ocrx_word' id='word_1_355' title='bbox 1407 1029 1574 1065; x_wconf 85' lang='lat' dir='ltr'>perpetua</span> <span class='ocrx_word' id='word_1_356' title='bbox 1603 1024 1674 1056; x_wconf 82' lang='lat' dir='ltr'>Cae-</span> 
     </span>
     <span class='ocr_line' id='line_1_68' title="bbox 972 1073 1330 1114; baseline 0.003 -11"><span class='ocrx_word' id='word_1_357' title='bbox 972 1073 1094 1104; x_wconf 86' lang='lat' dir='ltr'>sariani</span> <span class='ocrx_word' id='word_1_358' title='bbox 1119 1073 1198 1114; x_wconf 84' lang='lat' dir='ltr'>styli</span> <span class='ocrx_word' id='word_1_359' title='bbox 1219 1073 1330 1114; x_wconf 90' lang='lat' dir='ltr'>copia.</span> 
     </span>
    </p>

    <p class='ocr_par' dir='ltr' id='par_1_7' title="bbox 970 1123 1677 2275">
     <span class='ocr_line' id='line_1_69' title="bbox 1015 1123 1674 1163; baseline 0.005 -9"><span class='ocrx_word' id='word_1_360' title='bbox 1015 1126 1054 1154; x_wconf 87' lang='lat'>12</span> <span class='ocrx_word' id='word_1_361' title='bbox 1078 1124 1106 1155; x_wconf 78' lang='lat' dir='ltr'><em>A</em></span> <span class='ocrx_word' id='word_1_362' title='bbox 1121 1123 1256 1163; x_wconf 81' lang='lat' dir='ltr'>flumine</span> <span class='ocrx_word' id='word_1_363' title='bbox 1272 1124 1380 1155; x_wconf 83' lang='lat' dir='ltr'>Rheno</span> <span class='ocrx_word' id='word_1_364' title='bbox 1396 1125 1435 1155; x_wconf 83' lang='lat' dir='ltr'>ad</span> <span class='ocrx_word' id='word_1_365' title='bbox 1449 1124 1575 1155; x_wconf 72' lang='lat' dir='ltr'>initium</span> <span class='ocrx_word' id='word_1_366' title='bbox 1590 1124 1674 1157; x_wconf 69' lang='lat' dir='ltr'>Rhe-</span> 
     </span>
     <span class='ocr_line' id='line_1_70' title="bbox 970 1174 1677 1215; baseline 0.001 -11"><span class='ocrx_word' id='word_1_367' title='bbox 970 1184 1086 1205; x_wconf 80' lang='lat' dir='ltr'>morum</span> <span class='ocrx_word' id='word_1_368' title='bbox 1099 1174 1250 1215; x_wconf 81' lang='lat' dir='ltr'>pertinet]</span> <span class='ocrx_word' id='word_1_369' title='bbox 1268 1175 1352 1206; x_wconf 90' lang='lat' dir='ltr'>Cum</span> <span class='ocrx_word' id='word_1_370' title='bbox 1366 1175 1480 1206; x_wconf 75' lang='lat' dir='ltr'>Caesar</span> <span class='ocrx_word' id='word_1_371' title='bbox 1496 1183 1544 1206; x_wconf 83' lang='lat' dir='ltr'>vt.</span> <span class='ocrx_word' id='word_1_372' title='bbox 1562 1177 1615 1207; x_wconf 84' lang='lat'>28.</span> <span class='ocrx_word' id='word_1_373' title='bbox 1631 1175 1677 1206; x_wconf 87' lang='lat' dir='ltr'>di-</span> 
     </span>
     <span class='ocr_line' id='line_1_71' title="bbox 971 1225 1673 1266; baseline 0.003 -11"><span class='ocrx_word' id='word_1_374' title='bbox 971 1230 1045 1255; x_wconf 90' lang='lat' dir='ltr'>cat:</span> <span class='ocrx_word' id='word_1_375' title='bbox 1070 1227 1079 1242; x_wconf 77' lang='lat'><strong>⁴</strong></span> <span class='ocrx_word' id='word_1_376' title='bbox 1097 1225 1285 1256; x_wconf 81' lang='lat' dir='ltr'>Arduenna</span> <span class='ocrx_word' id='word_1_377' title='bbox 1313 1236 1332 1256; x_wconf 79' lang='lat' dir='ltr'>a</span> <span class='ocrx_word' id='word_1_378' title='bbox 1363 1226 1446 1266; x_wconf 83' lang='lat' dir='ltr'>ripis</span> <span class='ocrx_word' id='word_1_379' title='bbox 1473 1226 1584 1257; x_wconf 83' lang='lat' dir='ltr'>Rheni</span> <span class='ocrx_word' id='word_1_380' title='bbox 1600 1226 1673 1257; x_wconf 82' lang='lat' dir='ltr'>fini—</span> 
     </span>
     <span class='ocr_line' id='line_1_72' title="bbox 971 1276 1677 1317; baseline 0.001 -11"><span class='ocrx_word' id='word_1_381' title='bbox 971 1277 1101 1317; x_wconf 85' lang='lat' dir='ltr'>busque</span> <span class='ocrx_word' id='word_1_382' title='bbox 1117 1277 1335 1308; x_wconf 87' lang='lat' dir='ltr'>Trevirorum</span> <span class='ocrx_word' id='word_1_383' title='bbox 1360 1276 1401 1308; x_wconf 88' lang='lat' dir='ltr'>ad</span> <span class='ocrx_word' id='word_1_384' title='bbox 1431 1276 1577 1308; x_wconf 81' lang='lat' dir='ltr'>Nervios</span> <span class='ocrx_word' id='word_1_385' title='bbox 1600 1286 1677 1317; x_wconf 90' lang='lat' dir='ltr'>per·</span> 
     </span>
     <span class='ocr_line' id='line_1_73' title="bbox 972 1326 1674 1368; baseline 0.003 -12"><span class='ocrx_word' id='word_1_386' title='bbox 972 1326 1081 1356; x_wconf 64' lang='lat' dir='ltr'>tinet!</span> <span class='ocrx_word' id='word_1_387' title='bbox 1121 1326 1322 1357; x_wconf 87' lang='lat' dir='ltr'>Ciacconius</span> <span class='ocrx_word' id='word_1_388' title='bbox 1336 1327 1478 1368; x_wconf 84' lang='lat' dir='ltr'>putabat</span> <span class='ocrx_word' id='word_1_389' title='bbox 1492 1326 1674 1367; x_wconf 83' lang='lat' dir='ltr'>legendum</span> 
     </span>
     <span class='ocr_line' id='line_1_74' title="bbox 972 1376 1674 1416; baseline 0.003 -11"><span class='ocrx_word' id='word_1_390' title='bbox 972 1379 1008 1405; x_wconf 85' lang='lat' dir='ltr'>et</span> <span class='ocrx_word' id='word_1_391' title='bbox 1023 1376 1079 1406; x_wconf 91' lang='lat' dir='ltr'>hic</span> <span class='ocrx_word' id='word_1_392' title='bbox 1105 1376 1304 1416; x_wconf 79' lang='lat' dir='ltr'>Nerviorum,</span> <span class='ocrx_word' id='word_1_393' title='bbox 1334 1381 1446 1408; x_wconf 85' lang='lat' dir='ltr'>motus</span> <span class='ocrx_word' id='word_1_394' title='bbox 1470 1377 1674 1408; x_wconf 83' lang='lat' dir='ltr'>auctoritate</span> 
     </span>
     <span class='ocr_line' id='line_1_75' title="bbox 973 1427 1675 1468; baseline 0.001 -11"><span class='ocrx_word' id='word_1_395' title='bbox 973 1427 1104 1467; x_wconf 87' lang='lat' dir='ltr'>Orosii,</span> <span class='ocrx_word' id='word_1_396' title='bbox 1122 1428 1179 1468; x_wconf 91' lang='lat' dir='ltr'>qui</span> <span class='ocrx_word' id='word_1_397' title='bbox 1205 1428 1342 1459; x_wconf 78' lang='lat' dir='ltr'>Nervios</span> <span class='ocrx_word' id='word_1_398' title='bbox 1356 1428 1470 1459; x_wconf 89' lang='lat' dir='ltr'>habet.</span> <span class='ocrx_word' id='word_1_399' title='bbox 1516 1427 1582 1459; x_wconf 89' lang='lat' dir='ltr'>Sed</span> <span class='ocrx_word' id='word_1_400' title='bbox 1595 1427 1675 1459; x_wconf 75' lang='lat' dir='ltr'>milli</span> 
     </span>
     <span class='ocr_line' id='line_1_76' title="bbox 972 1477 1675 1518; baseline 0.003 -11"><span class='ocrx_word' id='word_1_401' title='bbox 972 1486 1038 1507; x_wconf 89' lang='lat' dir='ltr'>non</span> <span class='ocrx_word' id='word_1_402' title='bbox 1069 1477 1265 1517; x_wconf 83' lang='lat' dir='ltr'>persuadet.</span> <span class='ocrx_word' id='word_1_403' title='bbox 1313 1477 1462 1509; x_wconf 87' lang='lat' dir='ltr'>Probum</span> <span class='ocrx_word' id='word_1_404' title='bbox 1494 1482 1675 1518; x_wconf 88' lang='lat' dir='ltr'>utrumque</span> 
     </span>
     <span class='ocr_line' id='line_1_77' title="bbox 972 1527 1674 1559; baseline 0.001 -1"><span class='ocrx_word' id='word_1_405' title='bbox 972 1532 1025 1558; x_wconf 86' lang='lat' dir='ltr'>est</span> <span class='ocrx_word' id='word_1_406' title='bbox 1039 1538 1045 1558; x_wconf 94' lang='lat'>:</span> <span class='ocrx_word' id='word_1_407' title='bbox 1073 1537 1149 1558; x_wconf 88' lang='lat' dir='ltr'>nam</span> <span class='ocrx_word' id='word_1_408' title='bbox 1166 1527 1351 1559; x_wconf 79' lang='lat' dir='ltr'>Arduenna</span> <span class='ocrx_word' id='word_1_409' title='bbox 1367 1538 1386 1559; x_wconf 85' lang='lat' dir='ltr'>a</span> <span class='ocrx_word' id='word_1_410' title='bbox 1401 1527 1540 1559; x_wconf 86' lang='lat' dir='ltr'>flumine</span> <span class='ocrx_word' id='word_1_411' title='bbox 1557 1528 1674 1559; x_wconf 83' lang='lat' dir='ltr'>Rheno</span> 
     </span>
     <span class='ocr_line' id='line_1_78' title="bbox 971 1577 1677 1618; baseline 0.001 -10"><span class='ocrx_word' id='word_1_412' title='bbox 971 1578 1140 1618; x_wconf 86' lang='lat' dir='ltr'>incipiens</span> <span class='ocrx_word' id='word_1_413' title='bbox 1179 1579 1354 1618; x_wconf 82' lang='lat' dir='ltr'>paullatim</span> <span class='ocrx_word' id='word_1_414' title='bbox 1384 1579 1485 1610; x_wconf 81' lang='lat' dir='ltr'>latius</span> <span class='ocrx_word' id='word_1_415' title='bbox 1519 1577 1677 1610; x_wconf 81' lang='lat' dir='ltr'>diffundi-</span> 
     </span>
     <span class='ocr_line' id='line_1_79' title="bbox 971 1630 1674 1669; baseline 0.001 -10"><span class='ocrx_word' id='word_1_416' title='bbox 971 1634 1039 1668; x_wconf 85' lang='lat' dir='ltr'>tur,</span> <span class='ocrx_word' id='word_1_417' title='bbox 1073 1633 1109 1659; x_wconf 90' lang='lat' dir='ltr'>et</span> <span class='ocrx_word' id='word_1_418' title='bbox 1143 1638 1208 1659; x_wconf 88' lang='lat' dir='ltr'>una</span> <span class='ocrx_word' id='word_1_419' title='bbox 1243 1633 1341 1668; x_wconf 85' lang='lat' dir='ltr'>parte</span> <span class='ocrx_word' id='word_1_420' title='bbox 1370 1630 1528 1669; x_wconf 68' lang='lat' dir='ltr'>summos,</span> <span class='ocrx_word' id='word_1_421' title='bbox 1565 1630 1674 1660; x_wconf 85' lang='lat' dir='ltr'>altera</span> 
     </span>
     <span class='ocr_line' id='line_1_80' title="bbox 971 1679 1676 1720; baseline 0.001 -10"><span class='ocrx_word' id='word_1_422' title='bbox 971 1679 1118 1710; x_wconf 84' lang='lat' dir='ltr'>Nervios</span> <span class='ocrx_word' id='word_1_423' title='bbox 1148 1679 1297 1719; x_wconf 83' lang='lat' dir='ltr'>attingit.</span> <span class='ocrx_word' id='word_1_424' title='bbox 1343 1680 1389 1710; x_wconf 83' lang='lat' dir='ltr'>Et</span> <span class='ocrx_word' id='word_1_425' title='bbox 1419 1690 1511 1720; x_wconf 85' lang='lat' dir='ltr'>sane,</span> <span class='ocrx_word' id='word_1_426' title='bbox 1550 1680 1575 1710; x_wconf 90' lang='lat' dir='ltr'>si</span> <span class='ocrx_word' id='word_1_427' title='bbox 1610 1689 1676 1711; x_wconf 88' lang='lat' dir='ltr'>nou</span> 
     </span>
     <span class='ocr_line' id='line_1_81' title="bbox 971 1729 1676 1772; baseline 0.003 -12"><span class='ocrx_word' id='word_1_428' title='bbox 971 1730 1073 1760; x_wconf 89' lang='lat' dir='ltr'>alium</span> <span class='ocrx_word' id='word_1_429' title='bbox 1112 1729 1183 1770; x_wconf 75' lang='lat' dir='ltr'>ejus</span> <span class='ocrx_word' id='word_1_430' title='bbox 1228 1729 1276 1759; x_wconf 91' lang='lat' dir='ltr'>rei</span> <span class='ocrx_word' id='word_1_431' title='bbox 1315 1734 1490 1762; x_wconf 86' lang='lat' dir='ltr'>auctorem</span> <span class='ocrx_word' id='word_1_432' title='bbox 1521 1731 1676 1772; x_wconf 76' lang='lat' dir='ltr'>habeam,</span> 
     </span>
     <span class='ocr_line' id='line_1_82' title="bbox 971 1778 1676 1822; baseline 0.006 -13"><span class='ocrx_word' id='word_1_433' title='bbox 971 1778 1074 1810; x_wconf 85' lang='lat' dir='ltr'>facile</span> <span class='ocrx_word' id='word_1_434' title='bbox 1098 1784 1212 1810; x_wconf 86' lang='lat' dir='ltr'>tamen</span> <span class='ocrx_word' id='word_1_435' title='bbox 1253 1780 1458 1811; x_wconf 85' lang='lat' dir='ltr'>crediderim</span> <span class='ocrx_word' id='word_1_436' title='bbox 1497 1780 1676 1822; x_wconf 85' lang='lat' dir='ltr'>Anonymo</span> 
     </span>
     <span class='ocr_line' id='line_1_83' title="bbox 972 1829 1675 1870; baseline 0.004 -11"><span class='ocrx_word' id='word_1_437' title='bbox 972 1829 1061 1860; x_wconf 84' lang='lat' dir='ltr'>Celsi</span> <span class='ocrx_word' id='word_1_438' title='bbox 1079 1830 1297 1870; x_wconf 66' lang='lat' dir='ltr'>exscriptori,</span> <span class='ocrx_word' id='word_1_439' title='bbox 1320 1831 1374 1870; x_wconf 87' lang='lat' dir='ltr'>qui</span> <span class='ocrx_word' id='word_1_440' title='bbox 1405 1831 1473 1861; x_wconf 88' lang='lat' dir='ltr'>ait:</span> <span class='ocrx_word' id='word_1_441' title='bbox 1501 1833 1509 1847; x_wconf 90' lang='lat'>‘</span> <span class='ocrx_word' id='word_1_442' title='bbox 1525 1831 1594 1862; x_wconf 86' lang='lat' dir='ltr'>Per</span> <span class='ocrx_word' id='word_1_443' title='bbox 1610 1831 1675 1862; x_wconf 87' lang='lat' dir='ltr'>Ar-</span> 
     </span>
     <span class='ocr_line' id='line_1_84' title="bbox 971 1877 1674 1919; baseline 0.004 -11"><span class='ocrx_word' id='word_1_444' title='bbox 971 1877 1140 1909; x_wconf 87' lang='lat' dir='ltr'>duennam</span> <span class='ocrx_word' id='word_1_445' title='bbox 1165 1880 1293 1919; x_wconf 81' lang='lat' dir='ltr'>sylvam</span> <span class='ocrx_word' id='word_1_446' title='bbox 1322 1880 1502 1910; x_wconf 85' lang='lat' dir='ltr'>maximam</span> <span class='ocrx_word' id='word_1_447' title='bbox 1526 1881 1674 1911; x_wconf 88' lang='lat' dir='ltr'>omnium</span> 
     </span>
     <span class='ocr_line' id='line_1_85' title="bbox 972 1929 1674 1971; baseline 0.006 -13"><span class='ocrx_word' id='word_1_448' title='bbox 972 1929 1172 1966; x_wconf 87' lang='lat' dir='ltr'>Galliarum,</span> <span class='ocrx_word' id='word_1_449' title='bbox 1189 1940 1264 1971; x_wconf 81' lang='lat' dir='ltr'>quae</span> <span class='ocrx_word' id='word_1_450' title='bbox 1290 1931 1378 1961; x_wconf 85' lang='lat' dir='ltr'>inter</span> <span class='ocrx_word' id='word_1_451' title='bbox 1401 1931 1558 1961; x_wconf 68' lang='lat' dir='ltr'>Treviros</span> <span class='ocrx_word' id='word_1_452' title='bbox 1586 1931 1674 1963; x_wconf 90' lang='lat' dir='ltr'>Ner-</span> 
     </span>
     <span class='ocr_line' id='line_1_86' title="bbox 970 1980 1674 2024; baseline 0.007 -15"><span class='ocrx_word' id='word_1_453' title='bbox 970 1980 1109 2021; x_wconf 86' lang='lat' dir='ltr'>viosque</span> <span class='ocrx_word' id='word_1_454' title='bbox 1131 1987 1165 2012; x_wconf 72' lang='lat' dir='ltr'>et</span> <span class='ocrx_word' id='word_1_455' title='bbox 1184 1982 1328 2012; x_wconf 77' lang='lat' dir='ltr'>Rheunos</span> <span class='ocrx_word' id='word_1_456' title='bbox 1346 1991 1380 2021; x_wconf 88' lang='lat' dir='ltr'>D,</span> <span class='ocrx_word' id='word_1_457' title='bbox 1404 1986 1438 2012; x_wconf 90' lang='lat' dir='ltr'>et</span> <span class='ocrx_word' id='word_1_458' title='bbox 1461 1991 1500 2012; x_wconf 81' lang='lat' dir='ltr'>eo</span> <span class='ocrx_word' id='word_1_459' title='bbox 1532 1982 1674 2024; x_wconf 81' lang='lat' dir='ltr'>amplius</span> 
     </span>
     <span class='ocr_line' id='line_1_87' title="bbox 973 2031 1676 2072; baseline 0.004 -12"><span class='ocrx_word' id='word_1_460' title='bbox 973 2040 1129 2071; x_wconf 85' lang='lat' dir='ltr'>passuum</span> <span class='ocrx_word' id='word_1_461' title='bbox 1169 2031 1328 2071; x_wconf 83' lang='lat' dir='ltr'>millibus,</span> <span class='ocrx_word' id='word_1_462' title='bbox 1362 2032 1396 2062; x_wconf 91' lang='lat' dir='ltr'>in</span> <span class='ocrx_word' id='word_1_463' title='bbox 1435 2032 1584 2072; x_wconf 79' lang='lat' dir='ltr'>longum,</span> <span class='ocrx_word' id='word_1_464' title='bbox 1627 2032 1676 2063; x_wconf 83' lang='lat' dir='ltr'>ita</span> 
     </span>
     <span class='ocr_line' id='line_1_88' title="bbox 972 2081 1675 2123; baseline 0.003 -12"><span class='ocrx_word' id='word_1_465' title='bbox 972 2081 1060 2111; x_wconf 83' lang='lat' dir='ltr'>enim</span> <span class='ocrx_word' id='word_1_466' title='bbox 1077 2081 1247 2121; x_wconf 87' lang='lat' dir='ltr'>proditum</span> <span class='ocrx_word' id='word_1_467' title='bbox 1270 2091 1289 2112; x_wconf 90' lang='lat' dir='ltr'>a</span> <span class='ocrx_word' id='word_1_468' title='bbox 1309 2082 1536 2122; x_wconf 84' lang='lat' dir='ltr'>scriptoribus</span> <span class='ocrx_word' id='word_1_469' title='bbox 1551 2091 1675 2123; x_wconf 89' lang='lat' dir='ltr'>rerum,</span> 
     </span>
     <span class='ocr_line' id='line_1_89' title="bbox 972 2131 1675 2172; baseline 0.001 -10"><span class='ocrx_word' id='word_1_470' title='bbox 972 2131 1004 2162; x_wconf 91' lang='lat' dir='ltr'>in</span> <span class='ocrx_word' id='word_1_471' title='bbox 1031 2133 1138 2163; x_wconf 89' lang='lat' dir='ltr'>latum</span> <span class='ocrx_word' id='word_1_472' title='bbox 1172 2141 1262 2171; x_wconf 90' lang='lat' dir='ltr'>vero,</span> <span class='ocrx_word' id='word_1_473' title='bbox 1299 2133 1407 2172; x_wconf 88' lang='lat' dir='ltr'>unius,</span> <span class='ocrx_word' id='word_1_474' title='bbox 1446 2135 1505 2163; x_wconf 86' lang='lat' dir='ltr'>aut</span> <span class='ocrx_word' id='word_1_475' title='bbox 1535 2132 1675 2164; x_wconf 85' lang='lat' dir='ltr'>circiter</span> 
     </span>
     <span class='ocr_line' id='line_1_90' title="bbox 973 2185 1674 2227; baseline 0.001 -12"><span class='ocrx_word' id='word_1_476' title='bbox 973 2185 1100 2216; x_wconf 78' lang='lat' dir='ltr'>aestivae</span> <span class='ocrx_word' id='word_1_477' title='bbox 1125 2186 1208 2216; x_wconf 84' lang='lat' dir='ltr'>lucis</span> <span class='ocrx_word' id='word_1_478' title='bbox 1236 2186 1371 2224; x_wconf 87' lang='lat' dir='ltr'>itinere,</span> <span class='ocrx_word' id='word_1_479' title='bbox 1395 2185 1485 2227; x_wconf 88' lang='lat' dir='ltr'>quod</span> <span class='ocrx_word' id='word_1_480' title='bbox 1510 2195 1572 2223; x_wconf 64' lang='lat' dir='ltr'>ego</span> <span class='ocrx_word' id='word_1_481' title='bbox 1601 2186 1674 2226; x_wconf 86' lang='lat' dir='ltr'>ipse</span> 
     </span>
     <span class='ocr_line' id='line_1_91' title="bbox 973 2235 1658 2275; baseline -0.001 -8"><span class='ocrx_word' id='word_1_482' title='bbox 973 2246 1045 2267; x_wconf 84' lang='lat' dir='ltr'>sum</span> <span class='ocrx_word' id='word_1_483' title='bbox 1064 2246 1232 2275; x_wconf 86' lang='lat' dir='ltr'>emensus,</span> <span class='ocrx_word' id='word_1_484' title='bbox 1250 2235 1472 2267; x_wconf 59' lang='lat' dir='ltr'>extenditur!</span> <span class='ocrx_word' id='word_1_485' title='bbox 1522 2236 1658 2267; x_wconf 77' lang='lat' dir='ltr'>Vossius.</span> 
     </span>
    </p>

    <p class='ocr_par' dir='ltr' id='par_1_8' title="bbox 971 2285 1678 2731">
     <span class='ocr_line' id='line_1_92' title="bbox 1016 2285 1678 2326; baseline 0 -10"><span class='ocrx_word' id='word_1_486' title='bbox 1016 2289 1054 2317; x_wconf 75' lang='grc'>14</span> <span class='ocrx_word' id='word_1_487' title='bbox 1091 2287 1137 2316; x_wconf 80' lang='lat' dir='ltr'>Et</span> <span class='ocrx_word' id='word_1_488' title='bbox 1160 2285 1388 2323; x_wconf 77' lang='lat' dir='ltr'>familiaritate</span> <span class='ocrx_word' id='word_1_489' title='bbox 1417 2286 1511 2325; x_wconf 82' lang='lat' dir='ltr'>Cing.</span> <span class='ocrx_word' id='word_1_490' title='bbox 1535 2285 1678 2326; x_wconf 78' lang='lat' dir='ltr'>adducti]</span> 
     </span>
     <span class='ocr_line' id='line_1_93' title="bbox 972 2335 1675 2376; baseline -0.003 -9"><span class='ocrx_word' id='word_1_491' title='bbox 972 2337 1056 2367; x_wconf 87' lang='lat' dir='ltr'>Mss.</span> <span class='ocrx_word' id='word_1_492' title='bbox 1074 2336 1140 2367; x_wconf 91' lang='lat' dir='ltr'>duo</span> <span class='ocrx_word' id='word_1_493' title='bbox 1157 2337 1286 2375; x_wconf 87' lang='lat' dir='ltr'>Ursini,</span> <span class='ocrx_word' id='word_1_494' title='bbox 1311 2335 1429 2376; x_wconf 89' lang='lat' dir='ltr'>Cujac.</span> <span class='ocrx_word' id='word_1_495' title='bbox 1454 2335 1579 2376; x_wconf 87' lang='lat' dir='ltr'>Scalig.</span> <span class='ocrx_word' id='word_1_496' title='bbox 1604 2336 1675 2367; x_wconf 79' lang='lat' dir='ltr'>Ox-</span> 
     </span>
     <span class='ocr_line' id='line_1_94' title="bbox 972 2387 1672 2426; baseline -0.001 -9"><span class='ocrx_word' id='word_1_497' title='bbox 972 2397 1025 2417; x_wconf 90' lang='lat' dir='ltr'>on.</span> <span class='ocrx_word' id='word_1_498' title='bbox 1050 2387 1205 2418; x_wconf 84' lang='lat' dir='ltr'>Leidens.</span> <span class='ocrx_word' id='word_1_499' title='bbox 1231 2388 1325 2426; x_wconf 84' lang='lat' dir='ltr'>prim.</span> <span class='ocrx_word' id='word_1_500' title='bbox 1351 2391 1387 2417; x_wconf 89' lang='lat' dir='ltr'>et</span> <span class='ocrx_word' id='word_1_501' title='bbox 1411 2395 1524 2426; x_wconf 83' lang='lat' dir='ltr'>margo</span> <span class='ocrx_word' id='word_1_502' title='bbox 1551 2387 1672 2417; x_wconf 80' lang='lat' dir='ltr'>I&#39;etav.</span> 
     </span>
     <span class='ocr_line' id='line_1_95' title="bbox 972 2434 1670 2477; baseline -0.003 -10"><span class='ocrx_word' id='word_1_503' title='bbox 972 2441 1076 2477; x_wconf 82' lang='lat' dir='ltr'>atque</span> <span class='ocrx_word' id='word_1_504' title='bbox 1126 2437 1188 2468; x_wconf 87' lang='lat' dir='ltr'>Ed.</span> <span class='ocrx_word' id='word_1_505' title='bbox 1228 2437 1267 2467; x_wconf 89' lang='lat' dir='ltr'>R.</span> <span class='ocrx_word' id='word_1_506' title='bbox 1310 2437 1429 2477; x_wconf 82' lang='lat' dir='ltr'>steph.</span> <span class='ocrx_word' id='word_1_507' title='bbox 1474 2434 1670 2466; x_wconf 73' lang='lat' dir='ltr'>auctoritate.</span> 
     </span>
     <span class='ocr_line' id='line_1_96' title="bbox 972 2485 1673 2528; baseline -0.004 -10"><span class='ocrx_word' id='word_1_508' title='bbox 972 2488 1094 2528; x_wconf 87' lang='lat' dir='ltr'>Neque</span> <span class='ocrx_word' id='word_1_509' title='bbox 1112 2487 1212 2518; x_wconf 82' lang='lat' dir='ltr'>aliter</span> <span class='ocrx_word' id='word_1_510' title='bbox 1238 2487 1494 2526; x_wconf 82' lang='lat' dir='ltr'>Metaphrastes</span> <span class='ocrx_word' id='word_1_511' title='bbox 1519 2485 1673 2524; x_wconf 70' lang='grc' dir='ltr'>ἀξιώματι.</span> 
     </span>
     <span class='ocr_line' id='line_1_97' title="bbox 971 2535 1672 2576; baseline -0.001 -8"><span class='ocrx_word' id='word_1_512' title='bbox 971 2538 1120 2569; x_wconf 78' lang='lat' dir='ltr'>videtur</span> <span class='ocrx_word' id='word_1_513' title='bbox 1158 2543 1270 2570; x_wconf 86' lang='lat' dir='ltr'>tamen</span> <span class='ocrx_word' id='word_1_514' title='bbox 1319 2536 1449 2568; x_wconf 87' lang='lat' dir='ltr'>librarii</span> <span class='ocrx_word' id='word_1_515' title='bbox 1497 2535 1672 2576; x_wconf 84' lang='lat' dir='ltr'>cujusdam</span> 
     </span>
     <span class='ocr_line' id='line_1_98' title="bbox 971 2586 1673 2619; baseline -0.003 0"><span class='ocrx_word' id='word_1_516' title='bbox 971 2589 1145 2619; x_wconf 87' lang='lat' dir='ltr'>inventum</span> <span class='ocrx_word' id='word_1_517' title='bbox 1175 2598 1248 2619; x_wconf 88' lang='lat' dir='ltr'>esse</span> <span class='ocrx_word' id='word_1_518' title='bbox 1273 2597 1314 2618; x_wconf 85' lang='lat' dir='ltr'>ex</span> <span class='ocrx_word' id='word_1_519' title='bbox 1343 2597 1367 2617; x_wconf 86' lang='lat'>1.</span> <span class='ocrx_word' id='word_1_520' title='bbox 1396 2589 1426 2617; x_wconf 86' lang='lat'>3.</span> <span class='ocrx_word' id='word_1_521' title='bbox 1454 2587 1542 2617; x_wconf 84' lang='lat' dir='ltr'>‘His</span> <span class='ocrx_word' id='word_1_522' title='bbox 1574 2586 1673 2617; x_wconf 85' lang='lat' dir='ltr'>rebus</span> 
     </span>
     <span class='ocr_line' id='line_1_99' title="bbox 971 2637 1672 2678; baseline -0.003 -8"><span class='ocrx_word' id='word_1_523' title='bbox 971 2639 1125 2677; x_wconf 83' lang='lat' dir='ltr'>adducti,</span> <span class='ocrx_word' id='word_1_524' title='bbox 1159 2643 1194 2670; x_wconf 89' lang='lat' dir='ltr'>et</span> <span class='ocrx_word' id='word_1_525' title='bbox 1226 2637 1431 2668; x_wconf 87' lang='lat' dir='ltr'>auctoritate</span> <span class='ocrx_word' id='word_1_526' title='bbox 1459 2637 1672 2678; x_wconf 80' lang='lat' dir='ltr'>Orgetorigis</span> 
     </span>
     <span class='ocr_line' id='line_1_100' title="bbox 972 2689 1140 2731; baseline -0.012 -11"><span class='ocrx_word' id='word_1_527' title='bbox 972 2689 1140 2731; x_wconf 65' lang='lat' dir='ltr'>permoti!</span> 
     </span>
    </p>

    <p class='ocr_par' dir='ltr' id='par_1_9' title="bbox 973 2738 1672 2822">
     <span class='ocr_line' id='line_1_101' title="bbox 1015 2738 1672 2779; baseline -0.002 -10"><span class='ocrx_word' id='word_1_528' title='bbox 1015 2741 1034 2769; x_wconf 86' lang='grc'><strong>7</strong></span> <span class='ocrx_word' id='word_1_529' title='bbox 1060 2738 1303 2778; x_wconf 78' lang='lat' dir='ltr'>Indutiomarus]</span> <span class='ocrx_word' id='word_1_530' title='bbox 1335 2738 1390 2770; x_wconf 91' lang='lat' dir='ltr'>Ad</span> <span class='ocrx_word' id='word_1_531' title='bbox 1418 2738 1672 2779; x_wconf 85' lang='lat' dir='ltr'>simplicitatem</span> 
     </span>
     <span class='ocr_line' id='line_1_102' title="bbox 973 2788 1671 2822; baseline -0.004 0"><span class='ocrx_word' id='word_1_532' title='bbox 973 2790 1117 2822; x_wconf 83' lang='lat' dir='ltr'>Caesaris</span> <span class='ocrx_word' id='word_1_533' title='bbox 1129 2790 1315 2822; x_wconf 84' lang='lat' dir='ltr'>attendisse</span> <span class='ocrx_word' id='word_1_534' title='bbox 1330 2799 1398 2822; x_wconf 91' lang='lat' dir='ltr'>non</span> <span class='ocrx_word' id='word_1_535' title='bbox 1420 2789 1578 2821; x_wconf 82' lang='lat' dir='ltr'>videntur</span> <span class='ocrx_word' id='word_1_536' title='bbox 1600 2788 1671 2821; x_wconf 79' lang='lat' dir='ltr'>Jos.</span> 
     </span>
    </p>
   </div>
  </div>
 </body>
</html>
