1818 3131
299 216 508 246 Liu.v1L
538 205 838 246 οΑΡ.73.υκ
875 217 1026 246 nunno
1058 217 1285 246 GALLnuu

69 310 203 348 siue-iit,
219 309 307 341 haud
331 309 430 341 aliter
452 313 553 349 atque
574 307 651 338 mali
668 315 765 347 quar-

71 359 147 390 tarii
175 360 296 397 solent,
326 360 403 390 dum
428 359 583 399 jumenta
613 366 673 387 sua
699 365 764 387 non

69 409 156 440 bene
181 414 311 449 regunt.
356 408 465 447 Igitur
488 406 579 447 cippi
606 406 690 437 tales
711 415 764 437 co-

68 458 208 490 lumnae:
233 459 291 489 sed
321 463 357 489 et
381 458 461 496 illae,
485 466 561 497 quae
588 456 620 487 in
647 455 699 487 via
714 465 765 487 so-

68 508 140 539 lent
165 508 243 548 poni
270 508 312 541 ad
333 507 471 539 scienda
494 506 622 537 itineris
643 505 764 546 spatia.

67 557 202 598 Lapides
225 557 364 589 Romani
388 566 565 588 vocavere.
611 555 710 588 Unde
733 555 767 585 il-

67 606 125 638 lud
154 606 255 637 toties
281 606 477 647 repetitum,
500 607 539 637 ad
572 606 707 646 primum
729 605 767 635 ub

68 656 143 690 urbe
157 656 310 696 lopidem;
331 657 363 687 h.
380 666 409 687 e.
428 656 575 696 cippum.
614 654 768 685 Valerius

70 705 201 737 Probus
223 706 264 736 de
294 706 392 738 notis.
421 706 511 746 cipp.
541 706 549 722 ‘
569 705 708 745 (lippus,
735 704 767 734 id

69 761 122 788 est
151 756 326 796 terminus,
353 761 389 788 ut
417 756 566 797 cippum,
585 764 644 786 scu
670 755 769 794 Lapi-

69 805 169 837 dem.’
215 806 372 848 Denique
397 806 665 837 admonebantur
694 805 768 835 tali-

71 856 133 887 bus
151 856 258 896 cippis
272 857 431 895 viatores,
449 865 515 897 qua
531 855 672 886 transire
690 855 767 885 lice-

71 911 137 944 ret,
169 906 380 945 privatumne
419 916 460 936 an
496 905 665 946 publicum
703 905 768 935 itcr

70 962 172 993 esset,
191 966 231 988 an
259 958 384 996 currui,
406 967 446 988 an
474 957 592 998 equiti,
612 966 653 986 an
678 956 770 986 actui

70 1006 233 1038 transitus
264 1006 457 1038 deberetur.
515 1007 604 1037 'Palis
642 1007 770 1046 Cippus

71 1060 124 1093 est
140 1056 197 1097 qui
215 1057 329 1088 Romae
345 1057 474 1095 visitur,
489 1066 555 1096 qua
569 1056 634 1087 iter
651 1065 669 1086 a
685 1056 771 1086 Pan-

70 1106 150 1137 theo
177 1106 219 1137 ad
247 1107 332 1137 viam
366 1107 578 1146 Flaminiam,
613 1107 669 1147 qui
698 1106 769 1137 haec

70 1155 232 1197 iuscripta
245 1156 347 1187 habet
358 1167 366 1186 :

113 1204 179 1236 ID.
204 1205 350 1238 QVOD.
375 1203 533 1236 INTRA.
559 1203 730 1236 CIPPOS

114 1255 195 1288 AD.
212 1256 428 1288 CAMPVM.
444 1255 633 1286 VERSVS.
652 1253 756 1286 SOLI

115 1306 206 1338 EST.
231 1305 272 1341 A.
295 1305 397 1336 CAES.
421 1304 614 1335 AVGVST.

204 1354 473 1385 REDEMTVM

201 1403 423 1435 PRIVATO.
449 1402 746 1434 PVBLICAVIT.

76 1454 165 1485 Item
181 1453 267 1485 alter
283 1453 402 1494 cippus
415 1452 616 1493 Stimigliani
631 1452 664 1482 in
680 1451 774 1484 Sabi-

75 1515 137 1536 ms.

244 1553 351 1585 PER.
377 1553 511 1584 HANC

203 1603 337 1636 leM.
362 1604 528 1635 FVNDO

163 1655 202 1687 C.
226 1654 390 1686 MARCI.
417 1655 453 1685 C.
477 1655 516 1685 L.

227 1703 524 1735 PHILERONIS

204 1754 324 1785 ITER.
348 1753 492 1785 ACT-vs

249 1805 485 1836 DEBETVR.

79 1856 120 1887 In
138 1855 307 1886 veteribus
325 1855 454 1886 Glossis
470 1854 621 1885 invenio:
648 1854 776 1894 Cippus,

77 1905 179 1937 Ἐνεὸς
193 1904 317 1942 λίθινος,
339 1903 470 1945 Κορμὸς,
493 1902 659 1941 ποδοκάκη.
706 1904 777 1934 Diu

78 1956 282 1997 cogitabam,
299 1955 381 1996 quid
397 1955 462 1986 sibi
477 1954 582 1986 vellet
598 1954 680 1985 illud
697 1953 779 1984 ἐνεὸς

78 2005 192 2038 λίθινος
207 2017 214 2036 z
232 2005 324 2037 locus
339 2004 541 2036 hauddubie
559 2004 777 2044 depravatus.

80 2056 261 2088 Martinius
288 2065 350 2096 pro
377 2054 459 2086 ἐνεὸς
486 2054 626 2094 legebat
655 2053 780 2094 στύλος,

81 2106 178 2138 nimis
194 2106 369 2137 audacter.
402 2106 503 2136 Certe
516 2105 604 2136 male
620 2104 781 2136 distincta

83 2157 154 2189 baec
184 2156 291 2188 verba
319 2159 449 2188 certum
479 2156 599 2187 habeo.
657 2156 780 2196 Itaque

84 2207 286 2247 interpunge
301 2205 415 2245 Ἐνεὸς,
431 2205 544 2237 λίθινος
558 2205 678 2246 κορμὸς,
693 2207 782 2236 ποδο-

85 2255 174 2292 κάκη.
218 2254 318 2286 Ἐνεὸς
352 2256 471 2296 cippus,
499 2255 781 2296 quemadmodum

84 2310 211 2338 mutum
226 2305 394 2337 hominem
407 2308 542 2336 uuluam
557 2305 781 2346 appellamus,

84 2356 269 2397 stupidum,
289 2355 440 2396 stipitem,
468 2356 604 2386 omnino
635 2354 670 2386 id
697 2354 783 2386 arbi-

85 2414 157 2440 tror
170 2407 313 2438 voluisse
330 2404 631 2445 Glossographum,
647 2405 782 2436 tametsi

85 2466 246 2498 nusquam
277 2456 445 2496 reperiam
479 2455 528 2486 ita
561 2460 694 2486 veteres
721 2455 784 2487 hac

87 2515 167 2546 voce
183 2516 271 2537 usos.
314 2505 383 2537 Sed
408 2504 690 2546 quemadmodum
713 2505 786 2545 Cip-

84 2566 158 2596 pum
180 2556 253 2588 aliae
280 2556 409 2587 Glossae
436 2552 598 2594 ἀνδριάντα
620 2554 785 2594 interpre-

88 2611 216 2645 tantur,
241 2606 291 2637 ita
316 2610 429 2637 statua
454 2604 498 2636 de
521 2605 653 2636 homine
679 2610 785 2636 muto.

91 2657 168 2688 Jam
182 2655 293 2688 λίθινος
311 2655 433 2696 κορμὸς,
450 2655 531 2686 illud
555 2665 636 2687 vere
652 2655 784 2696 cippus.

91 2706 179 2738 Nam
207 2706 315 2747 κορμὸς
348 2711 490 2738 truncum
513 2710 622 2745 notat,
650 2706 703 2737 cui
729 2706 786 2736 ab-

92 2755 287 2787 scinduntur
302 2756 433 2796 ramuli,
444 2756 501 2797 qui
513 2756 591 2788 inde
606 2756 785 2797 pullulant.

177 2809 288 2850 Delpli.
303 2813 333 2840 et
354 2811 426 2842 Var.
446 2812 530 2842 Clas.

758 2813 865 2846 Coesur

1402 206 1513 248 1249

814 308 913 339 Quod
930 314 1022 340 recte.
1037 309 1194 349 congruit
1217 318 1293 340 cum
1315 308 1414 349 cippis
1436 309 1510 340 Cae-

814 358 909 396 saris,
948 360 1003 398 qui
1046 360 1105 395 ait,
1148 360 1156 375 ⁶
1174 359 1301 390 truncis
1342 359 1510 399 arborum,

814 411 872 437 aut
902 407 1078 438 admodum
1102 409 1206 438 lirinis
1233 409 1332 438 ramis
1357 409 1512 448 abscisis,

815 460 917 496 atque
942 457 1056 488 horum
1082 458 1279 494 dolabratis‚
1302 464 1404 499 atque
1429 469 1515 499 prae-

815 505 922 536 acutis
946 506 1189 545 cacuminibus,
1216 513 1390 546 perpetuae
1416 507 1514 538 fosse.

816 555 1049 587 ducebantur.’
1094 557 1169 586 Nisi
1199 556 1287 587 forte
1319 558 1433 588 Cir-sar
1463 567 1514 589 re-

815 606 928 645 spexit
945 605 986 635 ad
1002 606 1143 636 alteram
1160 607 1329 637 notionem
1349 608 1437 638 vocis
1452 609 1516 648 cip·

813 666 880 695 pus,
908 656 1061 686 nimirum
1086 655 1274 692 ποδοκάκην;
1303 657 1380 697 quia
1405 658 1514 698 inquit

817 706 1001 737 induebant
1019 716 1053 737 sc
1070 707 1272 737 acutissimis
1291 707 1396 737 vanis.
1435 708 1517 738 (jnr—

819 760 889 785 tum
907 754 1084 792 Ποδοκάκην
1099 765 1231 796 quoque
1251 756 1370 795 cippum
1386 762 1518 795 notare,

820 806 889 837 sive
919 807 1041 844 liguum
1076 806 1243 846 bipaten8‚
1275 817 1340 847 quo
1370 807 1517 837 sontium

820 856 925 896 pedes
943 856 1170 887 includuntur.
1194 857 1293 888 Unde
1310 857 1397 887 haud
1414 856 1518 887 dubie

820 907 987 947 hodieque
1014 916 1077 938 vox
1103 908 1220 947 cippier
1243 907 1417 946 remansit,
1440 917 1516 948 quae

821 958 968 988 cau-ceris
995 957 1170 988 custodem
1200 961 1305 988 notat.
1357 957 1424 988 Sed
1452 965 1519 987 non

821 1006 966 1038 arbitror
979 1013 1090 1039 tamen
1106 1008 1166 1038 hoc
1182 1008 1349 1038 Caesarem
1363 1007 1518 1038 voluisse.

826 1057 957 1088 Vossius.
994 1058 1113 1097 Cuppos
1128 1061 1202 1088 erat
1215 1067 1234 1087 a
1247 1067 1346 1087 manu
1362 1056 1519 1087 emenda-

821 1107 906 1136 trice
934 1107 968 1136 in
988 1107 1157 1138 Torrentii
1173 1106 1292 1137 codice
1308 1105 1521 1136 Lovaniensi.

823 1155 916 1194 Cipos
931 1155 1042 1186 Pulm.
1058 1155 1214 1194 Schedae‚
1235 1155 1318 1186 item
1342 1156 1465 1187 Petav.
1484 1159 1520 1186 et

821 1205 989 1245 Egmund.
1007 1205 1143 1236 Κίππους
1158 1204 1333 1236 ἀπεκάλουν
1344 1205 1520 1246 Metaphr.

865 1255 948 1285 Ante
970 1255 1024 1285 hos
1045 1255 1171 1295 obliquis
1185 1254 1358 1294 ordinibus]
1381 1255 1437 1286 Ita
1453 1256 1521 1295 pri-

822 1314 876 1335 ma
898 1304 1001 1335 verba
1029 1305 1192 1336 exhibent
1220 1314 1263 1336 ex
1290 1305 1375 1336 meis
1403 1305 1520 1345 Cujac.

823 1353 948 1384 Audin.
980 1354 1093 1384 Oxou.
1123 1355 1248 1394 Scalig.
1275 1359 1311 1385 et
1345 1355 1438 1385 Leid.
1468 1365 1521 1395 pr.

825 1412 899 1433 cum
925 1404 1096 1444 Metaphr.
1123 1403 1254 1444 πρόσθεν
1273 1403 1305 1435 δὲ
1329 1404 1448 1435 τούτων
1462 1406 1524 1436 τῶν

823 1451 948 1491 τάξεων.
980 1453 1103 1484 Verum
1122 1454 1206 1485 Mss.
1225 1454 1345 1494 reliqui
1361 1455 1524 1486 exhibent

824 1513 907 1542 quos,
924 1503 986 1534 nisi
1001 1503 1089 1544 quod
1107 1504 1141 1534 iu
1154 1504 1277 1535 Ortelii
1291 1509 1326 1535 et
1338 1504 1433 1535 Leid.
1453 1514 1522 1535 sec.

826 1560 927 1595 atque
945 1553 1032 1584 Edd.
1051 1555 1147 1585 Rom.
1172 1555 1258 1585 Yen.
1284 1554 1423 1585 Mediol.
1449 1555 1525 1585 Flo-

827 1609 914 1635 reut.
942 1604 984 1634 sit
1010 1604 1126 1644 quihus.
1171 1603 1272 1635 L'nde
1302 1610 1419 1644 putem
1445 1604 1526 1646 quid

825 1655 899 1686 vitii
922 1655 1039 1686 latere.
1087 1656 1220 1686 Ordines
1235 1661 1330 1687 certe
1345 1665 1412 1686 non
1428 1656 1525 1686 intel-

825 1705 998 1745 ligendum
1016 1705 1057 1736 de
1075 1705 1247 1736 Scrobium
1272 1705 1464 1736 ordinibus:
1490 1704 1524 1735 hi

828 1755 917 1786 enim
931 1756 1045 1786 octoni
1061 1761 1171 1794 erant,
1187 1760 1224 1786 ut
1239 1765 1316 1786 mox
1330 1756 1388 1796 ait,
1405 1756 1462 1787 sed
1481 1755 1524 1786 de

828 1806 908 1846 ipsis
924 1806 1079 1846 stipitum
1096 1806 1284 1838 ordinibus.
1313 1807 1437 1838 Forsan
1453 1817 1527 1847 quos

827 1858 916 1891 ante;
939 1855 1002 1885 nisi
1032 1865 1094 1896 pro
1117 1855 1275 1895 dispositis
1300 1856 1402 1887 velles
1426 1857 1527 1896 dispo·

826 1905 912 1940 suin·
947 1905 1005 1936 sed
1035 1910 1105 1936 tum
1133 1905 1311 1946 sequentia
1341 1915 1407 1936 non
1439 1906 1527 1936 bene

828 1956 1013 1987 cohoerent.
1048 1955 1139 1987 Dein
1153 1955 1286 1996 obliquos
1300 1956 1427 1987 habent
1439 1956 1529 1987 Bon-

830 2014 918 2045 garS.
941 2004 1040 2045 prim.
1064 2005 1187 2036 Petav.
1211 2005 1429 2045 oxoniensis,
1442 2007 1528 2037 Vos-

828 2055 911 2086 sian.
943 2065 993 2095 pr.
1022 2065 1090 2086 sec.
1114 2061 1150 2086 et
1173 2056 1270 2095 Egm.
1295 2060 1334 2086 ut
1357 2056 1398 2087 ad
1417 2057 1530 2097 Cippos

831 2115 890 2137 seu
905 2105 1028 2145 stipites
1050 2105 1150 2145 ipsos,
1165 2115 1232 2136 non
1255 2115 1370 2137 eorum
1394 2107 1529 2139 ordines

832 2154 984 2194 referas3
1021 2160 1057 2186 et
1086 2155 1202 2196 obliqui
1244 2156 1377 2196 stipites
1415 2162 1530 2188 essent

823 2205 990 2246 fastigati,
1014 2206 1116 2246 proni,
1135 2216 1196 2236 non
1218 2207 1344 2238 demeti.
1382 2207 1428 2239 At
1451 2207 1529 2239 vide

833 2266 908 2298 quae
925 2257 1039 2287 notavi
1061 2255 1103 2286 ad
1126 2265 1175 2287 ιν.
1194 2259 1245 2288 17.
1263 2257 1272 2273 ‘
1290 2257 1428 2289 sublicae
1445 2257 1530 2289 obli-

833 2316 898 2348 que
915 2306 1128 2347 agebantur:
1169 2307 1294 2347 Obliqui
1315 2307 1438 2339 ordines
1453 2312 1532 2339 sunt

834 2357 1028 2397 transversi,
1040 2362 1075 2388 et
1092 2357 1126 2387 in
1142 2357 1338 2397 quincuncem
1350 2358 1491 2398 dispositi
1508 2359 1531 2390 i.

834 2407 1058 2448 undequaque
1075 2407 1170 2448 quini
1187 2412 1222 2438 et
1248 2408 1376 2448 angulis
1405 2408 1531 2439 rectis:

835 2456 877 2488 de
899 2467 965 2499 qua
990 2458 1158 2489 locutione
1185 2458 1240 2488 adi
1270 2459 1406 2489 omnino
1431 2459 1534 2490 inter-

834 2514 950 2549 pretes
976 2518 1019 2539 ex
1045 2508 1218 2540 Ciceronis
1248 2508 1307 2539 lib.
1331 2509 1372 2539 de
1404 2513 1532 2539 senect.

835 2569 867 2591 c.
883 2563 933 2591 17.
957 2560 1124 2593 Quinctil.
1151 2569 1233 2591 vm.
1262 2563 1292 2590 3.
1319 2561 1405 2591 Inst.
1433 2560 1533 2590 Orat.

836 2610 1010 2641 Columell.
1022 2619 1078 2642 111.
1089 2613 1141 2642 13.
1154 2609 1262 2651 ὀρθίοις
1270 2608 1405 2640 πάντοσε
1413 2609 1536 2647 στίχοις

837 2660 885 2691 ait
901 2661 1167 2701 Metaphrastes,
1182 2671 1247 2691 non
1264 2661 1345 2691 satis
1361 2661 1463 2699 clare,
1477 2659 1534 2700 qui

836 2711 954 2743 itidem
980 2712 1109 2752 obliquis
1131 2711 1234 2743 refert
1251 2711 1292 2742 ad
1308 2711 1435 2742 scrobes.
1475 2710 1537 2742 Ait

837 2763 925 2794 enim
955 2762 1080 2803 βόθρους
1106 2762 1256 2802 πλαγίουε
1281 2762 1408 2801 ὤρυττε,
1439 2760 1534 2803 quasi

1374 2818 1393 2847 4
1417 2816 1449 2847 K
