1818 3131
309 211 400 241 mu.
433 209 518 239 vti.
548 207 653 238 cAP.
684 198 752 237 50.
789 208 848 238 un:
882 209 1036 239 nmmo
1068 209 1296 240 GALnico.

80 309 160 337 tunc
177 314 241 336 non
258 305 398 346 amplius
413 312 496 345 opus
513 302 774 333 exertobumero

81 357 134 386 vel
171 356 315 387 brachio.
375 354 477 395 Apud
512 352 774 393 Xenophontem

80 405 122 436 de
135 406 285 446 expedit.
301 405 381 445 Cyri
395 406 415 435 Ι.
433 413 513 435 νιιι.
530 404 621 443 legas
638 403 773 442 Persas,

77 455 302 495 adspectante
330 465 365 486 se
397 455 489 494 Rege
516 453 669 493 Candye,
694 453 773 483 dex-

78 508 166 535 tram
182 505 366 543 exeruisse,
381 502 553 544 διειρκότες,
575 503 698 544 inquit,
720 502 775 533 τὰς

76 554 183 594 χείρας
203 555 251 584 διὰ
274 555 335 584 τῶν
357 553 502 593 κανδύων,
520 554 622 594 ὥσπερ
651 554 700 584 καὶ
722 555 776 584 νῦν

77 603 124 633 ἔτι
137 602 288 643 διείρουσι,
308 603 383 634 ὅταν
410 604 466 644 ὁρᾷ
490 603 650 639 βασιλεύς.
696 604 775 634 For-

78 654 172 684 tassis
212 654 272 684 boc
303 653 368 685 illis
396 654 617 695 subjectionis
645 654 774 694 signum

76 703 153 741 fuit,
174 708 208 735 et
225 714 358 735 manum
386 704 582 744 exerebant,
609 714 674 745 quo
699 714 775 744 pec·

78 754 142 784 tori
173 753 406 794 admoverent,
439 756 495 795 qui
536 754 775 785 venerantibus

76 813 160 844 mos,
175 809 234 835 aut
256 810 294 836 ut
316 805 533 836 ostenderent
547 815 581 835 se
598 805 639 835 ad
658 811 774 836 nutum

76 854 150 894 ejus
180 859 314 894 paratos
345 864 437 885 arma
473 864 609 895 capere.
655 855 775 895 Itaque

76 903 202 935 frustra
219 905 350 945 Lipsius
372 906 504 946 quaerit,
526 906 694 946 quomodo
719 906 776 936 hu-

75 954 159 985 meri
176 956 269 986 exeri
288 956 428 995 possint.
475 956 574 988 Quod
600 965 679 987 vero
705 956 776 987 Cae-

75 1013 128 1035 sar
169 1005 227 1042 ait,
260 1007 389 1046 pacatis
425 1007 458 1037 id
491 1007 620 1047 insigne
650 1006 774 1044 fuisse;

76 1055 182 1094 possis
199 1055 312 1086 dicere
336 1058 476 1096 populos
495 1062 630 1096 pacatos
656 1057 775 1087 Roma-

77 1105 140 1145 nis,
174 1106 306 1146 quando
337 1116 450 1137 eorum
480 1108 510 1137 in
541 1107 693 1138 exercitu
719 1107 775 1137 de-

78 1156 289 1196 pugnabant,
328 1158 436 1188 solere
466 1157 595 1187 dextris
631 1157 776 1188 humeris

76 1206 203 1238 exemtis
229 1206 434 1248 depugnare.
479 1208 583 1238 Certe
607 1206 640 1237 id
669 1206 774 1237 Gallis

78 1257 238 1288 usitatum
254 1256 357 1288 fuisse
375 1259 485 1289 nullus
511 1257 667 1297 ambigo:
700 1267 775 1287 nam

77 1312 114 1337 ut
135 1304 248 1339 Livius
265 1307 284 1338 l.
310 1316 401 1338 xxu.
426 1307 485 1346 ait,
512 1307 570 1337 ubi
587 1307 776 1338 exercitum

77 1358 255 1389 Annibalis
297 1357 479 1388 describit:
521 1359 530 1374 ‘
547 1357 639 1388 Galli
676 1366 777 1396 super

77 1408 270 1438 umbilicum
282 1408 361 1438 nudi
379 1407 499 1438 erant!
543 1407 666 1447 Itaque
688 1406 776 1447 quod

77 1457 176 1488 AEdui
204 1458 334 1488 dextris
350 1456 495 1487 humeris
521 1457 645 1486 exertis
670 1459 778 1495 erant,

78 1506 111 1537 id
132 1512 273 1547 propter
297 1507 454 1547 proelium
476 1505 622 1537 factum:
652 1506 710 1537 sed
738 1506 778 1536 si-

76 1557 145 1587 mul
163 1556 240 1587 iude
257 1556 490 1595 agnoscebant
516 1556 659 1586 Romani
682 1566 778 1596 paca-

79 1611 130 1637 tos
146 1616 218 1638 esse
243 1617 300 1638 seu
323 1606 441 1638 socios.
486 1607 601 1638 Caesar
625 1605 715 1637 infra
736 1616 776 1637 11.

79 1657 122 1688 de
149 1657 237 1688 bello
263 1657 362 1688 Civili
380 1656 439 1695 ait,
462 1656 653 1686 ‘humerum
682 1666 778 1696 aper-

79 1712 149 1738 tum
176 1706 285 1747 gladio
312 1706 468 1747 appetit,’
499 1706 586 1747 quod
610 1707 699 1737 idem
726 1711 778 1737 est

79 1757 166 1797 quod
191 1761 358 1788 exertum.
405 1758 459 1788 De
483 1756 615 1787 Heduis
635 1757 707 1796 jain
724 1766 776 1788 me

78 1808 229 1847 explico:
261 1811 395 1838 exertos
426 1807 593 1848 gerebant
621 1807 776 1838 humeros

76 1863 156 1890 ante
173 1868 331 1899 pugnam,
347 1857 435 1899 quod
452 1867 517 1888 non
545 1858 610 1887 alio
631 1862 778 1897 spectat,

78 1918 176 1950 quam
194 1913 232 1939 ut
253 1907 393 1940 Romani
411 1907 673 1939 admonerentur
700 1917 776 1938 suos

77 1968 152 1990 esse
178 1959 296 1990 socios.
334 1958 466 1989 Vossius.
511 1958 666 1988 Humeros
690 1967 777 1989 exer-

77 2012 125 2040 tos
154 2009 288 2041 vocavit
312 2014 429 2040 noster
454 2018 524 2048 eos,
552 2009 609 2049 qui
626 2009 778 2040 vestibus

79 2052 157 2091 suut
173 2060 302 2098 nudati,
317 2059 598 2100 quemadmodum
612 2059 777 2099 Apuleius

78 2109 222 2141 Metam.
237 2110 260 2141 l.
276 2119 315 2140 11.
334 2119 367 2149 p.
387 2112 439 2140 35.
456 2109 509 2140 ed.
525 2109 712 2140 Pricaeanae
725 2119 778 2140 ex-

77 2164 160 2190 ertos
170 2159 379 2199 nuncupavit
389 2160 498 2199 oculos,
512 2169 593 2200 quos
604 2159 777 2199 palpebrae

77 2219 144 2241 non
157 2215 285 2250 tegunt.
309 2209 779 2250 Οῐεεοιιεᾶνοπλοιτοὺςῶμους,

79 2260 164 2291 adeo
191 2265 228 2291 nt
256 2269 372 2291 vocem
400 2261 544 2300 primam
563 2265 621 2291 aut
643 2261 777 2300 neglex-

78 2311 157 2349 erit,
179 2315 238 2342 aut
255 2311 287 2341 in
301 2320 358 2341 suo
379 2310 505 2342 Codice
520 2320 585 2341 non
600 2310 777 2341 invenerit.

77 2361 230 2392 Mediam
252 2370 334 2391 vero
361 2370 421 2401 pro
445 2360 659 2391 Glossemate
675 2360 778 2391 habet

77 2410 168 2443 Just.
186 2411 321 2451 Lipsius
340 2412 450 2442 Elect.
478 2419 516 2440 11.
533 2413 563 2441 7.
586 2415 621 2441 et
645 2410 777 2441 nescire

78 2470 114 2492 se
131 2462 320 2502 profitetur,
343 2460 510 2502 quomodo
535 2461 628 2492 exeri
647 2461 778 2500 possint

78 2511 220 2542 humeri.
257 2512 307 2542 Eo
324 2511 423 2542 modo
441 2520 506 2551 quo
522 2510 681 2542 bellaturi
699 2521 777 2543 suos

79 2562 270 2593 exerebant.
313 2561 442 2593 Statius
469 2561 632 2592 Thebaid.
659 2570 683 2591 1.
700 2563 776 2592 413.

77 2610 88 2627 ‘
105 2611 269 2642 Exertare
284 2611 450 2651 humeros,
467 2610 657 2651 nudamque
672 2611 777 2641 laces-

81 2669 155 2690 sere
169 2662 338 2701 pugnam.’
379 2662 492 2693 Multa
507 2661 697 2701 hujusmodi
711 2661 778 2692 col-

80 2709 167 2748 legit
183 2710 230 2740 vir
247 2710 459 2742 doctissimus
476 2712 583 2743 Jauus
603 2710 778 2742 Broukliu-

81 2758 149 2790 sius
165 2759 207 2790 ad
218 2760 374 2802 Propert.
388 2762 441 2795 El.
455 2770 478 2794 1.
494 2764 547 2793 20.
563 2764 616 2794 44.
640 2760 706 2793 Sed
715 2761 778 2794 hoc

1412 199 1524 243 1229

826 312 890 333 non
922 304 1120 344 quaesiverat
1143 305 1338 336 Elector-um
1363 304 1524 345 scriptor,

825 352 852 382 si
877 357 1000 382 exertos
1025 353 1112 384 idem
1130 354 1292 385 denotare
1316 364 1355 385 ac
1382 354 1526 386 nudatos

825 401 857 430 in
875 408 1022 433 mentem
1048 410 1252 435 revocasset.
1299 405 1441 436 Frustra
1463 405 1526 436 eti-

826 461 878 482 arn
903 458 968 491 est,
1001 464 1076 484 cum
1102 454 1144 485 ad
1172 455 1285 486 Taciti
1320 456 1405 486 Hist.
1431 465 1456 486 1.
1473 459 1525 488 55.

826 507 970 542 reponat
988 503 996 519 ‘
1011 503 1142 534 dextris
1159 504 1255 534 nudis
1272 504 1423 544 exertis‚’
1441 515 1526 545 prae-

826 556 978 593 terquam
996 553 1084 584 enim
1103 554 1191 594 quod
1208 555 1270 585 lioc
1287 555 1469 586 deditionis
1490 560 1526 586 et

826 603 1044 643 subjectionis
1065 609 1118 635 est
1143 604 1316 644 indicium,
1339 605 1417 645 quid
1442 615 1526 646 opus

825 657 889 692 est,
912 658 949 684 ut
976 654 1147 694 vulgatam
1172 655 1352 685 lectionem
1368 655 1526 686 sollicite-

824 704 919 733 mus?
946 703 1034 734 Nam
1050 704 1198 735 humeris
1215 705 1338 735 exertis
1362 705 1527 736 doceban-

826 757 881 783 tur
897 753 1038 784 Romani
1063 763 1140 785 suos
1156 763 1228 785 esse
1247 755 1368 795 socios,
1391 755 1446 796 qui
1468 756 1526 786 ad-

825 804 1047 844 scendebant,
1065 805 1144 846 quia
1157 805 1189 836 in
1204 805 1315 836 Gallia
1329 811 1525 845 pacatorum

825 854 888 884 boc
905 858 978 885 erat
994 855 1134 895 insigne.
1181 855 1370 896 Utramque
1394 856 1528 896 conjec-

827 909 937 935 turam
954 905 1131 936 absurdam
1148 914 1222 936 esse
1238 906 1441 936 monstravit
1457 906 1526 938 Oc-

826 955 934 986 tavius
965 956 1142 987 Ferrarius
1184 957 1225 987 de
1252 966 1288 987 re
1319 961 1404 987 vest.
1442 966 1466 987 1.
1495 960 1528 989 9.

825 1006 937 1037 Dat-is.
994 1006 1070 1037 Nec
1111 1006 1228 1036 melior
1261 1011 1313 1036 est
1347 1007 1527 1037 hariolatio

824 1055 926 1087 Joan.
945 1055 1101 1094 Mem-sii,
1118 1056 1175 1096 qui
1192 1056 1314 1087 Exere.
1332 1056 1415 1087 Crit.
1430 1057 1529 1088 Part.

826 1113 866 1135 11.
885 1114 908 1135 1.
927 1108 978 1136 14.
996 1105 1080 1145 legit
1103 1106 1112 1122 ‘
1131 1105 1260 1136 dextris
1287 1106 1406 1137 numeri
1432 1115 1528 1137 exer-

826 1154 869 1185 tis
884 1154 903 1191 ;’
926 1159 964 1185 ut
979 1155 1099 1186 numeri
1114 1155 1182 1186 sint
1198 1155 1366 1186 cohortes.
1397 1154 1447 1187 At
1463 1165 1528 1186 vox

826 1204 858 1234 in
876 1214 916 1235 eo
932 1214 1030 1236 sensu
1048 1209 1118 1236 tum
1137 1206 1297 1246 temporis
1313 1214 1380 1236 non
1393 1205 1530 1236 adhibe-

825 1253 946 1293 batur;
981 1255 1131 1296 quamvis
1151 1255 1316 1297 sequioris
1341 1255 1406 1286 aevi
1427 1257 1530 1297 scrip·

827 1304 954 1336 toribus
970 1305 1037 1336 fuit
1054 1307 1188 1337 usitata.
1233 1307 1322 1338 Vide
1345 1307 1389 1338 sis
1417 1307 1530 1339 Inter-

827 1359 942 1393 pretes
959 1355 1001 1385 ad
1026 1355 1140 1386 Taciti
1164 1356 1254 1387 Hist.
1279 1366 1303 1387 1.
1321 1360 1352 1387 6.
1382 1356 1528 1389 Hermas

828 1403 920 1435 Past.
949 1404 971 1435 1.
990 1413 1044 1434 ιιι.
1072 1405 1153 1436 Sim.
1182 1415 1234 1437 lx.
1259 1408 1291 1437 2.
1327 1407 1528 1439 ‘Decenter

827 1454 1008 1485 succinctae
1039 1456 1156 1486 exertis
1196 1456 1341 1487 brachiis
1372 1457 1529 1497 dextris‚’

826 1505 890 1535 hoc
918 1510 968 1535 est
995 1506 1174 1545 porrectis,
1198 1506 1360 1538 extensis.
1404 1507 1459 1538 Sic
1485 1517 1528 1538 ex

828 1554 927 1585 Mstis
954 1555 1197 1595 reponendum.
1242 1556 1352 1596 Vulgo
1392 1556 1529 1587 ‘exter-

826 1605 878 1635 nis
898 1604 1042 1636 brachiis
1054 1605 1209 1637 dextris)
1255 1606 1351 1638 Idem
1364 1617 1393 1638 c.
1407 1610 1438 1639 9.
1455 1607 1530 1638 ‘In-

829 1656 966 1694 cinetae,
982 1660 1016 1686 et
1032 1656 1148 1686 exertis
1162 1656 1310 1696 humeris,
1330 1657 1529 1698 capillisque

829 1706 947 1736 solutis
962 1709 980 1743 ;'
1010 1706 1070 1737 ubi
1094 1707 1194 1737 exerti
1222 1708 1342 1738 humeri
1372 1712 1450 1738 sunt
1472 1717 1530 1738 nu-

830 1755 911 1786 dati.
958 1756 1095 1788 Pariter
1120 1757 1209 1796 apud
1235 1758 1421 1798 Josephum
1438 1758 1531 1789 Isca-

828 1815 907 1837 num
932 1807 972 1837 B.
1000 1807 1039 1837 T.
1065 1815 1105 1837 11.
1133 1809 1208 1838 608.
1251 1808 1367 1838 Venus
1393 1807 1530 1848 dicitur,

828 1856 836 1871 ‘
852 1856 953 1886 Nuda
968 1857 1137 1895 humeros,
1153 1860 1259 1888 exerta
1285 1856 1402 1888 sinus.’
1447 1857 1530 1888 Ter-

828 1906 988 1937 tullianus
1002 1907 1044 1938 de
1060 1907 1182 1938 Pallio.
1207 1917 1235 1938 c.
1251 1909 1282 1938 3.
1307 1907 1316 1923 ‘
1331 1907 1416 1938 Cato
1440 1907 1531 1940 Juri-

828 1956 948 1988 dicinae
970 1967 1039 1988 suae
1065 1957 1100 1988 in
1117 1961 1272 1997 tempore
1293 1956 1452 1994 humerum
1476 1966 1530 1987 ex·

829 2007 942 2038 ertus.'
987 2007 1086 2038 Adeo
1113 2011 1151 2038 ut
1175 2008 1209 2038 in
1232 2006 1419 2047 hujusmodi
1442 2007 1532 2037 locu-

828 2057 977 2089 tionibus
996 2057 1122 2097 duplex
1138 2056 1183 2087 sit
1204 2056 1293 2087 illius
1309 2057 1402 2088 vocis
1418 2061 1530 2097 potes-

829 2112 893 2139 taS.
937 2108 973 2139 Si
996 2109 1095 2149 plura
1117 2107 1160 2138 de
1187 2107 1251 2138 hoc
1281 2106 1424 2138 Caesaris
1453 2107 1530 2138 loco

828 2159 943 2190 videre
960 2158 1077 2199 gestis,
1097 2157 1152 2189 adi
1167 2167 1199 2188 v.
1224 2167 1253 2189 c.
1268 2157 1340 2190 Jos.
1361 2157 1530 2189 Wassium

829 2208 871 2239 ad
886 2208 1024 2240 Salustii
1038 2208 1141 2239 Catil.
1158 2217 1188 2238 c.
1204 2209 1257 2238 44.
1274 2216 1308 2247 p.
1324 2208 1398 2238 144.
1430 2207 1529 2246 Idem,

829 2269 901 2290 cur.
916 2268 984 2291 sec.
1034 2258 1177 2289 Exsertz's
1201 2267 1280 2298 ergo
1304 2257 1359 2289 hic
1382 2256 1444 2297 nil,
1465 2257 1530 2288 nisi

829 2309 977 2348 nudatis,
1011 2308 1198 2349 expeditis,
1222 2313 1259 2339 et
1289 2307 1403 2339 liberis
1434 2313 1529 2340 veste

829 2364 935 2392 notat.
981 2359 1084 2392 Ovid.
1119 2360 1206 2391 Met.
1245 2368 1285 2390 11.
1323 2361 1397 2390 270.
1436 2359 1445 2376 ‘
1460 2360 1530 2390 Ter

829 2410 1011 2451 Neptunus
1038 2409 1132 2451 aquis
1161 2420 1238 2441 cnm
1269 2414 1366 2440 torvo
1393 2408 1531 2440 brachia

828 2461 924 2491 vultu
956 2461 1123 2491 Exserere
1148 2469 1247 2490 ausus
1270 2457 1369 2489 erat.'
1401 2467 1452 2489 tx.
1478 2461 1529 2489 57.

828 2511 837 2526 ‘
855 2511 923 2541 Vix
950 2516 1064 2542 tamen
1086 2510 1219 2541 exserui
1240 2508 1361 2540 sudore
1388 2507 1530 2538 fluentia

827 2562 935 2592 multo
953 2561 1120 2592 Brachia?
1163 2560 1232 2591 Ubi
1257 2560 1304 2590 nil
1320 2558 1528 2590 mutandum.

830 2611 974 2651 Virgilio
984 2611 1058 2642 AEn.
1068 2620 1092 2641 1.
1105 2613 1180 2642 492.
1190 2610 1199 2627 ‘
1209 2611 1354 2641 Exserta
1365 2606 1529 2645 mamma,’
1570 2642 1573 2643 ⁷

829 2661 958 2702 ‘latus,’
976 2670 1026 2693 xl.
1040 2664 1114 2694 649.
1137 2663 1200 2692 διο.
1245 2659 1361 2699 Atque
1387 2657 1435 2688 ita
1457 2657 1528 2688 alii-

829 2711 936 2742 Immo
962 2716 998 2744 et
1021 2712 1064 2743 de
1089 2712 1162 2742 aliis
1195 2719 1256 2750 pro
1295 2708 1528 2738 demonstrare

829 2761 906 2793 vide
935 2761 970 2793 in
994 2761 1084 2794 notis
1109 2758 1235 2792 Scheff.
1260 2757 1302 2789 ad
1322 2756 1459 2790 Phaedr.
1486 2756 1526 2788 F.
