<?xml version="1.0" encoding="UTF-8"?>
<!DOCTYPE html PUBLIC "-//W3C//DTD XHTML 1.0 Transitional//EN"
    "http://www.w3.org/TR/xhtml1/DTD/xhtml1-transitional.dtd">
<html xmlns="http://www.w3.org/1999/xhtml" xml:lang="en" lang="en">
 <head>
  <title>
</title>
<meta http-equiv="Content-Type" content="text/html;charset=utf-8" />
  <meta name='ocr-system' content='tesseract 3.04.00' />
  <meta name='ocr-capabilities' content='ocr_page ocr_carea ocr_par ocr_line ocrx_word'/>
</head>
<body>
  <div class='ocr_page' id='page_1' title='image "./operaomniaexedit03caesuoft_0194.png"; bbox 0 0 1818 3131; ppageno 0'>
   <div class='ocr_carea' id='block_1_1' title="bbox 251 209 363 252">
    <p class='ocr_par' dir='ltr' id='par_1_1' title="bbox 251 209 363 252">
     <span class='ocr_line' id='line_1_1' title="bbox 251 209 363 252; baseline -0.009 0"><span class='ocrx_word' id='word_1_1' title='bbox 251 209 363 252; x_wconf 73' lang='lat'>1114</span> 
     </span>
    </p>
   </div>
   <div class='ocr_carea' id='block_1_2' title="bbox 248 311 959 2815">
    <p class='ocr_par' dir='ltr' id='par_1_2' title="bbox 248 311 953 405">
     <span class='ocr_line' id='line_1_2' title="bbox 248 311 953 353; baseline -0.004 -8"><span class='ocrx_word' id='word_1_2' title='bbox 248 314 348 347; x_wconf 85' lang='lat' dir='ltr'>Voss.</span> <span class='ocrx_word' id='word_1_3' title='bbox 370 322 438 344; x_wconf 86' lang='lat' dir='ltr'>sec.</span> <span class='ocrx_word' id='word_1_4' title='bbox 472 312 644 343; x_wconf 78' lang='lat' dir='ltr'>Gundunos</span> <span class='ocrx_word' id='word_1_5' title='bbox 667 311 816 343; x_wconf 81' lang='lat' dir='ltr'>Leodius</span> <span class='ocrx_word' id='word_1_6' title='bbox 837 313 953 353; x_wconf 84' lang='lat' dir='ltr'>legen-</span> 
     </span>
     <span class='ocr_line' id='line_1_3' title="bbox 253 365 456 405; baseline -0.015 -9"><span class='ocrx_word' id='word_1_7' title='bbox 253 365 330 396; x_wconf 90' lang='lat' dir='ltr'>dum</span> <span class='ocrx_word' id='word_1_8' title='bbox 346 369 456 405; x_wconf 89' lang='lat' dir='ltr'>putat.</span> 
     </span>
    </p>

    <p class='ocr_par' dir='ltr' id='par_1_3' title="bbox 249 413 957 1615">
     <span class='ocr_line' id='line_1_4' title="bbox 293 413 952 455; baseline -0.003 -9"><span class='ocrx_word' id='word_1_9' title='bbox 293 420 311 446; x_wconf 84' lang='lat'>5</span> <span class='ocrx_word' id='word_1_10' title='bbox 336 415 423 447; x_wconf 74' lang='lat' dir='ltr'>Huic</span> <span class='ocrx_word' id='word_1_11' title='bbox 438 424 552 455; x_wconf 81' lang='lat' dir='ltr'>quoque</span> <span class='ocrx_word' id='word_1_12' title='bbox 575 413 703 454; x_wconf 74' lang='lat' dir='ltr'>accidit]</span> <span class='ocrx_word' id='word_1_13' title='bbox 727 415 810 446; x_wconf 77' lang='lat' dir='ltr'>Mss.</span> <span class='ocrx_word' id='word_1_14' title='bbox 835 419 870 445; x_wconf 84' lang='lat' dir='ltr'>ct</span> <span class='ocrx_word' id='word_1_15' title='bbox 898 424 952 445; x_wconf 83' lang='lat' dir='ltr'>ve-</span> 
     </span>
     <span class='ocr_line' id='line_1_5' title="bbox 251 464 950 506; baseline 0 -10"><span class='ocrx_word' id='word_1_16' title='bbox 251 471 341 496; x_wconf 80' lang='lat' dir='ltr'>teres</span> <span class='ocrx_word' id='word_1_17' title='bbox 358 465 513 504; x_wconf 77' lang='lat' dir='ltr'>impressi</span> <span class='ocrx_word' id='word_1_18' title='bbox 541 466 549 481; x_wconf 94' lang='lat'>‘</span> <span class='ocrx_word' id='word_1_19' title='bbox 564 465 628 495; x_wconf 86' lang='lat' dir='ltr'>huc</span> <span class='ocrx_word' id='word_1_20' title='bbox 646 475 778 506; x_wconf 84' lang='lat' dir='ltr'>quoque</span> <span class='ocrx_word' id='word_1_21' title='bbox 795 464 919 496; x_wconf 79' lang='lat' dir='ltr'>accidit</span> <span class='ocrx_word' id='word_1_22' title='bbox 931 465 950 503; x_wconf 82' lang='lat'>;’</span> 
     </span>
     <span class='ocr_line' id='line_1_6' title="bbox 250 513 952 554; baseline 0.003 -11"><span class='ocrx_word' id='word_1_23' title='bbox 250 513 360 544; x_wconf 77' lang='lat' dir='ltr'>scribo</span> <span class='ocrx_word' id='word_1_24' title='bbox 385 513 446 554; x_wconf 75' lang='lat' dir='ltr'>hic,</span> <span class='ocrx_word' id='word_1_25' title='bbox 473 513 563 554; x_wconf 88' lang='lat' dir='ltr'>quod</span> <span class='ocrx_word' id='word_1_26' title='bbox 590 519 626 545; x_wconf 89' lang='lat' dir='ltr'>et</span> <span class='ocrx_word' id='word_1_27' title='bbox 652 515 709 545; x_wconf 85' lang='lat' dir='ltr'>Fr.</span> <span class='ocrx_word' id='word_1_28' title='bbox 737 515 952 545; x_wconf 85' lang='lat' dir='ltr'>Hotomauuo</span> 
     </span>
     <span class='ocr_line' id='line_1_7' title="bbox 249 564 952 606; baseline 0.001 -12"><span class='ocrx_word' id='word_1_29' title='bbox 249 564 407 595; x_wconf 79' lang='lat' dir='ltr'>suboluit.</span> <span class='ocrx_word' id='word_1_30' title='bbox 454 564 509 595; x_wconf 87' lang='lat' dir='ltr'>Ita</span> <span class='ocrx_word' id='word_1_31' title='bbox 526 565 628 596; x_wconf 87' lang='lat' dir='ltr'>etiam</span> <span class='ocrx_word' id='word_1_32' title='bbox 642 565 726 605; x_wconf 78' lang='lat' dir='ltr'>legit</span> <span class='ocrx_word' id='word_1_33' title='bbox 739 566 952 606; x_wconf 83' lang='lat' dir='ltr'>Metapbras-</span> 
     </span>
     <span class='ocr_line' id='line_1_8' title="bbox 251 614 949 656; baseline 0.001 -11"><span class='ocrx_word' id='word_1_34' title='bbox 251 619 312 645; x_wconf 88' lang='lat' dir='ltr'>tes.</span> <span class='ocrx_word' id='word_1_35' title='bbox 344 614 456 646; x_wconf 80' lang='lat' dir='ltr'>Daris.</span> <span class='ocrx_word' id='word_1_36' title='bbox 503 615 578 646; x_wconf 73' lang='lat' dir='ltr'>Hic.</span> <span class='ocrx_word' id='word_1_37' title='bbox 603 614 658 645; x_wconf 82' lang='lat' dir='ltr'>lta</span> <span class='ocrx_word' id='word_1_38' title='bbox 685 616 812 656; x_wconf 84' lang='lat' dir='ltr'>optime</span> <span class='ocrx_word' id='word_1_39' title='bbox 835 625 949 646; x_wconf 78' lang='lat' dir='ltr'>eruen-</span> 
     </span>
     <span class='ocr_line' id='line_1_9' title="bbox 250 665 952 697; baseline 0.001 -1"><span class='ocrx_word' id='word_1_40' title='bbox 250 665 375 696; x_wconf 89' lang='lat' dir='ltr'>darunt</span> <span class='ocrx_word' id='word_1_41' title='bbox 388 666 623 697; x_wconf 84' lang='lat' dir='ltr'>Hotomannus</span> <span class='ocrx_word' id='word_1_42' title='bbox 636 671 671 697; x_wconf 90' lang='lat' dir='ltr'>et</span> <span class='ocrx_word' id='word_1_43' title='bbox 681 667 854 697; x_wconf 79' lang='lat' dir='ltr'>Davisius,</span> <span class='ocrx_word' id='word_1_44' title='bbox 870 668 952 697; x_wconf 77' lang='lat' dir='ltr'>Mss.</span> 
     </span>
     <span class='ocr_line' id='line_1_10' title="bbox 251 715 955 756; baseline 0.001 -10"><span class='ocrx_word' id='word_1_45' title='bbox 251 721 286 747; x_wconf 84' lang='lat' dir='ltr'>et</span> <span class='ocrx_word' id='word_1_46' title='bbox 313 715 400 748; x_wconf 88' lang='lat' dir='ltr'>Edd.</span> <span class='ocrx_word' id='word_1_47' title='bbox 429 717 526 748; x_wconf 75' lang='lat' dir='ltr'>Vett.</span> <span class='ocrx_word' id='word_1_48' title='bbox 551 716 675 747; x_wconf 87' lang='lat' dir='ltr'>habeut</span> <span class='ocrx_word' id='word_1_49' title='bbox 701 717 770 756; x_wconf 85' lang='lat' dir='ltr'>huc,</span> <span class='ocrx_word' id='word_1_50' title='bbox 795 717 847 747; x_wconf 90' lang='lat' dir='ltr'>vel</span> <span class='ocrx_word' id='word_1_51' title='bbox 873 717 955 747; x_wconf 78' lang='lat' dir='ltr'>huic.</span> 
     </span>
     <span class='ocr_line' id='line_1_11' title="bbox 249 767 957 808; baseline -0.001 -10"><span class='ocrx_word' id='word_1_52' title='bbox 249 767 400 808; x_wconf 81' lang='lat' dir='ltr'>Scaliger</span> <span class='ocrx_word' id='word_1_53' title='bbox 425 773 460 798; x_wconf 88' lang='lat' dir='ltr'>et</span> <span class='ocrx_word' id='word_1_54' title='bbox 489 767 714 798; x_wconf 85' lang='lat' dir='ltr'>Recentiores</span> <span class='ocrx_word' id='word_1_55' title='bbox 729 767 812 798; x_wconf 82' lang='lat' dir='ltr'>huic.</span> <span class='ocrx_word' id='word_1_56' title='bbox 858 767 957 797; x_wconf 77' lang='lat' dir='ltr'>Gra·-</span> 
     </span>
     <span class='ocr_line' id='line_1_12' title="bbox 251 817 956 848; baseline 0.003 -2"><span class='ocrx_word' id='word_1_57' title='bbox 251 827 310 847; x_wconf 84' lang='lat' dir='ltr'>cus</span> <span class='ocrx_word' id='word_1_58' title='bbox 349 822 443 848; x_wconf 84' lang='lat' dir='ltr'>recte</span> <span class='ocrx_word' id='word_1_59' title='bbox 473 818 630 848; x_wconf 84' lang='grc' dir='ltr'>Ἐνταῦθα.</span> <span class='ocrx_word' id='word_1_60' title='bbox 671 819 779 848; x_wconf 75' lang='lat' dir='ltr'>Clark.</span> <span class='ocrx_word' id='word_1_61' title='bbox 836 818 898 848; x_wconf 80' lang='lat' dir='ltr'>nic</span> <span class='ocrx_word' id='word_1_62' title='bbox 928 817 956 848; x_wconf 90' lang='lat' dir='ltr'>si</span> 
     </span>
     <span class='ocr_line' id='line_1_13' title="bbox 253 868 955 908; baseline 0.003 -11"><span class='ocrx_word' id='word_1_63' title='bbox 253 868 357 907; x_wconf 81' lang='lat' dir='ltr'>legas,</span> <span class='ocrx_word' id='word_1_64' title='bbox 399 868 585 908; x_wconf 77' lang='lat' dir='ltr'><strong>respiceret</strong></span> <span class='ocrx_word' id='word_1_65' title='bbox 621 872 741 898; x_wconf 81' lang='lat' dir='ltr'>auctor</span> <span class='ocrx_word' id='word_1_66' title='bbox 779 868 821 898; x_wconf 85' lang='lat' dir='ltr'>ad</span> <span class='ocrx_word' id='word_1_67' title='bbox 860 868 955 900; x_wconf 90' lang='lat' dir='ltr'>dicta</span> 
     </span>
     <span class='ocr_line' id='line_1_14' title="bbox 250 917 954 959; baseline 0.003 -11"><span class='ocrx_word' id='word_1_68' title='bbox 250 927 278 948; x_wconf 93' lang='lat' dir='ltr'>c.</span> <span class='ocrx_word' id='word_1_69' title='bbox 295 920 346 948; x_wconf 86' lang='grc'><strong>26.</strong></span> <span class='ocrx_word' id='word_1_70' title='bbox 372 918 381 934; x_wconf 86' lang='lat'>‘</span> <span class='ocrx_word' id='word_1_71' title='bbox 397 917 587 958; x_wconf 86' lang='lat' dir='ltr'>Subitoque</span> <span class='ocrx_word' id='word_1_72' title='bbox 615 917 785 959; x_wconf 83' lang='lat' dir='ltr'>obpressis</span> <span class='ocrx_word' id='word_1_73' title='bbox 810 919 954 959; x_wconf 85' lang='lat' dir='ltr'>lignato-</span> 
     </span>
     <span class='ocr_line' id='line_1_15' title="bbox 252 967 951 1007; baseline 0.003 -9"><span class='ocrx_word' id='word_1_74' title='bbox 252 967 367 999; x_wconf 89' lang='lat' dir='ltr'>ribus.&#39;</span> <span class='ocrx_word' id='word_1_75' title='bbox 414 967 480 998; x_wconf 84' lang='lat' dir='ltr'>Sed</span> <span class='ocrx_word' id='word_1_76' title='bbox 509 968 568 998; x_wconf 83' lang='lat' dir='ltr'>huc</span> <span class='ocrx_word' id='word_1_77' title='bbox 589 977 656 999; x_wconf 91' lang='lat' dir='ltr'>nou</span> <span class='ocrx_word' id='word_1_78' title='bbox 686 973 752 1007; x_wconf 79' lang='lat' dir='ltr'>est,</span> <span class='ocrx_word' id='word_1_79' title='bbox 780 968 844 999; x_wconf 84' lang='lat' dir='ltr'>nisi</span> <span class='ocrx_word' id='word_1_80' title='bbox 873 970 906 999; x_wconf 90' lang='lat' dir='ltr'>in</span> <span class='ocrx_word' id='word_1_81' title='bbox 934 973 951 1000; x_wconf 85' lang='lat'><em>5</em></span> 
     </span>
     <span class='ocr_line' id='line_1_16' title="bbox 251 1018 950 1060; baseline 0.003 -11"><span class='ocrx_word' id='word_1_82' title='bbox 251 1019 335 1050; x_wconf 81' lang='lat' dir='ltr'>Mss.</span> <span class='ocrx_word' id='word_1_83' title='bbox 367 1018 605 1049; x_wconf 77' lang='lat' dir='ltr'>recentissimis</span> <span class='ocrx_word' id='word_1_84' title='bbox 635 1024 671 1050; x_wconf 87' lang='lat' dir='ltr'>et</span> <span class='ocrx_word' id='word_1_85' title='bbox 697 1018 783 1050; x_wconf 90' lang='lat' dir='ltr'>Edd.</span> <span class='ocrx_word' id='word_1_86' title='bbox 810 1019 950 1060; x_wconf 86' lang='lat' dir='ltr'>primis:</span> 
     </span>
     <span class='ocr_line' id='line_1_17' title="bbox 251 1071 954 1111; baseline 0.003 -11"><span class='ocrx_word' id='word_1_87' title='bbox 251 1071 340 1102; x_wconf 87' lang='lat' dir='ltr'>unde</span> <span class='ocrx_word' id='word_1_88' title='bbox 357 1071 444 1102; x_wconf 84' lang='lat' dir='ltr'>male</span> <span class='ocrx_word' id='word_1_89' title='bbox 463 1072 590 1102; x_wconf 80' lang='lat' dir='ltr'>Brutus</span> <span class='ocrx_word' id='word_1_90' title='bbox 607 1071 814 1111; x_wconf 83' lang='lat' dir='ltr'>conjiciebat</span> <span class='ocrx_word' id='word_1_91' title='bbox 836 1073 954 1102; x_wconf 79' lang='lat' dir='ltr'>accedit</span> 
     </span>
     <span class='ocr_line' id='line_1_18' title="bbox 250 1121 955 1162; baseline 0.001 -11"><span class='ocrx_word' id='word_1_92' title='bbox 250 1122 304 1152; x_wconf 86' lang='lat' dir='ltr'>vel</span> <span class='ocrx_word' id='word_1_93' title='bbox 320 1123 457 1152; x_wconf 81' lang='lat' dir='ltr'>accessit.</span> <span class='ocrx_word' id='word_1_94' title='bbox 505 1122 602 1161; x_wconf 79' lang='lat' dir='ltr'>Huic,</span> <span class='ocrx_word' id='word_1_95' title='bbox 619 1122 668 1152; x_wconf 86' lang='lat' dir='ltr'>uti</span> <span class='ocrx_word' id='word_1_96' title='bbox 687 1122 760 1162; x_wconf 89' lang='lat' dir='ltr'>jam</span> <span class='ocrx_word' id='word_1_97' title='bbox 776 1121 955 1152; x_wconf 86' lang='lat' dir='ltr'>ediderunt</span> 
     </span>
     <span class='ocr_line' id='line_1_19' title="bbox 251 1171 954 1212; baseline 0.001 -10"><span class='ocrx_word' id='word_1_98' title='bbox 251 1171 370 1211; x_wconf 79' lang='lat' dir='ltr'>Aldus,</span> <span class='ocrx_word' id='word_1_99' title='bbox 387 1173 525 1203; x_wconf 83' lang='lat' dir='ltr'>Vascos.</span> <span class='ocrx_word' id='word_1_100' title='bbox 549 1172 668 1212; x_wconf 88' lang='lat' dir='ltr'>Steph.</span> <span class='ocrx_word' id='word_1_101' title='bbox 696 1172 826 1212; x_wconf 78' lang='lat' dir='ltr'>Grypli.</span> <span class='ocrx_word' id='word_1_102' title='bbox 854 1172 954 1203; x_wconf 89' lang='lat' dir='ltr'>Plan-</span> 
     </span>
     <span class='ocr_line' id='line_1_20' title="bbox 251 1222 953 1260; baseline -0.001 -7"><span class='ocrx_word' id='word_1_103' title='bbox 251 1222 313 1253; x_wconf 76' lang='lat' dir='ltr'>tin.</span> <span class='ocrx_word' id='word_1_104' title='bbox 329 1224 394 1253; x_wconf 63' lang='grc' dir='ltr'>ἃς.</span> <span class='ocrx_word' id='word_1_105' title='bbox 414 1227 507 1253; x_wconf 80' lang='lat' dir='ltr'>recte</span> <span class='ocrx_word' id='word_1_106' title='bbox 533 1232 570 1254; x_wconf 90' lang='lat' dir='ltr'>se</span> <span class='ocrx_word' id='word_1_107' title='bbox 597 1222 715 1260; x_wconf 85' lang='lat' dir='ltr'>habet,</span> <span class='ocrx_word' id='word_1_108' title='bbox 731 1232 779 1253; x_wconf 90' lang='lat' dir='ltr'>sc.</span> <span class='ocrx_word' id='word_1_109' title='bbox 797 1223 953 1253; x_wconf 81' lang='lat' dir='ltr'>Ciceroni</span> 
     </span>
     <span class='ocr_line' id='line_1_21' title="bbox 253 1272 955 1314; baseline 0.001 -11"><span class='ocrx_word' id='word_1_110' title='bbox 253 1272 388 1312; x_wconf 76' lang='lat' dir='ltr'>accidit,</span> <span class='ocrx_word' id='word_1_111' title='bbox 413 1274 500 1314; x_wconf 93' lang='lat' dir='ltr'>quod</span> <span class='ocrx_word' id='word_1_112' title='bbox 519 1278 597 1304; x_wconf 84' lang='lat' dir='ltr'>aute</span> <span class='ocrx_word' id='word_1_113' title='bbox 615 1274 761 1312; x_wconf 80' lang='lat' dir='ltr'>Titurio,</span> <span class='ocrx_word' id='word_1_114' title='bbox 786 1278 823 1304; x_wconf 91' lang='lat' dir='ltr'>ut</span> <span class='ocrx_word' id='word_1_115' title='bbox 841 1273 955 1314; x_wconf 89' lang='lat' dir='ltr'>obpri-</span> 
     </span>
     <span class='ocr_line' id='line_1_22' title="bbox 253 1324 955 1364; baseline 0.001 -11"><span class='ocrx_word' id='word_1_116' title='bbox 253 1328 428 1354; x_wconf 86' lang='lat' dir='ltr'>merentur</span> <span class='ocrx_word' id='word_1_117' title='bbox 459 1324 655 1364; x_wconf 62' lang='lat' dir='ltr'>lignatores</span> <span class='ocrx_word' id='word_1_118' title='bbox 717 1324 804 1354; x_wconf 69' lang='lat' dir='ltr'>Hinc</span> <span class='ocrx_word' id='word_1_119' title='bbox 839 1329 891 1354; x_wconf 87' lang='lat' dir='ltr'>est</span> <span class='ocrx_word' id='word_1_120' title='bbox 923 1324 955 1354; x_wconf 93' lang='lat' dir='ltr'>in</span> 
     </span>
     <span class='ocr_line' id='line_1_23' title="bbox 254 1371 956 1404; baseline 0.003 -2"><span class='ocrx_word' id='word_1_121' title='bbox 254 1371 386 1404; x_wconf 84' lang='lat' dir='ltr'><strong>Duker.</strong></span> <span class='ocrx_word' id='word_1_122' title='bbox 431 1373 497 1403; x_wconf 74' lang='lat' dir='ltr'>Hic</span> <span class='ocrx_word' id='word_1_123' title='bbox 515 1377 628 1403; x_wconf 86' lang='lat' dir='ltr'>tamen</span> <span class='ocrx_word' id='word_1_124' title='bbox 653 1373 686 1403; x_wconf 87' lang='lat' dir='ltr'>in</span> <span class='ocrx_word' id='word_1_125' title='bbox 708 1373 850 1404; x_wconf 88' lang='lat' dir='ltr'>Schedis</span> <span class='ocrx_word' id='word_1_126' title='bbox 877 1374 956 1404; x_wconf 90' lang='lat' dir='ltr'>Pul-</span> 
     </span>
     <span class='ocr_line' id='line_1_24' title="bbox 252 1423 955 1464; baseline 0.001 -11"><span class='ocrx_word' id='word_1_127' title='bbox 252 1423 378 1462; x_wconf 86' lang='lat' dir='ltr'>manni,</span> <span class='ocrx_word' id='word_1_128' title='bbox 414 1423 504 1464; x_wconf 92' lang='lat' dir='ltr'>quod</span> <span class='ocrx_word' id='word_1_129' title='bbox 542 1433 608 1454; x_wconf 92' lang='lat' dir='ltr'>non</span> <span class='ocrx_word' id='word_1_130' title='bbox 641 1423 777 1454; x_wconf 89' lang='lat' dir='ltr'>omnino</span> <span class='ocrx_word' id='word_1_131' title='bbox 808 1423 955 1462; x_wconf 86' lang='lat' dir='ltr'>damno;</span> 
     </span>
     <span class='ocr_line' id='line_1_25' title="bbox 252 1472 956 1516; baseline 0.004 -13"><span class='ocrx_word' id='word_1_132' title='bbox 252 1481 328 1503; x_wconf 78' lang='lat' dir='ltr'>nam</span> <span class='ocrx_word' id='word_1_133' title='bbox 346 1472 395 1504; x_wconf 90' lang='lat' dir='ltr'>ita</span> <span class='ocrx_word' id='word_1_134' title='bbox 408 1473 459 1504; x_wconf 74' lang='lat' dir='ltr'>hic</span> <span class='ocrx_word' id='word_1_135' title='bbox 472 1473 557 1505; x_wconf 87' lang='lat' dir='ltr'>abiit</span> <span class='ocrx_word' id='word_1_136' title='bbox 571 1484 705 1516; x_wconf 91' lang='lat' dir='ltr'>quoque</span> <span class='ocrx_word' id='word_1_137' title='bbox 722 1474 756 1504; x_wconf 89' lang='lat' dir='ltr'>in</span> <span class='ocrx_word' id='word_1_138' title='bbox 773 1475 845 1505; x_wconf 80' lang='lat' dir='ltr'>huic</span> <span class='ocrx_word' id='word_1_139' title='bbox 858 1484 888 1505; x_wconf 90' lang='lat' dir='ltr'>c.</span> <span class='ocrx_word' id='word_1_140' title='bbox 904 1478 956 1506; x_wconf 72' lang='lat'>44.</span> 
     </span>
     <span class='ocr_line' id='line_1_26' title="bbox 253 1523 956 1557; baseline 0.004 -3"><span class='ocrx_word' id='word_1_141' title='bbox 253 1523 311 1554; x_wconf 89' lang='lat' dir='ltr'>ubi</span> <span class='ocrx_word' id='word_1_142' title='bbox 342 1524 384 1554; x_wconf 93' lang='lat' dir='ltr'>V.</span> <span class='ocrx_word' id='word_1_143' title='bbox 413 1524 536 1555; x_wconf 83' lang='lat' dir='ltr'>Varias</span> <span class='ocrx_word' id='word_1_144' title='bbox 569 1525 638 1557; x_wconf 92' lang='lat' dir='ltr'>LL.</span> <span class='ocrx_word' id='word_1_145' title='bbox 667 1530 702 1556; x_wconf 89' lang='lat' dir='ltr'>et</span> <span class='ocrx_word' id='word_1_146' title='bbox 730 1535 758 1556; x_wconf 90' lang='lat' dir='ltr'>c.</span> <span class='ocrx_word' id='word_1_147' title='bbox 783 1527 835 1556; x_wconf 77' lang='lat'>45.</span> <span class='ocrx_word' id='word_1_148' title='bbox 859 1526 868 1542; x_wconf 88' lang='lat'>‘</span> <span class='ocrx_word' id='word_1_149' title='bbox 888 1525 956 1557; x_wconf 88' lang='lat' dir='ltr'>Hic</span> 
     </span>
     <span class='ocr_line' id='line_1_27' title="bbox 254 1575 460 1615; baseline 0.005 -10"><span class='ocrx_word' id='word_1_150' title='bbox 254 1575 379 1615; x_wconf 83' lang='lat' dir='ltr'>servo,&#39;</span> <span class='ocrx_word' id='word_1_151' title='bbox 396 1577 460 1606; x_wconf 61' lang='lat' dir='ltr'>See.</span> 
     </span>
    </p>

    <p class='ocr_par' dir='ltr' id='par_1_4' title="bbox 252 1626 958 2058">
     <span class='ocr_line' id='line_1_28' title="bbox 298 1626 957 1667; baseline 0.003 -11"><span class='ocrx_word' id='word_1_152' title='bbox 298 1628 335 1656; x_wconf 83' lang='lat'>13</span> <span class='ocrx_word' id='word_1_153' title='bbox 362 1626 465 1666; x_wconf 76' lang='lat' dir='ltr'>Atque</span> <span class='ocrx_word' id='word_1_154' title='bbox 479 1626 556 1657; x_wconf 81' lang='lat' dir='ltr'>hanc</span> <span class='ocrx_word' id='word_1_155' title='bbox 570 1627 676 1667; x_wconf 83' lang='lat' dir='ltr'>adepti</span> <span class='ocrx_word' id='word_1_156' title='bbox 689 1626 865 1667; x_wconf 69' lang='lat' dir='ltr'>victoriam]</span> <span class='ocrx_word' id='word_1_157' title='bbox 887 1627 957 1658; x_wconf 87' lang='lat' dir='ltr'>Ho-</span> 
     </span>
     <span class='ocr_line' id='line_1_29' title="bbox 253 1677 955 1718; baseline 0.004 -11"><span class='ocrx_word' id='word_1_158' title='bbox 253 1682 431 1707; x_wconf 82' lang='lat' dir='ltr'>tomannus</span> <span class='ocrx_word' id='word_1_159' title='bbox 461 1677 503 1708; x_wconf 88' lang='lat' dir='ltr'>de</span> <span class='ocrx_word' id='word_1_160' title='bbox 537 1678 660 1708; x_wconf 90' lang='lat' dir='ltr'>mendo</span> <span class='ocrx_word' id='word_1_161' title='bbox 691 1678 896 1718; x_wconf 83' lang='lat' dir='ltr'>suspicatur,</span> <span class='ocrx_word' id='word_1_162' title='bbox 921 1684 955 1710; x_wconf 88' lang='lat' dir='ltr'>et</span> 
     </span>
     <span class='ocr_line' id='line_1_30' title="bbox 255 1727 958 1768; baseline 0.004 -11"><span class='ocrx_word' id='word_1_163' title='bbox 255 1728 423 1758; x_wconf 74' lang='lat' dir='ltr'>Czcsarem</span> <span class='ocrx_word' id='word_1_164' title='bbox 445 1727 620 1768; x_wconf 71' lang='lat' dir='ltr'>scripsisse</span> <span class='ocrx_word' id='word_1_165' title='bbox 643 1728 652 1744; x_wconf 86' lang='lat'>‘</span> <span class='ocrx_word' id='word_1_166' title='bbox 669 1728 731 1759; x_wconf 87' lang='lat' dir='ltr'>hac</span> <span class='ocrx_word' id='word_1_167' title='bbox 748 1728 874 1768; x_wconf 85' lang='lat' dir='ltr'>adepta</span> <span class='ocrx_word' id='word_1_168' title='bbox 890 1729 958 1760; x_wconf 83' lang='lat' dir='ltr'>vic-</span> 
     </span>
     <span class='ocr_line' id='line_1_31' title="bbox 252 1776 958 1809; baseline 0.001 -1"><span class='ocrx_word' id='word_1_169' title='bbox 252 1776 364 1809; x_wconf 62' lang='lat' dir='ltr'>toria!</span> <span class='ocrx_word' id='word_1_170' title='bbox 410 1777 550 1808; x_wconf 84' lang='lat' dir='ltr'>Mallem</span> <span class='ocrx_word' id='word_1_171' title='bbox 573 1777 733 1809; x_wconf 82' lang='lat' dir='ltr'>siluisset.</span> <span class='ocrx_word' id='word_1_172' title='bbox 778 1779 833 1809; x_wconf 87' lang='lat' dir='ltr'>Sic</span> <span class='ocrx_word' id='word_1_173' title='bbox 858 1779 958 1809; x_wconf 80' lang='lat' dir='ltr'>Taci-</span> 
     </span>
     <span class='ocr_line' id='line_1_32' title="bbox 254 1827 957 1859; baseline 0 -1"><span class='ocrx_word' id='word_1_174' title='bbox 254 1832 308 1858; x_wconf 87' lang='lat' dir='ltr'>tus</span> <span class='ocrx_word' id='word_1_175' title='bbox 333 1836 358 1858; x_wconf 91' lang='lat'>1.</span> <span class='ocrx_word' id='word_1_176' title='bbox 377 1827 557 1858; x_wconf 82' lang='lat' dir='ltr'>Annalium</span> <span class='ocrx_word' id='word_1_177' title='bbox 573 1838 580 1858; x_wconf 90' lang='lat'><strong>:</strong></span> <span class='ocrx_word' id='word_1_178' title='bbox 612 1828 622 1843; x_wconf 84' lang='lat'>‘</span> <span class='ocrx_word' id='word_1_179' title='bbox 640 1837 726 1858; x_wconf 87' lang='lat' dir='ltr'>neve</span> <span class='ocrx_word' id='word_1_180' title='bbox 742 1828 871 1859; x_wconf 88' lang='lat' dir='ltr'>occisus</span> <span class='ocrx_word' id='word_1_181' title='bbox 890 1827 957 1858; x_wconf 76' lang='lat' dir='ltr'>Au-</span> 
     </span>
     <span class='ocr_line' id='line_1_33' title="bbox 254 1876 956 1917; baseline 0 -10"><span class='ocrx_word' id='word_1_182' title='bbox 254 1877 343 1916; x_wconf 69' lang='lat' dir='ltr'>gusti</span> <span class='ocrx_word' id='word_1_183' title='bbox 359 1886 530 1917; x_wconf 77' lang='lat' dir='ltr'>pronepos</span> <span class='ocrx_word' id='word_1_184' title='bbox 546 1876 760 1907; x_wconf 83' lang='lat' dir='ltr'>nocentiores</span> <span class='ocrx_word' id='word_1_185' title='bbox 788 1886 845 1908; x_wconf 73' lang='lat' dir='ltr'>vos</span> <span class='ocrx_word' id='word_1_186' title='bbox 874 1876 956 1907; x_wconf 85' lang='lat' dir='ltr'>faci-</span> 
     </span>
     <span class='ocr_line' id='line_1_34' title="bbox 252 1925 956 1959; baseline 0.003 -2"><span class='ocrx_word' id='word_1_187' title='bbox 252 1925 309 1957; x_wconf 85' lang='lat' dir='ltr'>at.’</span> <span class='ocrx_word' id='word_1_188' title='bbox 356 1926 434 1957; x_wconf 90' lang='lat' dir='ltr'>Non</span> <span class='ocrx_word' id='word_1_189' title='bbox 451 1926 647 1958; x_wconf 87' lang='lat' dir='ltr'>occiderant</span> <span class='ocrx_word' id='word_1_190' title='bbox 668 1927 793 1958; x_wconf 87' lang='lat' dir='ltr'>milites</span> <span class='ocrx_word' id='word_1_191' title='bbox 817 1928 956 1959; x_wconf 85' lang='lat' dir='ltr'>Germa-</span> 
     </span>
     <span class='ocr_line' id='line_1_35' title="bbox 252 1974 955 2018; baseline 0.004 -11"><span class='ocrx_word' id='word_1_192' title='bbox 252 1975 320 2007; x_wconf 89' lang='lat' dir='ltr'>nici</span> <span class='ocrx_word' id='word_1_193' title='bbox 336 1974 454 2015; x_wconf 86' lang='lat' dir='ltr'>filium,</span> <span class='ocrx_word' id='word_1_194' title='bbox 477 1976 536 2008; x_wconf 76' lang='lat' dir='ltr'>sed</span> <span class='ocrx_word' id='word_1_195' title='bbox 553 1981 663 2008; x_wconf 90' lang='lat' dir='ltr'>metus</span> <span class='ocrx_word' id='word_1_196' title='bbox 689 1982 775 2018; x_wconf 83' lang='lat' dir='ltr'>erat,</span> <span class='ocrx_word' id='word_1_197' title='bbox 802 1988 844 2009; x_wconf 89' lang='lat' dir='ltr'>ne</span> <span class='ocrx_word' id='word_1_198' title='bbox 866 1977 955 2010; x_wconf 81' lang='lat' dir='ltr'>face·</span> 
     </span>
     <span class='ocr_line' id='line_1_36' title="bbox 254 2026 523 2058; baseline 0.007 -2"><span class='ocrx_word' id='word_1_199' title='bbox 254 2030 339 2058; x_wconf 87' lang='lat' dir='ltr'>rent.</span> <span class='ocrx_word' id='word_1_200' title='bbox 390 2026 523 2058; x_wconf 69' lang='lat' dir='ltr'>Vossius.</span> 
     </span>
    </p>

    <p class='ocr_par' dir='ltr' id='par_1_5' title="bbox 252 2077 959 2815">
     <span class='ocr_line' id='line_1_37' title="bbox 298 2077 955 2119; baseline 0.003 -12"><span class='ocrx_word' id='word_1_201' title='bbox 298 2085 359 2108; x_wconf 73' lang='lat' dir='ltr'>xx..</span> <span class='ocrx_word' id='word_1_202' title='bbox 388 2080 408 2108; x_wconf 75' lang='grc'>4</span> <span class='ocrx_word' id='word_1_203' title='bbox 439 2077 554 2108; x_wconf 83' lang='lat' dir='ltr'>Turres</span> <span class='ocrx_word' id='word_1_204' title='bbox 583 2078 744 2108; x_wconf 81' lang='lat' dir='ltr'>admodum</span> <span class='ocrx_word' id='word_1_205' title='bbox 770 2078 861 2119; x_wconf 80' lang='lat' dir='ltr'>cxx]</span> <span class='ocrx_word' id='word_1_206' title='bbox 897 2078 955 2110; x_wconf 89' lang='lat' dir='ltr'>Sic</span> 
     </span>
     <span class='ocr_line' id='line_1_38' title="bbox 254 2127 956 2160; baseline 0.003 -3"><span class='ocrx_word' id='word_1_207' title='bbox 254 2127 417 2158; x_wconf 75' lang='lat' dir='ltr'>exhibent</span> <span class='ocrx_word' id='word_1_208' title='bbox 441 2127 587 2159; x_wconf 88' lang='lat' dir='ltr'>Codices</span> <span class='ocrx_word' id='word_1_209' title='bbox 604 2137 704 2158; x_wconf 89' lang='lat' dir='ltr'>manu</span> <span class='ocrx_word' id='word_1_210' title='bbox 729 2129 861 2159; x_wconf 79' lang='lat' dir='ltr'>exarati</span> <span class='ocrx_word' id='word_1_211' title='bbox 879 2139 956 2160; x_wconf 85' lang='lat' dir='ltr'>cum</span> 
     </span>
     <span class='ocr_line' id='line_1_39' title="bbox 255 2178 956 2219; baseline 0.001 -11"><span class='ocrx_word' id='word_1_212' title='bbox 255 2178 402 2219; x_wconf 81' lang='lat' dir='ltr'>antiquis</span> <span class='ocrx_word' id='word_1_213' title='bbox 417 2178 587 2218; x_wconf 80' lang='lat' dir='ltr'>impressis</span> <span class='ocrx_word' id='word_1_214' title='bbox 600 2190 609 2217; x_wconf 89' lang='lat'>;</span> <span class='ocrx_word' id='word_1_215' title='bbox 634 2179 853 2210; x_wconf 83' lang='lat' dir='ltr'>Recentiores</span> <span class='ocrx_word' id='word_1_216' title='bbox 868 2180 956 2210; x_wconf 87' lang='lat' dir='ltr'>enim</span> 
     </span>
     <span class='ocr_line' id='line_1_40' title="bbox 254 2228 956 2269; baseline 0 -10"><span class='ocrx_word' id='word_1_217' title='bbox 254 2228 396 2259; x_wconf 85' lang='lat' dir='ltr'>mediam</span> <span class='ocrx_word' id='word_1_218' title='bbox 421 2239 538 2259; x_wconf 73' lang='lat' dir='ltr'>vocem</span> <span class='ocrx_word' id='word_1_219' title='bbox 565 2235 812 2269; x_wconf 68' lang='lat' dir='ltr'>expunxeraut.</span> <span class='ocrx_word' id='word_1_220' title='bbox 860 2230 956 2260; x_wconf 84' lang='lat' dir='ltr'>Frus-</span> 
     </span>
     <span class='ocr_line' id='line_1_41' title="bbox 255 2279 957 2311; baseline 0.001 -2"><span class='ocrx_word' id='word_1_221' title='bbox 255 2284 318 2311; x_wconf 77' lang='lat' dir='ltr'>tra.</span> <span class='ocrx_word' id='word_1_222' title='bbox 342 2279 477 2310; x_wconf 87' lang='lat' dir='ltr'>Curtius</span> <span class='ocrx_word' id='word_1_223' title='bbox 495 2288 545 2309; x_wconf 83' lang='grc' dir='ltr'><strong>ιν.</strong></span> <span class='ocrx_word' id='word_1_224' title='bbox 569 2282 601 2310; x_wconf 86' lang='grc'><strong>9.</strong></span> <span class='ocrx_word' id='word_1_225' title='bbox 628 2282 679 2310; x_wconf 72' lang='grc'><strong>24.</strong></span> <span class='ocrx_word' id='word_1_226' title='bbox 704 2280 820 2310; x_wconf 90' lang='lat' dir='ltr'>‘Mille</span> <span class='ocrx_word' id='word_1_227' title='bbox 846 2279 957 2310; x_wconf 88' lang='lat' dir='ltr'>admo-</span> 
     </span>
     <span class='ocr_line' id='line_1_42' title="bbox 254 2329 955 2371; baseline 0 -11"><span class='ocrx_word' id='word_1_228' title='bbox 254 2329 333 2361; x_wconf 85' lang='lat' dir='ltr'>dum</span> <span class='ocrx_word' id='word_1_229' title='bbox 358 2330 490 2371; x_wconf 85' lang='lat' dir='ltr'>equites</span> <span class='ocrx_word' id='word_1_230' title='bbox 516 2329 749 2370; x_wconf 73' lang='lat' dir='ltr'>praemiserat.&#39;</span> <span class='ocrx_word' id='word_1_231' title='bbox 797 2331 840 2361; x_wconf 78' lang='lat' dir='ltr'>Et</span> <span class='ocrx_word' id='word_1_232' title='bbox 854 2340 885 2361; x_wconf 85' lang='lat' dir='ltr'>c.</span> <span class='ocrx_word' id='word_1_233' title='bbox 905 2333 955 2360; x_wconf 62' lang='lat'>1².</span> 
     </span>
     <span class='ocr_line' id='line_1_43' title="bbox 253 2380 956 2421; baseline 0 -10"><span class='ocrx_word' id='word_1_234' title='bbox 253 2384 285 2411; x_wconf 81' lang='lat'>6.</span> <span class='ocrx_word' id='word_1_235' title='bbox 310 2381 504 2411; x_wconf 84' lang='lat' dir='ltr'>‘Bactriani</span> <span class='ocrx_word' id='word_1_236' title='bbox 530 2380 624 2411; x_wconf 81' lang='lat' dir='ltr'>ibant</span> <span class='ocrx_word' id='word_1_237' title='bbox 645 2380 777 2421; x_wconf 86' lang='lat' dir='ltr'>equites</span> <span class='ocrx_word' id='word_1_238' title='bbox 795 2381 885 2411; x_wconf 90' lang='lat' dir='ltr'>mille</span> <span class='ocrx_word' id='word_1_239' title='bbox 901 2381 956 2411; x_wconf 85' lang='lat' dir='ltr'>ad-</span> 
     </span>
     <span class='ocr_line' id='line_1_44' title="bbox 254 2431 956 2462; baseline 0 -1"><span class='ocrx_word' id='word_1_240' title='bbox 254 2431 414 2462; x_wconf 86' lang='lat' dir='ltr'>modum.’</span> <span class='ocrx_word' id='word_1_241' title='bbox 458 2431 614 2462; x_wconf 66' lang='lat' dir='ltr'>,lustinus</span> <span class='ocrx_word' id='word_1_242' title='bbox 633 2439 683 2461; x_wconf 72' lang='grc' dir='ltr'><strong>Χῖ.</strong></span> <span class='ocrx_word' id='word_1_243' title='bbox 698 2433 746 2462; x_wconf 71' lang='grc'><strong>1-1.</strong></span> <span class='ocrx_word' id='word_1_244' title='bbox 765 2434 816 2461; x_wconf 85' lang='grc'><strong>11.</strong></span> <span class='ocrx_word' id='word_1_245' title='bbox 831 2433 839 2448; x_wconf 81' lang='lat'>‘</span> <span class='ocrx_word' id='word_1_246' title='bbox 860 2431 956 2461; x_wconf 87' lang='lat' dir='ltr'>Inter</span> 
     </span>
     <span class='ocr_line' id='line_1_45' title="bbox 255 2479 957 2512; baseline 0 -1"><span class='ocrx_word' id='word_1_247' title='bbox 255 2481 327 2512; x_wconf 81' lang='lat' dir='ltr'>liaec</span> <span class='ocrx_word' id='word_1_248' title='bbox 344 2489 430 2511; x_wconf 78' lang='lat' dir='ltr'>neec</span> <span class='ocrx_word' id='word_1_249' title='bbox 445 2479 624 2510; x_wconf 85' lang='lat' dir='ltr'>admodum</span> <span class='ocrx_word' id='word_1_250' title='bbox 638 2480 752 2511; x_wconf 72' lang='lat' dir='ltr'>Graeci</span> <span class='ocrx_word' id='word_1_251' title='bbox 774 2485 957 2511; x_wconf 83' lang='lat' dir='ltr'>occurrunt</span> 
     </span>
     <span class='ocr_line' id='line_1_46' title="bbox 253 2530 959 2563; baseline 0.001 -1"><span class='ocrx_word' id='word_1_252' title='bbox 253 2530 471 2563; x_wconf 78' lang='lat' dir='ltr'>Alexandro.’</span> <span class='ocrx_word' id='word_1_253' title='bbox 518 2530 607 2560; x_wconf 80' lang='lat' dir='ltr'>Vide</span> <span class='ocrx_word' id='word_1_254' title='bbox 622 2535 657 2560; x_wconf 86' lang='lat' dir='ltr'>et</span> <span class='ocrx_word' id='word_1_255' title='bbox 673 2539 777 2561; x_wconf 76' lang='lat' dir='ltr'>xxrv.</span> <span class='ocrx_word' id='word_1_256' title='bbox 796 2534 822 2561; x_wconf 92' lang='lat' dir='ltr'>l.</span> <span class='ocrx_word' id='word_1_257' title='bbox 835 2534 865 2562; x_wconf 80' lang='lat'>0.</span> <span class='ocrx_word' id='word_1_258' title='bbox 894 2532 959 2562; x_wconf 77' lang='lat' dir='ltr'>Da-</span> 
     </span>
     <span class='ocr_line' id='line_1_47' title="bbox 252 2581 958 2621; baseline -0.003 -8"><span class='ocrx_word' id='word_1_259' title='bbox 252 2582 310 2613; x_wconf 77' lang='lat' dir='ltr'>vis.</span> <span class='ocrx_word' id='word_1_260' title='bbox 356 2581 442 2611; x_wconf 70' lang='lat' dir='ltr'>Vide</span> <span class='ocrx_word' id='word_1_261' title='bbox 473 2585 507 2610; x_wconf 89' lang='lat' dir='ltr'>et</span> <span class='ocrx_word' id='word_1_262' title='bbox 537 2581 656 2611; x_wconf 83' lang='lat' dir='ltr'>Braut.</span> <span class='ocrx_word' id='word_1_263' title='bbox 687 2585 721 2609; x_wconf 87' lang='lat' dir='ltr'>et</span> <span class='ocrx_word' id='word_1_264' title='bbox 755 2581 833 2610; x_wconf 88' lang='lat' dir='ltr'>alibi</span> <span class='ocrx_word' id='word_1_265' title='bbox 865 2591 958 2621; x_wconf 67' lang='lat' dir='ltr'>saepe</span> 
     </span>
     <span class='ocr_line' id='line_1_48' title="bbox 254 2631 958 2672; baseline -0.003 -8"><span class='ocrx_word' id='word_1_266' title='bbox 254 2633 354 2664; x_wconf 87' lang='lat' dir='ltr'>Viros</span> <span class='ocrx_word' id='word_1_267' title='bbox 380 2632 513 2662; x_wconf 84' lang='lat' dir='ltr'>doctos.</span> <span class='ocrx_word' id='word_1_268' title='bbox 561 2632 615 2662; x_wconf 86' lang='lat' dir='ltr'>De</span> <span class='ocrx_word' id='word_1_269' title='bbox 643 2631 793 2662; x_wconf 86' lang='lat' dir='ltr'>turribus</span> <span class='ocrx_word' id='word_1_270' title='bbox 821 2633 913 2672; x_wconf 78' lang='lat' dir='ltr'>ipsis,</span> <span class='ocrx_word' id='word_1_271' title='bbox 939 2643 958 2662; x_wconf 87' lang='lat' dir='ltr'>a</span> 
     </span>
     <span class='ocr_line' id='line_1_49' title="bbox 256 2681 956 2725; baseline -0.001 -10"><span class='ocrx_word' id='word_1_272' title='bbox 256 2683 377 2725; x_wconf 89' lang='lat' dir='ltr'>quibus</span> <span class='ocrx_word' id='word_1_273' title='bbox 401 2687 570 2714; x_wconf 74' lang='lat' dir='ltr'>extructa:</span> <span class='ocrx_word' id='word_1_274' title='bbox 597 2681 737 2721; x_wconf 80' lang='lat' dir='ltr'>fuerint,</span> <span class='ocrx_word' id='word_1_275' title='bbox 761 2688 796 2713; x_wconf 89' lang='lat' dir='ltr'>ct</span> <span class='ocrx_word' id='word_1_276' title='bbox 820 2693 861 2713; x_wconf 85' lang='lat' dir='ltr'>an</span> <span class='ocrx_word' id='word_1_277' title='bbox 891 2693 956 2714; x_wconf 86' lang='lat' dir='ltr'>non</span> 
     </span>
     <span class='ocr_line' id='line_1_50' title="bbox 256 2732 958 2765; baseline 0.001 -1"><span class='ocrx_word' id='word_1_278' title='bbox 256 2734 328 2765; x_wconf 80' lang='lat' dir='ltr'>haec</span> <span class='ocrx_word' id='word_1_279' title='bbox 351 2732 556 2764; x_wconf 87' lang='lat' dir='ltr'>removenda</span> <span class='ocrx_word' id='word_1_280' title='bbox 583 2733 652 2764; x_wconf 90' lang='lat' dir='ltr'>sint</span> <span class='ocrx_word' id='word_1_281' title='bbox 678 2733 722 2763; x_wconf 91' lang='lat' dir='ltr'>ad</span> <span class='ocrx_word' id='word_1_282' title='bbox 749 2742 778 2765; x_wconf 87' lang='lat' dir='ltr'>c.</span> <span class='ocrx_word' id='word_1_283' title='bbox 800 2736 853 2765; x_wconf 69' lang='lat'>42.</span> <span class='ocrx_word' id='word_1_284' title='bbox 880 2735 958 2765; x_wconf 91' lang='lat' dir='ltr'>vide</span> 
     </span>
     <span class='ocr_line' id='line_1_51' title="bbox 260 2783 576 2815; baseline 0 0"><span class='ocrx_word' id='word_1_285' title='bbox 260 2784 388 2815; x_wconf 83' lang='lat' dir='ltr'>ibidem</span> <span class='ocrx_word' id='word_1_286' title='bbox 410 2783 576 2815; x_wconf 78' lang='lat' dir='ltr'>Vossium.</span> 
     </span>
    </p>
   </div>
   <div class='ocr_carea' id='block_1_3' title="bbox 705 217 1246 248">
    <p class='ocr_par' dir='ltr' id='par_1_6' title="bbox 705 217 1246 248">
     <span class='ocr_line' id='line_1_52' title="bbox 705 217 1246 248; baseline 0.002 -1"><span class='ocrx_word' id='word_1_287' title='bbox 705 218 733 248; x_wconf 85' lang='lat' dir='ltr'>N</span> <span class='ocrx_word' id='word_1_288' title='bbox 743 217 847 248; x_wconf 73' lang='lat' dir='ltr'>01·AE</span> <span class='ocrx_word' id='word_1_289' title='bbox 887 217 1151 248; x_wconf 74' lang='lat' dir='ltr'>VARIORUM</span> <span class='ocrx_word' id='word_1_290' title='bbox 1195 217 1246 248; x_wconf 80' lang='lat' dir='ltr'>IN</span> 
     </span>
    </p>
   </div>
   <div class='ocr_carea' id='block_1_4' title="bbox 1001 311 1711 1566">
    <p class='ocr_par' dir='ltr' id='par_1_7' title="bbox 1001 311 1708 1261">
     <span class='ocr_line' id='line_1_53' title="bbox 1045 311 1703 353; baseline 0.002 -9"><span class='ocrx_word' id='word_1_291' title='bbox 1045 316 1065 344; x_wconf 83' lang='lat'><strong>9</strong></span> <span class='ocrx_word' id='word_1_292' title='bbox 1091 313 1244 353; x_wconf 76' lang='lat' dir='ltr'>Deinceps</span> <span class='ocrx_word' id='word_1_293' title='bbox 1271 312 1414 353; x_wconf 71' lang='lat' dir='ltr'>reliquis]</span> <span class='ocrx_word' id='word_1_294' title='bbox 1438 313 1524 344; x_wconf 80' lang='lat' dir='ltr'>Cum</span> <span class='ocrx_word' id='word_1_295' title='bbox 1553 312 1586 343; x_wconf 90' lang='lat' dir='ltr'>in</span> <span class='ocrx_word' id='word_1_296' title='bbox 1616 311 1703 346; x_wconf 76' lang='lat' dir='ltr'>MsS.</span> 
     </span>
     <span class='ocr_line' id='line_1_54' title="bbox 1001 363 1706 405; baseline 0.003 -11"><span class='ocrx_word' id='word_1_297' title='bbox 1001 363 1098 394; x_wconf 80' lang='lat' dir='ltr'>sedes</span> <span class='ocrx_word' id='word_1_298' title='bbox 1119 364 1209 394; x_wconf 79' lang='lat' dir='ltr'>vocis</span> <span class='ocrx_word' id='word_1_299' title='bbox 1225 365 1281 394; x_wconf 77' lang='grc' dir='ltr'>τοῦ</span> <span class='ocrx_word' id='word_1_300' title='bbox 1297 365 1438 404; x_wconf 79' lang='lat' dir='ltr'>deinceps</span> <span class='ocrx_word' id='word_1_301' title='bbox 1465 363 1513 395; x_wconf 85' lang='lat' dir='ltr'>ita</span> <span class='ocrx_word' id='word_1_302' title='bbox 1540 363 1706 405; x_wconf 83' lang='lat' dir='ltr'>varietur,</span> 
     </span>
     <span class='ocr_line' id='line_1_55' title="bbox 1002 414 1705 456; baseline 0.003 -10"><span class='ocrx_word' id='word_1_303' title='bbox 1002 416 1089 447; x_wconf 92' lang='lat' dir='ltr'>utin</span> <span class='ocrx_word' id='word_1_304' title='bbox 1117 416 1167 446; x_wconf 79' lang='lat' dir='ltr'>liis</span> <span class='ocrx_word' id='word_1_305' title='bbox 1193 416 1237 447; x_wconf 84' lang='lat' dir='ltr'>sit</span> <span class='ocrx_word' id='word_1_306' title='bbox 1263 417 1272 432; x_wconf 88' lang='lat'>‘</span> <span class='ocrx_word' id='word_1_307' title='bbox 1290 415 1427 456; x_wconf 81' lang='lat' dir='ltr'>reliquis</span> <span class='ocrx_word' id='word_1_308' title='bbox 1454 414 1647 456; x_wconf 84' lang='lat' dir='ltr'>deinceps;&#39;</span> <span class='ocrx_word' id='word_1_309' title='bbox 1670 416 1705 448; x_wconf 87' lang='lat' dir='ltr'>iu</span> 
     </span>
     <span class='ocr_line' id='line_1_56' title="bbox 1003 465 1705 508; baseline 0.004 -12"><span class='ocrx_word' id='word_1_310' title='bbox 1003 467 1068 497; x_wconf 87' lang='lat' dir='ltr'>illis</span> <span class='ocrx_word' id='word_1_311' title='bbox 1092 467 1101 483; x_wconf 77' lang='lat'><em>⁴</em></span> <span class='ocrx_word' id='word_1_312' title='bbox 1117 467 1212 508; x_wconf 84' lang='lat' dir='ltr'>reliq.</span> <span class='ocrx_word' id='word_1_313' title='bbox 1230 466 1269 498; x_wconf 80' lang='lat' dir='ltr'>fit</span> <span class='ocrx_word' id='word_1_314' title='bbox 1285 467 1448 506; x_wconf 77' lang='lat' dir='ltr'>deinceps</span> <span class='ocrx_word' id='word_1_315' title='bbox 1460 465 1481 504; x_wconf 69' lang='grc' dir='ltr'>ς’</span> <span class='ocrx_word' id='word_1_316' title='bbox 1506 466 1539 496; x_wconf 93' lang='lat' dir='ltr'>in</span> <span class='ocrx_word' id='word_1_317' title='bbox 1565 466 1651 506; x_wconf 74' lang='lat' dir='ltr'>aliis,</span> <span class='ocrx_word' id='word_1_318' title='bbox 1666 472 1705 499; x_wconf 92' lang='lat' dir='ltr'>ut</span> 
     </span>
     <span class='ocr_line' id='line_1_57' title="bbox 1004 516 1703 557; baseline 0.003 -11"><span class='ocrx_word' id='word_1_319' title='bbox 1004 517 1125 557; x_wconf 80' lang='lat' dir='ltr'>vulgo3</span> <span class='ocrx_word' id='word_1_320' title='bbox 1164 526 1203 547; x_wconf 85' lang='lat' dir='ltr'>ac</span> <span class='ocrx_word' id='word_1_321' title='bbox 1237 517 1270 548; x_wconf 93' lang='lat' dir='ltr'>in</span> <span class='ocrx_word' id='word_1_322' title='bbox 1302 517 1466 547; x_wconf 70' lang='lat' dir='ltr'>vossiano</span> <span class='ocrx_word' id='word_1_323' title='bbox 1495 516 1602 556; x_wconf 88' lang='lat' dir='ltr'>primo</span> <span class='ocrx_word' id='word_1_324' title='bbox 1637 526 1703 548; x_wconf 88' lang='lat' dir='ltr'>non</span> 
     </span>
     <span class='ocr_line' id='line_1_58' title="bbox 1003 566 1706 606; baseline 0.003 -10"><span class='ocrx_word' id='word_1_325' title='bbox 1003 572 1214 606; x_wconf 83' lang='lat' dir='ltr'>compareat,</span> <span class='ocrx_word' id='word_1_326' title='bbox 1230 567 1292 597; x_wconf 90' lang='lat' dir='ltr'>nisi</span> <span class='ocrx_word' id='word_1_327' title='bbox 1321 576 1340 597; x_wconf 89' lang='lat' dir='ltr'>a</span> <span class='ocrx_word' id='word_1_328' title='bbox 1368 566 1517 597; x_wconf 80' lang='lat' dir='ltr'>secunda</span> <span class='ocrx_word' id='word_1_329' title='bbox 1534 576 1634 598; x_wconf 89' lang='lat' dir='ltr'>manu</span> <span class='ocrx_word' id='word_1_330' title='bbox 1662 567 1706 598; x_wconf 83' lang='lat' dir='ltr'>ad</span> 
     </span>
     <span class='ocr_line' id='line_1_59' title="bbox 1003 617 1707 658; baseline 0.004 -12"><span class='ocrx_word' id='word_1_331' title='bbox 1003 617 1210 655; x_wconf 74' lang='lat' dir='ltr'>marginem3</span> <span class='ocrx_word' id='word_1_332' title='bbox 1253 617 1448 647; x_wconf 82' lang='lat' dir='ltr'>existimare</span> <span class='ocrx_word' id='word_1_333' title='bbox 1475 617 1548 658; x_wconf 87' lang='lat' dir='ltr'>quis</span> <span class='ocrx_word' id='word_1_334' title='bbox 1579 623 1707 658; x_wconf 82' lang='lat' dir='ltr'>posset,</span> 
     </span>
     <span class='ocr_line' id='line_1_60' title="bbox 1004 667 1704 706; baseline 0.003 -9"><span class='ocrx_word' id='word_1_335' title='bbox 1004 677 1080 698; x_wconf 87' lang='lat' dir='ltr'>eam</span> <span class='ocrx_word' id='word_1_336' title='bbox 1094 676 1212 697; x_wconf 88' lang='lat' dir='ltr'>vocem</span> <span class='ocrx_word' id='word_1_337' title='bbox 1229 667 1479 706; x_wconf 85' lang='lat' dir='ltr'>subposititiam</span> <span class='ocrx_word' id='word_1_338' title='bbox 1493 677 1578 699; x_wconf 83' lang='lat' dir='ltr'>esse.</span> <span class='ocrx_word' id='word_1_339' title='bbox 1618 668 1704 699; x_wconf 82' lang='lat' dir='ltr'>Mihi</span> 
     </span>
     <span class='ocr_line' id='line_1_61' title="bbox 1006 717 1705 754; baseline 0.004 -7"><span class='ocrx_word' id='word_1_340' title='bbox 1006 721 1117 748; x_wconf 88' lang='lat' dir='ltr'>tamen</span> <span class='ocrx_word' id='word_1_341' title='bbox 1145 726 1241 747; x_wconf 88' lang='lat' dir='ltr'>secus</span> <span class='ocrx_word' id='word_1_342' title='bbox 1267 717 1425 754; x_wconf 84' lang='lat' dir='ltr'>videtur;</span> <span class='ocrx_word' id='word_1_343' title='bbox 1453 722 1488 748; x_wconf 87' lang='lat' dir='ltr'>et</span> <span class='ocrx_word' id='word_1_344' title='bbox 1503 717 1546 748; x_wconf 90' lang='lat' dir='ltr'>ab</span> <span class='ocrx_word' id='word_1_345' title='bbox 1563 723 1705 750; x_wconf 86' lang='lat' dir='ltr'>auctore</span> 
     </span>
     <span class='ocr_line' id='line_1_62' title="bbox 1003 767 1707 809; baseline 0.004 -12"><span class='ocrx_word' id='word_1_346' title='bbox 1003 768 1175 809; x_wconf 84' lang='lat' dir='ltr'>‘reliquus</span> <span class='ocrx_word' id='word_1_347' title='bbox 1206 767 1378 807; x_wconf 86' lang='lat' dir='ltr'>deinceps&#39;</span> <span class='ocrx_word' id='word_1_348' title='bbox 1405 767 1593 798; x_wconf 86' lang='lat' dir='ltr'>adhibitum</span> <span class='ocrx_word' id='word_1_349' title='bbox 1616 769 1707 809; x_wconf 83' lang='lat' dir='ltr'>pleo-</span> 
     </span>
     <span class='ocr_line' id='line_1_63' title="bbox 1005 818 1707 859; baseline 0.003 -11"><span class='ocrx_word' id='word_1_350' title='bbox 1005 819 1147 857; x_wconf 84' lang='lat' dir='ltr'>uastice‚</span> <span class='ocrx_word' id='word_1_351' title='bbox 1165 819 1321 849; x_wconf 85' lang='lat' dir='ltr'>utsolent</span> <span class='ocrx_word' id='word_1_352' title='bbox 1338 818 1395 848; x_wconf 90' lang='lat' dir='ltr'>illa</span> <span class='ocrx_word' id='word_1_353' title='bbox 1409 819 1418 835; x_wconf 89' lang='lat'>‘</span> <span class='ocrx_word' id='word_1_354' title='bbox 1433 827 1548 849; x_wconf 84' lang='lat' dir='ltr'>rursus</span> <span class='ocrx_word' id='word_1_355' title='bbox 1558 819 1707 859; x_wconf 87' lang='lat' dir='ltr'>reverti,’</span> 
     </span>
     <span class='ocr_line' id='line_1_64' title="bbox 1006 867 1706 910; baseline 0.001 -11"><span class='ocrx_word' id='word_1_356' title='bbox 1006 874 1040 899; x_wconf 88' lang='lat' dir='ltr'>et</span> <span class='ocrx_word' id='word_1_357' title='bbox 1069 869 1190 900; x_wconf 90' lang='lat' dir='ltr'>similia</span> <span class='ocrx_word' id='word_1_358' title='bbox 1215 869 1418 899; x_wconf 78' lang='lat' dir='ltr'>sexcenties.</span> <span class='ocrx_word' id='word_1_359' title='bbox 1465 869 1523 908; x_wconf 82' lang='lat' dir='ltr'>Et,</span> <span class='ocrx_word' id='word_1_360' title='bbox 1539 869 1573 900; x_wconf 90' lang='lat' dir='ltr'>ni</span> <span class='ocrx_word' id='word_1_361' title='bbox 1595 867 1706 910; x_wconf 83' lang='lat' dir='ltr'>fallor,</span> 
     </span>
     <span class='ocr_line' id='line_1_65' title="bbox 1005 919 1707 961; baseline 0.004 -12"><span class='ocrx_word' id='word_1_362' title='bbox 1005 919 1085 950; x_wconf 86' lang='lat' dir='ltr'>alibi</span> <span class='ocrx_word' id='word_1_363' title='bbox 1102 929 1233 961; x_wconf 82' lang='lat' dir='ltr'>quoque</span> <span class='ocrx_word' id='word_1_364' title='bbox 1252 919 1300 949; x_wconf 80' lang='lat' dir='ltr'>sic</span> <span class='ocrx_word' id='word_1_365' title='bbox 1317 919 1450 950; x_wconf 89' lang='lat' dir='ltr'>locutus</span> <span class='ocrx_word' id='word_1_366' title='bbox 1478 924 1548 950; x_wconf 90' lang='lat' dir='ltr'>est:</span> <span class='ocrx_word' id='word_1_367' title='bbox 1573 919 1707 952; x_wconf 82' lang='lat' dir='ltr'>‘rursus</span> 
     </span>
     <span class='ocr_line' id='line_1_66' title="bbox 1006 970 1708 1002; baseline 0.003 -2"><span class='ocrx_word' id='word_1_368' title='bbox 1006 970 1154 1001; x_wconf 76' lang='lat' dir='ltr'>reduxit’</span> <span class='ocrx_word' id='word_1_369' title='bbox 1190 979 1240 1002; x_wconf 68' lang='lat' dir='ltr'>Vl.</span> <span class='ocrx_word' id='word_1_370' title='bbox 1270 972 1300 1002; x_wconf 82' lang='lat'>3.</span> <span class='ocrx_word' id='word_1_371' title='bbox 1343 970 1400 1001; x_wconf 91' lang='lat' dir='ltr'>Sic</span> <span class='ocrx_word' id='word_1_372' title='bbox 1445 970 1590 1002; x_wconf 85' lang='lat' dir='ltr'>‘deinde</span> <span class='ocrx_word' id='word_1_373' title='bbox 1617 971 1708 1002; x_wconf 86' lang='lat' dir='ltr'>dein-</span> 
     </span>
     <span class='ocr_line' id='line_1_67' title="bbox 1007 1020 1706 1062; baseline 0.003 -11"><span class='ocrx_word' id='word_1_374' title='bbox 1007 1023 1109 1060; x_wconf 72' lang='lat' dir='ltr'>cep5‚’</span> <span class='ocrx_word' id='word_1_375' title='bbox 1146 1022 1155 1037; x_wconf 78' lang='lat'><em>⁴</em></span> <span class='ocrx_word' id='word_1_376' title='bbox 1174 1025 1293 1060; x_wconf 87' lang='lat' dir='ltr'>postca</span> <span class='ocrx_word' id='word_1_377' title='bbox 1312 1020 1503 1061; x_wconf 84' lang='lat' dir='ltr'>deinceps;&#39;</span> <span class='ocrx_word' id='word_1_378' title='bbox 1525 1021 1567 1052; x_wconf 88' lang='lat' dir='ltr'>dc</span> <span class='ocrx_word' id='word_1_379' title='bbox 1584 1021 1706 1062; x_wconf 76' lang='lat' dir='ltr'>quibus</span> 
     </span>
     <span class='ocr_line' id='line_1_68' title="bbox 1007 1070 1708 1103; baseline 0.003 -2"><span class='ocrx_word' id='word_1_380' title='bbox 1007 1071 1146 1101; x_wconf 91' lang='lat' dir='ltr'>consule</span> <span class='ocrx_word' id='word_1_381' title='bbox 1162 1071 1262 1101; x_wconf 77' lang='lat' dir='ltr'>Viros</span> <span class='ocrx_word' id='word_1_382' title='bbox 1281 1070 1399 1102; x_wconf 76' lang='lat' dir='ltr'>doctos</span> <span class='ocrx_word' id='word_1_383' title='bbox 1426 1071 1469 1101; x_wconf 80' lang='lat' dir='ltr'>ad</span> <span class='ocrx_word' id='word_1_384' title='bbox 1495 1071 1566 1102; x_wconf 91' lang='lat' dir='ltr'>Liv.</span> <span class='ocrx_word' id='word_1_385' title='bbox 1591 1079 1630 1102; x_wconf 90' lang='lat'>11.</span> <span class='ocrx_word' id='word_1_386' title='bbox 1655 1074 1708 1103; x_wconf 74' lang='lat'>47.</span> 
     </span>
     <span class='ocr_line' id='line_1_69' title="bbox 1006 1120 1707 1154; baseline 0.004 -3"><span class='ocrx_word' id='word_1_387' title='bbox 1006 1121 1106 1151; x_wconf 88' lang='lat' dir='ltr'>‘mox</span> <span class='ocrx_word' id='word_1_388' title='bbox 1132 1120 1266 1152; x_wconf 88' lang='lat' dir='ltr'>deiude’</span> <span class='ocrx_word' id='word_1_389' title='bbox 1297 1121 1400 1153; x_wconf 84' lang='lat' dir='ltr'>Ovid.</span> <span class='ocrx_word' id='word_1_390' title='bbox 1434 1122 1521 1153; x_wconf 78' lang='lat' dir='ltr'>Met.</span> <span class='ocrx_word' id='word_1_391' title='bbox 1551 1130 1601 1153; x_wconf 81' lang='lat' dir='ltr'>lx.</span> <span class='ocrx_word' id='word_1_392' title='bbox 1634 1125 1707 1154; x_wconf 74' lang='lat'>143.</span> 
     </span>
     <span class='ocr_line' id='line_1_70' title="bbox 1006 1170 1708 1211; baseline 0.003 -10"><span class='ocrx_word' id='word_1_393' title='bbox 1006 1170 1101 1202; x_wconf 83' lang='lat' dir='ltr'>Infra</span> <span class='ocrx_word' id='word_1_394' title='bbox 1136 1171 1263 1211; x_wconf 76' lang='lat' dir='ltr'>‘vulgo</span> <span class='ocrx_word' id='word_1_395' title='bbox 1298 1171 1470 1211; x_wconf 84' lang='lat' dir='ltr'>universi,&#39;</span> <span class='ocrx_word' id='word_1_396' title='bbox 1511 1174 1575 1203; x_wconf 63' lang='grc' dir='ltr'>ἃς.</span> <span class='ocrx_word' id='word_1_397' title='bbox 1621 1172 1708 1203; x_wconf 88' lang='lat' dir='ltr'>Vide</span> 
     </span>
     <span class='ocr_line' id='line_1_71' title="bbox 1008 1221 1397 1261; baseline 0.005 -11"><span class='ocrx_word' id='word_1_398' title='bbox 1008 1221 1106 1261; x_wconf 85' lang='lat' dir='ltr'>plura</span> <span class='ocrx_word' id='word_1_399' title='bbox 1122 1221 1160 1251; x_wconf 85' lang='lat' dir='ltr'>B.</span> <span class='ocrx_word' id='word_1_400' title='bbox 1178 1221 1251 1252; x_wconf 58' lang='grc' dir='ltr'><strong>(ξίν.</strong></span> <span class='ocrx_word' id='word_1_401' title='bbox 1270 1230 1324 1252; x_wconf 82' lang='lat'>111.</span> <span class='ocrx_word' id='word_1_402' title='bbox 1344 1224 1397 1252; x_wconf 83' lang='grc'><strong>61.</strong></span> 
     </span>
    </p>

    <p class='ocr_par' dir='ltr' id='par_1_8' title="bbox 1007 1271 1711 1503">
     <span class='ocr_line' id='line_1_72' title="bbox 1052 1271 1709 1311; baseline 0.005 -10"><span class='ocrx_word' id='word_1_403' title='bbox 1052 1274 1091 1301; x_wconf 88' lang='grc'>10</span> <span class='ocrx_word' id='word_1_404' title='bbox 1122 1272 1174 1302; x_wconf 78' lang='grc' dir='ltr'>Λα</span> <span class='ocrx_word' id='word_1_405' title='bbox 1201 1271 1349 1311; x_wconf 80' lang='lat' dir='ltr'>laborem]</span> <span class='ocrx_word' id='word_1_406' title='bbox 1380 1272 1539 1303; x_wconf 80' lang='lat' dir='ltr'>Brantius</span> <span class='ocrx_word' id='word_1_407' title='bbox 1570 1281 1611 1304; x_wconf 85' lang='lat' dir='ltr'>ex</span> <span class='ocrx_word' id='word_1_408' title='bbox 1642 1283 1709 1304; x_wconf 88' lang='lat' dir='ltr'>uuo</span> 
     </span>
     <span class='ocr_line' id='line_1_73' title="bbox 1007 1322 1710 1355; baseline 0.003 -3"><span class='ocrx_word' id='word_1_409' title='bbox 1007 1322 1126 1353; x_wconf 88' lang='lat' dir='ltr'>codice</span> <span class='ocrx_word' id='word_1_410' title='bbox 1153 1323 1282 1353; x_wconf 88' lang='lat' dir='ltr'>mavult</span> <span class='ocrx_word' id='word_1_411' title='bbox 1305 1334 1322 1352; x_wconf 81' lang='lat' dir='ltr'>u</span> <span class='ocrx_word' id='word_1_412' title='bbox 1339 1322 1459 1353; x_wconf 78' lang='lat' dir='ltr'>labore:</span> <span class='ocrx_word' id='word_1_413' title='bbox 1490 1322 1567 1353; x_wconf 83' lang='lat' dir='ltr'>vide</span> <span class='ocrx_word' id='word_1_414' title='bbox 1589 1328 1710 1355; x_wconf 82' lang='lat' dir='ltr'>notata</span> 
     </span>
     <span class='ocr_line' id='line_1_74' title="bbox 1008 1373 1709 1414; baseline 0.004 -12"><span class='ocrx_word' id='word_1_415' title='bbox 1008 1373 1050 1402; x_wconf 87' lang='lat' dir='ltr'>ad</span> <span class='ocrx_word' id='word_1_416' title='bbox 1068 1382 1096 1403; x_wconf 95' lang='lat' dir='ltr'>c.</span> <span class='ocrx_word' id='word_1_417' title='bbox 1114 1376 1166 1404; x_wconf 93' lang='lat' dir='ltr'>ll.</span> <span class='ocrx_word' id='word_1_418' title='bbox 1195 1375 1255 1403; x_wconf 87' lang='lat' dir='ltr'>‘ne</span> <span class='ocrx_word' id='word_1_419' title='bbox 1273 1374 1448 1404; x_wconf 87' lang='lat' dir='ltr'>nocturnis</span> <span class='ocrx_word' id='word_1_420' title='bbox 1473 1374 1607 1414; x_wconf 88' lang='lat' dir='ltr'>quidem</span> <span class='ocrx_word' id='word_1_421' title='bbox 1626 1378 1709 1405; x_wconf 88' lang='lat' dir='ltr'>tem-</span> 
     </span>
     <span class='ocr_line' id='line_1_75' title="bbox 1007 1422 1711 1463; baseline 0.003 -10"><span class='ocrx_word' id='word_1_422' title='bbox 1007 1423 1146 1463; x_wconf 83' lang='lat' dir='ltr'>poribus</span> <span class='ocrx_word' id='word_1_423' title='bbox 1163 1423 1205 1454; x_wconf 88' lang='lat' dir='ltr'>ad</span> <span class='ocrx_word' id='word_1_424' title='bbox 1222 1422 1371 1454; x_wconf 87' lang='lat' dir='ltr'>laborem</span> <span class='ocrx_word' id='word_1_425' title='bbox 1385 1423 1529 1455; x_wconf 87' lang='lat' dir='ltr'>militum</span> <span class='ocrx_word' id='word_1_426' title='bbox 1544 1423 1711 1456; x_wconf 86' lang='lat' dir='ltr'>intermis-</span> 
     </span>
     <span class='ocr_line' id='line_1_76' title="bbox 1007 1473 1078 1503; baseline 0 0"><span class='ocrx_word' id='word_1_427' title='bbox 1007 1473 1078 1503; x_wconf 88' lang='lat' dir='ltr'>sis.’</span> 
     </span>
    </p>

    <p class='ocr_par' dir='ltr' id='par_1_9' title="bbox 1052 1524 1710 1566">
     <span class='ocr_line' id='line_1_77' title="bbox 1052 1524 1710 1566; baseline 0.002 -11"><span class='ocrx_word' id='word_1_428' title='bbox 1052 1527 1088 1555; x_wconf 92' lang='lat' dir='ltr'>ll</span> <span class='ocrx_word' id='word_1_429' title='bbox 1116 1525 1169 1556; x_wconf 72' lang='lat' dir='ltr'>Ad</span> <span class='ocrx_word' id='word_1_430' title='bbox 1186 1525 1324 1566; x_wconf 62' lang='lat' dir='ltr'>proximi</span> <span class='ocrx_word' id='word_1_431' title='bbox 1348 1526 1411 1557; x_wconf 66' lang='lat' dir='ltr'>diez·</span> <span class='ocrx_word' id='word_1_432' title='bbox 1437 1524 1710 1566; x_wconf 74' lang='lat' dir='ltr'>oppugmriionem]</span> 
     </span>
    </p>
   </div>
   <div class='ocr_carea' id='block_1_5' title="bbox 1007 1575 1755 1616">
    <p class='ocr_par' dir='ltr' id='par_1_10' title="bbox 1007 1575 1755 1616">
     <span class='ocr_line' id='line_1_78' title="bbox 1007 1575 1755 1616; baseline 0 -10"><span class='ocrx_word' id='word_1_433' title='bbox 1007 1575 1157 1616; x_wconf 86' lang='lat' dir='ltr'>Propter</span> <span class='ocrx_word' id='word_1_434' title='bbox 1173 1576 1471 1616; x_wconf 83' lang='lat' dir='ltr'>oppugnationem.</span> <span class='ocrx_word' id='word_1_435' title='bbox 1505 1576 1620 1607; x_wconf 87' lang='lat' dir='ltr'>Livius</span> <span class='ocrx_word' id='word_1_436' title='bbox 1635 1585 1659 1607; x_wconf 89' lang='lat'>1.</span> <span class='ocrx_word' id='word_1_437' title='bbox 1677 1579 1709 1606; x_wconf 87' lang='grc'><strong>7.</strong></span> <span class='ocrx_word' id='word_1_438' title='bbox 1752 1614 1755 1615; x_wconf 19' lang='lat'><em>⁷</em></span> 
     </span>
    </p>
   </div>
   <div class='ocr_carea' id='block_1_6' title="bbox 1004 1626 1714 2825">
    <p class='ocr_par' dir='ltr' id='par_1_11' title="bbox 1004 1626 1714 2715">
     <span class='ocr_line' id='line_1_79' title="bbox 1011 1626 1710 1667; baseline -0.001 -10"><span class='ocrx_word' id='word_1_439' title='bbox 1011 1626 1020 1641; x_wconf 94' lang='lat'>‘</span> <span class='ocrx_word' id='word_1_440' title='bbox 1035 1626 1147 1658; x_wconf 86' lang='lat' dir='ltr'>Quum</span> <span class='ocrx_word' id='word_1_441' title='bbox 1173 1632 1259 1657; x_wconf 74' lang='lat' dir='ltr'>actae</span> <span class='ocrx_word' id='word_1_442' title='bbox 1284 1626 1386 1657; x_wconf 87' lang='lat' dir='ltr'>boves</span> <span class='ocrx_word' id='word_1_443' title='bbox 1403 1626 1558 1667; x_wconf 81' lang='lat' dir='ltr'>quaedam</span> <span class='ocrx_word' id='word_1_444' title='bbox 1574 1628 1615 1658; x_wconf 77' lang='lat' dir='ltr'>ad</span> <span class='ocrx_word' id='word_1_445' title='bbox 1629 1626 1710 1657; x_wconf 85' lang='lat' dir='ltr'>desi-</span> 
     </span>
     <span class='ocr_line' id='line_1_80' title="bbox 1008 1676 1713 1718; baseline 0.003 -12"><span class='ocrx_word' id='word_1_446' title='bbox 1008 1677 1141 1715; x_wconf 77' lang='lat' dir='ltr'>derium,</span> <span class='ocrx_word' id='word_1_447' title='bbox 1158 1682 1195 1707; x_wconf 88' lang='lat' dir='ltr'>ut</span> <span class='ocrx_word' id='word_1_448' title='bbox 1209 1676 1260 1715; x_wconf 81' lang='lat' dir='ltr'>fit,</span> <span class='ocrx_word' id='word_1_449' title='bbox 1279 1677 1475 1708; x_wconf 84' lang='lat' dir='ltr'>relictarum</span> <span class='ocrx_word' id='word_1_450' title='bbox 1500 1676 1713 1718; x_wconf 65' lang='lat' dir='ltr'>mugissent!</span> 
     </span>
     <span class='ocr_line' id='line_1_81' title="bbox 1009 1727 1711 1770; baseline 0.001 -12"><span class='ocrx_word' id='word_1_451' title='bbox 1009 1727 1107 1758; x_wconf 86' lang='lat' dir='ltr'>Licet</span> <span class='ocrx_word' id='word_1_452' title='bbox 1123 1728 1227 1767; x_wconf 79' lang='lat' dir='ltr'>igitur</span> <span class='ocrx_word' id='word_1_453' title='bbox 1243 1727 1296 1759; x_wconf 86' lang='lat' dir='ltr'>hic</span> <span class='ocrx_word' id='word_1_454' title='bbox 1313 1727 1355 1758; x_wconf 89' lang='lat' dir='ltr'>de</span> <span class='ocrx_word' id='word_1_455' title='bbox 1372 1727 1532 1759; x_wconf 83' lang='lat' dir='ltr'>Romanis</span> <span class='ocrx_word' id='word_1_456' title='bbox 1552 1728 1711 1770; x_wconf 84' lang='lat' dir='ltr'>loquatur</span> 
     </span>
     <span class='ocr_line' id='line_1_82' title="bbox 1009 1778 1710 1817; baseline 0.001 -8"><span class='ocrx_word' id='word_1_457' title='bbox 1009 1778 1136 1816; x_wconf 66' lang='lat' dir='ltr'>caesar,</span> <span class='ocrx_word' id='word_1_458' title='bbox 1152 1787 1217 1808; x_wconf 89' lang='lat' dir='ltr'>non</span> <span class='ocrx_word' id='word_1_459' title='bbox 1234 1788 1375 1810; x_wconf 84' lang='lat' dir='ltr'>neccsse</span> <span class='ocrx_word' id='word_1_460' title='bbox 1391 1783 1456 1817; x_wconf 85' lang='lat' dir='ltr'>est,</span> <span class='ocrx_word' id='word_1_461' title='bbox 1482 1784 1521 1810; x_wconf 92' lang='lat' dir='ltr'>ut</span> <span class='ocrx_word' id='word_1_462' title='bbox 1547 1788 1624 1810; x_wconf 88' lang='lat' dir='ltr'>cum</span> <span class='ocrx_word' id='word_1_463' title='bbox 1653 1779 1710 1811; x_wconf 86' lang='lat' dir='ltr'>Fr.</span> 
     </span>
     <span class='ocr_line' id='line_1_83' title="bbox 1008 1827 1714 1869; baseline 0.003 -11"><span class='ocrx_word' id='word_1_464' title='bbox 1008 1827 1226 1858; x_wconf 80' lang='lat' dir='ltr'>Hotomanno</span> <span class='ocrx_word' id='word_1_465' title='bbox 1253 1829 1538 1868; x_wconf 74' lang='lat' dir='ltr'>propugnationem</span> <span class='ocrx_word' id='word_1_466' title='bbox 1572 1839 1714 1869; x_wconf 89' lang='lat' dir='ltr'>repona-</span> 
     </span>
     <span class='ocr_line' id='line_1_84' title="bbox 1009 1878 1711 1920; baseline 0.004 -13"><span class='ocrx_word' id='word_1_467' title='bbox 1009 1887 1093 1908; x_wconf 86' lang='lat' dir='ltr'>mus.</span> <span class='ocrx_word' id='word_1_468' title='bbox 1124 1878 1235 1908; x_wconf 67' lang='lat' dir='ltr'>Dacis.</span> <span class='ocrx_word' id='word_1_469' title='bbox 1284 1878 1415 1918; x_wconf 91' lang='lat' dir='ltr'>Lipsius</span> <span class='ocrx_word' id='word_1_470' title='bbox 1439 1879 1540 1910; x_wconf 80' lang='lat' dir='ltr'>etiam</span> <span class='ocrx_word' id='word_1_471' title='bbox 1567 1880 1711 1920; x_wconf 80' lang='lat' dir='ltr'>margini</span> 
     </span>
     <span class='ocr_line' id='line_1_85' title="bbox 1008 1927 1711 1970; baseline 0.004 -12"><span class='ocrx_word' id='word_1_472' title='bbox 1008 1927 1238 1968; x_wconf 85' lang='lat' dir='ltr'>adscripserat</span> <span class='ocrx_word' id='word_1_473' title='bbox 1266 1939 1333 1969; x_wconf 82' lang='lat' dir='ltr'>pro.</span> <span class='ocrx_word' id='word_1_474' title='bbox 1393 1929 1432 1960; x_wconf 92' lang='lat' dir='ltr'>In</span> <span class='ocrx_word' id='word_1_475' title='bbox 1467 1930 1565 1961; x_wconf 88' lang='lat' dir='ltr'>Voss.</span> <span class='ocrx_word' id='word_1_476' title='bbox 1603 1930 1711 1970; x_wconf 87' lang='lat' dir='ltr'>primo</span> 
     </span>
     <span class='ocr_line' id='line_1_86' title="bbox 1007 1978 1711 2020; baseline 0.004 -12"><span class='ocrx_word' id='word_1_477' title='bbox 1007 1978 1165 2009; x_wconf 80' lang='lat' dir='ltr'>scribitur</span> <span class='ocrx_word' id='word_1_478' title='bbox 1188 1980 1227 2009; x_wconf 81' lang='lat' dir='ltr'>ud</span> <span class='ocrx_word' id='word_1_479' title='bbox 1249 1989 1296 2018; x_wconf 83' lang='lat' dir='ltr'>pr.</span> <span class='ocrx_word' id='word_1_480' title='bbox 1313 1979 1363 2010; x_wconf 81' lang='lat' dir='ltr'>die</span> <span class='ocrx_word' id='word_1_481' title='bbox 1378 1984 1564 2020; x_wconf 71' lang='lat' dir='ltr'>oppossunt‚·</span> <span class='ocrx_word' id='word_1_482' title='bbox 1587 1980 1621 2010; x_wconf 91' lang='lat' dir='ltr'>iu</span> <span class='ocrx_word' id='word_1_483' title='bbox 1644 1981 1711 2020; x_wconf 85' lang='lat' dir='ltr'>Eg-</span> 
     </span>
     <span class='ocr_line' id='line_1_87' title="bbox 1008 2029 1710 2070; baseline 0.004 -11"><span class='ocrx_word' id='word_1_484' title='bbox 1008 2029 1123 2060; x_wconf 87' lang='lat' dir='ltr'>muud.</span> <span class='ocrx_word' id='word_1_485' title='bbox 1148 2033 1321 2070; x_wconf 79' lang='lat' dir='ltr'>appossent.</span> <span class='ocrx_word' id='word_1_486' title='bbox 1367 2030 1408 2061; x_wconf 87' lang='lat' dir='ltr'>lu</span> <span class='ocrx_word' id='word_1_487' title='bbox 1432 2031 1526 2062; x_wconf 64' lang='lat' dir='ltr'>Voss.</span> <span class='ocrx_word' id='word_1_488' title='bbox 1544 2039 1623 2061; x_wconf 90' lang='lat' dir='ltr'>vero</span> <span class='ocrx_word' id='word_1_489' title='bbox 1641 2039 1710 2062; x_wconf 86' lang='lat' dir='ltr'>sec.</span> 
     </span>
     <span class='ocr_line' id='line_1_88' title="bbox 1009 2079 1713 2121; baseline 0 -10"><span class='ocrx_word' id='word_1_490' title='bbox 1009 2080 1170 2119; x_wconf 88' lang='lat' dir='ltr'>Gottorp.</span> <span class='ocrx_word' id='word_1_491' title='bbox 1187 2085 1223 2110; x_wconf 84' lang='lat' dir='ltr'>et</span> <span class='ocrx_word' id='word_1_492' title='bbox 1239 2079 1300 2111; x_wconf 86' lang='lat' dir='ltr'>Ed.</span> <span class='ocrx_word' id='word_1_493' title='bbox 1318 2080 1391 2111; x_wconf 89' lang='lat' dir='ltr'>Ine.</span> <span class='ocrx_word' id='word_1_494' title='bbox 1409 2090 1469 2121; x_wconf 84' lang='lat' dir='ltr'>pro</span> <span class='ocrx_word' id='word_1_495' title='bbox 1481 2089 1555 2120; x_wconf 78' lang='lat' dir='ltr'>opus</span> <span class='ocrx_word' id='word_1_496' title='bbox 1570 2083 1641 2111; x_wconf 81' lang='lat' dir='ltr'>sunt</span> <span class='ocrx_word' id='word_1_497' title='bbox 1658 2085 1713 2111; x_wconf 89' lang='lat' dir='ltr'>est</span> 
     </span>
     <span class='ocr_line' id='line_1_89' title="bbox 1004 2130 1710 2172; baseline 0.003 -13"><span class='ocrx_word' id='word_1_498' title='bbox 1004 2134 1146 2170; x_wconf 82' lang='lat' dir='ltr'>possunt:</span> <span class='ocrx_word' id='word_1_499' title='bbox 1170 2130 1266 2170; x_wconf 86' lang='lat' dir='ltr'>cujus</span> <span class='ocrx_word' id='word_1_500' title='bbox 1295 2131 1525 2172; x_wconf 87' lang='lat' dir='ltr'>corruptionis</span> <span class='ocrx_word' id='word_1_501' title='bbox 1556 2139 1710 2162; x_wconf 82' lang='lat' dir='ltr'>caussam</span> 
     </span>
     <span class='ocr_line' id='line_1_90' title="bbox 1008 2180 1712 2222; baseline 0.004 -13"><span class='ocrx_word' id='word_1_502' title='bbox 1008 2180 1161 2210; x_wconf 72' lang='lat' dir='ltr'>videmus</span> <span class='ocrx_word' id='word_1_503' title='bbox 1186 2180 1219 2210; x_wconf 93' lang='lat' dir='ltr'>in</span> <span class='ocrx_word' id='word_1_504' title='bbox 1241 2181 1337 2212; x_wconf 78' lang='lat' dir='ltr'>Voss.</span> <span class='ocrx_word' id='word_1_505' title='bbox 1365 2186 1401 2212; x_wconf 89' lang='lat' dir='ltr'>et</span> <span class='ocrx_word' id='word_1_506' title='bbox 1417 2181 1513 2222; x_wconf 83' lang='lat' dir='ltr'>Egm.</span> <span class='ocrx_word' id='word_1_507' title='bbox 1560 2181 1592 2212; x_wconf 89' lang='lat' dir='ltr'>in</span> <span class='ocrx_word' id='word_1_508' title='bbox 1623 2180 1712 2213; x_wconf 86' lang='lat' dir='ltr'>Edd.</span> 
     </span>
     <span class='ocr_line' id='line_1_91' title="bbox 1009 2229 1711 2262; baseline 0.003 -2"><span class='ocrx_word' id='word_1_509' title='bbox 1009 2230 1106 2261; x_wconf 86' lang='lat' dir='ltr'>Rom.</span> <span class='ocrx_word' id='word_1_510' title='bbox 1125 2229 1221 2260; x_wconf 86' lang='lat' dir='ltr'>Med.</span> <span class='ocrx_word' id='word_1_511' title='bbox 1238 2230 1373 2262; x_wconf 79' lang='lat' dir='ltr'>Veneta</span> <span class='ocrx_word' id='word_1_512' title='bbox 1393 2231 1466 2261; x_wconf 65' lang='lat' dir='ltr'>haee</span> <span class='ocrx_word' id='word_1_513' title='bbox 1479 2231 1612 2262; x_wconf 87' lang='lat' dir='ltr'>desunt.</span> <span class='ocrx_word' id='word_1_514' title='bbox 1657 2231 1711 2262; x_wconf 73' lang='lat' dir='ltr'>Aa</span> 
     </span>
     <span class='ocr_line' id='line_1_92' title="bbox 1009 2279 1709 2322; baseline 0.003 -12"><span class='ocrx_word' id='word_1_515' title='bbox 1009 2285 1122 2311; x_wconf 82' lang='lat' dir='ltr'>autem</span> <span class='ocrx_word' id='word_1_516' title='bbox 1151 2280 1237 2310; x_wconf 90' lang='lat' dir='ltr'>bcue</span> <span class='ocrx_word' id='word_1_517' title='bbox 1265 2279 1422 2311; x_wconf 85' lang='lat' dir='ltr'>defendit</span> <span class='ocrx_word' id='word_1_518' title='bbox 1454 2281 1624 2321; x_wconf 85' lang='lat' dir='ltr'>Davisius,</span> <span class='ocrx_word' id='word_1_519' title='bbox 1646 2290 1709 2322; x_wconf 89' lang='lat' dir='ltr'>pro</span> 
     </span>
     <span class='ocr_line' id='line_1_93' title="bbox 1006 2332 1710 2372; baseline 0.004 -13"><span class='ocrx_word' id='word_1_520' title='bbox 1006 2334 1133 2370; x_wconf 80' lang='lat' dir='ltr'>propter</span> <span class='ocrx_word' id='word_1_521' title='bbox 1149 2336 1293 2361; x_wconf 79' lang='lat' dir='ltr'>sumtum</span> <span class='ocrx_word' id='word_1_522' title='bbox 1308 2342 1315 2361; x_wconf 91' lang='lat'>:</span> <span class='ocrx_word' id='word_1_523' title='bbox 1342 2336 1444 2372; x_wconf 89' lang='lat' dir='ltr'>atque</span> <span class='ocrx_word' id='word_1_524' title='bbox 1461 2332 1509 2363; x_wconf 81' lang='lat' dir='ltr'>ita</span> <span class='ocrx_word' id='word_1_525' title='bbox 1521 2333 1636 2364; x_wconf 82' lang='lat' dir='ltr'>Caesar</span> <span class='ocrx_word' id='word_1_526' title='bbox 1649 2341 1710 2362; x_wconf 82' lang='lat' dir='ltr'>sae-</span> 
     </span>
     <span class='ocr_line' id='line_1_94' title="bbox 1010 2381 1710 2421; baseline 0.001 -10"><span class='ocrx_word' id='word_1_527' title='bbox 1010 2381 1158 2421; x_wconf 74' lang='lat' dir='ltr'>pissime.</span> <span class='ocrx_word' id='word_1_528' title='bbox 1203 2381 1291 2412; x_wconf 89' lang='lat' dir='ltr'>Vide</span> <span class='ocrx_word' id='word_1_529' title='bbox 1308 2383 1347 2413; x_wconf 81' lang='lat' dir='ltr'>B.</span> <span class='ocrx_word' id='word_1_530' title='bbox 1369 2383 1441 2414; x_wconf 88' lang='lat' dir='ltr'>Civ.</span> <span class='ocrx_word' id='word_1_531' title='bbox 1461 2392 1502 2414; x_wconf 86' lang='grc' dir='ltr'>ιι.</span> <span class='ocrx_word' id='word_1_532' title='bbox 1518 2386 1571 2414; x_wconf 80' lang='lat'>32.</span> <span class='ocrx_word' id='word_1_533' title='bbox 1588 2385 1710 2413; x_wconf 85' lang='grc'><strong>111.11.</strong></span> 
     </span>
     <span class='ocr_line' id='line_1_95' title="bbox 1009 2431 1710 2472; baseline 0.003 -11"><span class='ocrx_word' id='word_1_534' title='bbox 1009 2432 1018 2448; x_wconf 88' lang='lat'>‘</span> <span class='ocrx_word' id='word_1_535' title='bbox 1036 2431 1180 2462; x_wconf 82' lang='lat' dir='ltr'>Mutatis</span> <span class='ocrx_word' id='word_1_536' title='bbox 1211 2431 1253 2462; x_wconf 90' lang='lat' dir='ltr'>ad</span> <span class='ocrx_word' id='word_1_537' title='bbox 1285 2432 1498 2464; x_wconf 86' lang='lat' dir='ltr'>celeritatem</span> <span class='ocrx_word' id='word_1_538' title='bbox 1522 2432 1710 2472; x_wconf 65' lang='lat' dir='ltr'>jumentis!</span> 
     </span>
     <span class='ocr_line' id='line_1_96' title="bbox 1009 2482 1711 2523; baseline 0.001 -11"><span class='ocrx_word' id='word_1_539' title='bbox 1009 2483 1050 2512; x_wconf 81' lang='grc' dir='ltr'><strong>Β.</strong></span> <span class='ocrx_word' id='word_1_540' title='bbox 1068 2482 1110 2513; x_wconf 88' lang='lat' dir='ltr'>G.</span> <span class='ocrx_word' id='word_1_541' title='bbox 1128 2491 1191 2513; x_wconf 81' lang='lat' dir='ltr'>vn.</span> <span class='ocrx_word' id='word_1_542' title='bbox 1209 2485 1260 2513; x_wconf 79' lang='lat'>85.</span> <span class='ocrx_word' id='word_1_543' title='bbox 1285 2482 1473 2523; x_wconf 83' lang='lat' dir='ltr'>‘Exiguum</span> <span class='ocrx_word' id='word_1_544' title='bbox 1497 2483 1560 2513; x_wconf 92' lang='lat' dir='ltr'>loci</span> <span class='ocrx_word' id='word_1_545' title='bbox 1588 2482 1630 2512; x_wconf 79' lang='lat' dir='ltr'>ad</span> <span class='ocrx_word' id='word_1_546' title='bbox 1655 2482 1711 2513; x_wconf 88' lang='lat' dir='ltr'>de-</span> 
     </span>
     <span class='ocr_line' id='line_1_97' title="bbox 1010 2531 1710 2573; baseline -0.001 -10"><span class='ocrx_word' id='word_1_547' title='bbox 1010 2532 1197 2563; x_wconf 83' lang='lat' dir='ltr'>clivitatem</span> <span class='ocrx_word' id='word_1_548' title='bbox 1220 2531 1415 2573; x_wconf 79' lang='lat' dir='ltr'>fastigium,&#39;</span> <span class='ocrx_word' id='word_1_549' title='bbox 1433 2534 1497 2563; x_wconf 67' lang='grc' dir='ltr'>ἃς.</span> <span class='ocrx_word' id='word_1_550' title='bbox 1540 2532 1631 2564; x_wconf 86' lang='lat' dir='ltr'>Vide</span> <span class='ocrx_word' id='word_1_551' title='bbox 1648 2532 1710 2563; x_wconf 87' lang='lat' dir='ltr'>eti-</span> 
     </span>
     <span class='ocr_line' id='line_1_98' title="bbox 1012 2582 1711 2614; baseline 0 -1"><span class='ocrx_word' id='word_1_552' title='bbox 1012 2592 1062 2613; x_wconf 87' lang='lat' dir='ltr'>am</span> <span class='ocrx_word' id='word_1_553' title='bbox 1080 2591 1160 2613; x_wconf 82' lang='lat' dir='ltr'>vni.</span> <span class='ocrx_word' id='word_1_554' title='bbox 1177 2585 1230 2614; x_wconf 85' lang='lat'>50.</span> <span class='ocrx_word' id='word_1_555' title='bbox 1249 2583 1288 2613; x_wconf 89' lang='lat' dir='ltr'>B.</span> <span class='ocrx_word' id='word_1_556' title='bbox 1306 2582 1380 2613; x_wconf 85' lang='lat' dir='ltr'>Civ.</span> <span class='ocrx_word' id='word_1_557' title='bbox 1407 2591 1461 2613; x_wconf 85' lang='lat'>111.</span> <span class='ocrx_word' id='word_1_558' title='bbox 1483 2585 1536 2613; x_wconf 78' lang='grc'><strong>84.</strong></span> <span class='ocrx_word' id='word_1_559' title='bbox 1559 2584 1568 2599; x_wconf 87' lang='lat'>‘</span> <span class='ocrx_word' id='word_1_560' title='bbox 1582 2583 1711 2614; x_wconf 76' lang='lat' dir='ltr'>electos</span> 
     </span>
     <span class='ocr_line' id='line_1_99' title="bbox 1010 2632 1710 2673; baseline 0 -9"><span class='ocrx_word' id='word_1_561' title='bbox 1010 2633 1052 2664; x_wconf 85' lang='lat' dir='ltr'>ad</span> <span class='ocrx_word' id='word_1_562' title='bbox 1083 2633 1319 2673; x_wconf 84' lang='lat' dir='ltr'>pernicitatem</span> <span class='ocrx_word' id='word_1_563' title='bbox 1334 2632 1354 2662; x_wconf 88' lang='lat'>:’</span> <span class='ocrx_word' id='word_1_564' title='bbox 1392 2638 1428 2663; x_wconf 89' lang='lat' dir='ltr'>et</span> <span class='ocrx_word' id='word_1_565' title='bbox 1457 2633 1498 2663; x_wconf 87' lang='lat' dir='ltr'>ad</span> <span class='ocrx_word' id='word_1_566' title='bbox 1529 2633 1569 2664; x_wconf 80' lang='grc' dir='ltr'><strong>Β.</strong></span> <span class='ocrx_word' id='word_1_567' title='bbox 1609 2632 1710 2664; x_wconf 79' lang='lat' dir='ltr'>Alex.</span> 
     </span>
     <span class='ocr_line' id='line_1_100' title="bbox 1011 2682 1516 2715; baseline -0.004 0"><span class='ocrx_word' id='word_1_568' title='bbox 1011 2694 1040 2715; x_wconf 92' lang='lat' dir='ltr'>c.</span> <span class='ocrx_word' id='word_1_569' title='bbox 1060 2686 1109 2714; x_wconf 78' lang='lat'>16.</span> <span class='ocrx_word' id='word_1_570' title='bbox 1137 2683 1258 2713; x_wconf 87' lang='lat' dir='ltr'>‘electi</span> <span class='ocrx_word' id='word_1_571' title='bbox 1276 2684 1317 2713; x_wconf 87' lang='lat' dir='ltr'>ad</span> <span class='ocrx_word' id='word_1_572' title='bbox 1332 2682 1516 2713; x_wconf 85' lang='lat' dir='ltr'>virtutem.&#39;</span> 
     </span>
    </p>

    <p class='ocr_par' dir='ltr' id='par_1_12' title="bbox 1011 2732 1712 2825">
     <span class='ocr_line' id='line_1_101' title="bbox 1054 2732 1712 2773; baseline 0 -9"><span class='ocrx_word' id='word_1_573' title='bbox 1054 2742 1126 2765; x_wconf 76' lang='lat' dir='ltr'>xm.</span> <span class='ocrx_word' id='word_1_574' title='bbox 1151 2736 1171 2763; x_wconf 84' lang='lat'><strong>2</strong></span> <span class='ocrx_word' id='word_1_575' title='bbox 1195 2733 1351 2764; x_wconf 76' lang='lat' dir='ltr'>Sermonis</span> <span class='ocrx_word' id='word_1_576' title='bbox 1365 2732 1500 2773; x_wconf 75' lang='lat' dir='ltr'>aditum]</span> <span class='ocrx_word' id='word_1_577' title='bbox 1524 2732 1626 2764; x_wconf 84' lang='lat' dir='ltr'>Prius</span> <span class='ocrx_word' id='word_1_578' title='bbox 1638 2741 1712 2764; x_wconf 77' lang='lat' dir='ltr'>ver-</span> 
     </span>
     <span class='ocr_line' id='line_1_102' title="bbox 1011 2782 1711 2825; baseline -0.004 -9"><span class='ocrx_word' id='word_1_579' title='bbox 1011 2784 1092 2816; x_wconf 89' lang='lat' dir='ltr'>bum</span> <span class='ocrx_word' id='word_1_580' title='bbox 1119 2783 1340 2823; x_wconf 76' lang='lat' dir='ltr'>Glossematis</span> <span class='ocrx_word' id='word_1_581' title='bbox 1371 2787 1571 2825; x_wconf 78' lang='lat' dir='ltr'>suspectum</span> <span class='ocrx_word' id='word_1_582' title='bbox 1605 2782 1711 2815; x_wconf 74' lang='lat' dir='ltr'>habet</span> 
     </span>
    </p>
   </div>
  </div>
 </body>
</html>
