1915 3115
248 186 334 227 950

249 290 408 322 terrimus
424 288 541 321 Codex
557 288 721 327 Bongars.
741 286 868 327 primus
883 296 950 319 non

249 339 402 381 agnoscit
415 338 456 369 τὰ
478 342 599 368 castra.-
624 336 792 378 quomodo
815 342 949 369 veteres

247 400 311 432 per
336 389 478 429 Ellipsin
503 397 575 418 csse
600 388 731 418 locutos
751 387 823 428 jam
841 388 951 419 lexica

248 440 384 472 docent.
400 440 488 471 Flor.
503 448 542 469 11.
559 441 590 470 8.
603 439 619 478 ξ
630 441 660 470 8.
696 439 704 455 ‘
720 438 803 470 Cum
821 438 950 479 ingenti

249 490 396 522 tumultu
421 498 462 518 ex
479 487 560 520 Asia
584 488 766 520 movisset!
803 489 900 520 Curt.
918 498 950 520 v.

250 543 303 572 13.
320 543 328 558 ‘
340 539 467 571 Audito
483 539 623 570 Darium
636 539 779 570 movisse
792 539 834 570 ab
847 540 952 570 Ecba-

249 591 366 622 tanisz’
388 589 445 620 ubi
462 589 539 620 vide
558 594 593 620 et
609 590 783 620 Davisium
801 589 842 620 ad
861 590 950 620 Hirt.

250 642 292 672 B.
310 639 417 672 Afric.
445 650 475 671 c.
501 643 532 671 7.
556 642 564 657 ‘
584 640 668 671 Inde
691 640 818 671 movit)
841 640 953 680 Suspi-

249 691 335 722 ceris
352 695 478 727 tamen,
502 690 659 720 maluisse
685 690 737 720 hic
761 700 894 731 quoque
918 689 950 720 id

251 741 377 773 addere
396 741 565 772 Caesarem
594 750 654 781 pro
680 741 780 770 solito
803 739 865 770 sibi
885 740 953 780 ple-

250 794 342 824 niore
360 793 465 833 stylo:
492 797 527 823 ut
553 792 675 832 passim
703 792 811 822 notari
828 791 861 822 in
879 801 952 821 nos-

250 848 304 874 tro
331 853 390 874 usu
417 843 520 873 vonit.
582 842 684 873 Certe
714 842 786 872 aliis
810 842 842 872 in
871 842 952 873 locis

247 893 354 924 addit.
377 893 433 924 Ita
445 892 522 922 vide
533 892 574 922 dc-
589 891 599 908 ‘
615 891 757 922 solvcre'
776 897 812 922 et
829 892 837 908 ‘
849 901 951 922 naves

248 942 391 974 solvere'
416 942 458 973 ad
483 951 532 972 1v.
560 944 613 972 23.
638 942 680 972 ad
699 951 731 973 v.
748 944 800 973 20.
824 942 832 958 ‘
849 942 955 973 conti-

249 1002 330 1025 nens
345 993 481 1032 Gallia‚'
508 996 572 1024 ἃς.
599 993 640 1023 ad
656 1001 696 1024 11.
722 997 754 1024 5.
777 993 833 1024 ‘in
850 1003 954 1024 unum

249 1044 359 1076 locum
388 1043 535 1083 cogere,'
565 1043 654 1084 quod
677 1043 733 1074 alii
762 1044 770 1060 ‘
790 1044 823 1074 iu
841 1043 953 1074 unum’

249 1095 379 1126 dicunt.
411 1095 516 1125 Plura
532 1094 574 1125 de
591 1095 640 1126 his
656 1094 699 1125 nd
716 1103 782 1126 vn.
800 1098 851 1126 85.
886 1094 953 1126 Sed

251 1155 327 1176 cum
348 1150 382 1176 et
398 1145 407 1161 ‘
426 1144 568 1176 solvere’
583 1144 761 1186 aliquando
780 1150 891 1176 tamen
909 1145 955 1175 di—

251 1200 307 1226 cat
333 1195 545 1236 simpliciter,
567 1200 601 1225 et
629 1196 637 1211 ‘
654 1195 836 1235 exponere'
863 1205 896 1226 v.
922 1198 953 1226 9.

251 1246 345 1278 Hir-t.
363 1247 403 1277 B.
421 1245 496 1277 Afr.
514 1257 542 1277 c.
559 1249 589 1278 3.
610 1256 685 1276 cum
712 1246 811 1277 aliter
827 1246 954 1276 addant

251 1298 260 1313 ⁴
279 1297 313 1328 in
330 1302 456 1329 terram
468 1296 486 1335 ;’
502 1296 595 1338 (vide
613 1296 655 1326 ad
672 1297 713 1327 B.
729 1297 767 1327 C.
783 1305 805 1327 1.
820 1296 890 1338 31.)
907 1297 954 1327 sic

250 1348 303 1379 hic
321 1357 453 1389 quoquc
470 1348 478 1365 ⁶
495 1347 640 1378 movere'
658 1347 707 1378 uti
724 1347 846 1387 potuit.

294 1402 336 1430 49
369 1399 446 1429 Plus
474 1397 602 1437 rultret]
637 1397 733 1438 Ejeci
752 1398 954 1437 comparati-

250 1459 327 1480 vum
353 1449 433 1489 plus,
450 1448 539 1489 quod
567 1452 602 1478 et
626 1448 705 1478 olim
722 1448 874 1479 Grutero
890 1448 955 1478 dis-

251 1500 384 1540 plicuit,
399 1503 508 1529 motus
525 1497 731 1529 auctoritate
748 1497 830 1528 Mss.
843 1498 954 1538 Bong.

252 1560 304 1590 pr.
329 1559 397 1579 sce.
418 1549 543 1579 Lovan.
569 1548 690 1578 I'etav.
707 1558 726 1577 a
741 1546 787 1578 ni.
804 1557 854 1587 pr.
874 1547 954 1578 alio-

252 1608 393 1642 rumque
410 1604 554 1641 quatuor
580 1603 616 1629 et
642 1597 705 1629 Ed.
731 1597 805 1629 Ine.
831 1597 903 1629 Liv.
929 1606 953 1629 1.

250 1654 303 1681 31).
342 1656 350 1666 ⁴
380 1649 481 1690 Apud
513 1659 616 1690 vagos
654 1657 786 1680 merces
823 1648 953 1679 valuit!

251 1702 387 1732 Terent.
411 1700 542 1731 Heaut.
564 1700 648 1741 prol.
673 1700 681 1716 ‘
700 1703 849 1730 vestrum
870 1698 956 1729 arbi-

254 1758 341 1782 trum
359 1750 509 1782 valebit!

297 1811 369 1834 xm.
408 1804 428 1832 6
466 1801 531 1832 Per
561 1799 957 1840 tribunos—centuriones]

252 1853 337 1884 Mss.
353 1853 471 1883 Brant.
487 1857 522 1883 et
538 1852 643 1882 Norv.
656 1860 732 1881 cum
746 1849 847 1881 editt.
861 1850 956 1880 Rom.

252 1904 337 1934 Ven.
353 1903 481 1934 habent
512 1903 521 1919 ‘
539 1912 615 1933 cum
631 1901 794 1933 Tribunis
812 1901 956 1932 militum

252 1959 287 1986 et
303 1954 486 1995 primorum
499 1953 653 1984 ordinum
667 1951 955 1991 Centurionibus‚’

253 2015 353 2046 quam
369 2004 549 2035 lectionem
567 2004 723 2044 probavit
736 2004 836 2035 Joan.
849 2003 956 2033 Bran-

252 2057 331 2087 tius.
356 2055 450 2087 Nihil
468 2060 579 2086 tamen
595 2053 794 2085 mutandum
811 2062 954 2091 censc0;

252 2105 422 2138 Militibus
438 2107 525 2137 cuim
549 2115 610 2146 per
635 2105 805 2136 Tribunos
821 2110 857 2135 et
871 2105 957 2135 Cen-

253 2158 400 2189 turiones
418 2162 492 2189 crat
509 2157 689 2197 agendum,
701 2155 790 2197 quod
814 2154 955 2196 praefec-

253 2209 296 2240 tis
313 2208 449 2250 quidem
465 2208 574 2239 facilis
597 2213 671 2239 erat
694 2207 859 2238 sermonis
886 2207 956 2238 adi-

253 2264 320 2290 tus.
379 2260 562 2299 Vulgatam
594 2259 801 2299 scripturam
831 2258 865 2289 in
896 2269 955 2289 suo

254 2309 381 2342 Codice
395 2309 523 2340 invenit
541 2310 806 2350 Metaphrastcs.
843 2310 955 2341 Daris.

252 2359 293 2391 In
324 2369 475 2390 meorum
512 2359 692 2391 codicibus
725 2359 894 2399 undecim,
921 2360 956 2390 iu

253 2410 374 2452 quibus
391 2411 555 2448 Bous-vars.
580 2410 703 2441 I'etav.
720 2414 756 2441 et
773 2410 898 2441 Lovan.
916 2420 956 2441 ac

253 2459 340 2492 Edd.
357 2460 499 2491 Mediol.
515 2461 600 2491 Ven.
627 2460 770 2501 aliisque
797 2466 876 2491 ante
895 2461 958 2491 Be-

253 2510 406 2542 roaldum
430 2511 543 2541 inveni
573 2521 706 2551 quoque
732 2521 802 2542 cum
823 2510 959 2541 tribunis

252 2572 294 2593 m.
318 2565 350 2593 et
375 2561 615 2599 centurionibus,
633 2571 707 2601 quoe
733 2561 832 2592 lectio
857 2561 883 2591 si
900 2561 957 2592 ad-

254 2613 426 2652 mittatur,
449 2617 567 2652 utpote
584 2613 665 2642 satis
692 2613 797 2652 proba
813 2617 848 2643 et
865 2612 955 2643 Lati-

254 2670 308 2699 na,
332 2663 364 2692 in
382 2662 602 2704 sequentibus
628 2663 739 2693 malim
764 2662 812 2692 uti
831 2672 887 2702 per
910 2672 957 2692 eos

257 2712 294 2743 C.
323 2713 557 2750 satisfieri-enm
596 2712 764 2755 quomodo
795 2712 957 2743 exhibent

256 2763 428 2803 (maciem.
452 2764 606 2795 Vossian.
630 2763 728 2804 prim.
745 2762 840 2795 Leid.
857 2763 956 2803 prim.

716 192 856 223 NOTAE
889 191 1153 223 VARIORUM
1189 193 1237 223 ΙΝ

999 287 1165 327 Bongars.
1196 290 1275 317 tert.
1307 291 1342 318 et
1365 286 1500 317 Duker.
1534 289 1572 316 ut
1599 294 1704 326 supra

1000 338 1009 354 ‘
1025 347 1086 377 per
1102 337 1252 369 tribunos
1268 336 1298 367 ei
1317 337 1442 377 gratias
1459 334 1553 375 egit.'

1045 391 1082 419 ll
1111 389 1162 418 Ex
1185 387 1258 418 aliis
1281 387 1385 418 Gallis
1409 385 1452 425 ei]
1478 385 1580 416 Gallis
1605 384 1703 416 deest

1003 439 1035 470 in
1065 439 1235 479 plerisque
1271 438 1355 468 Mss.
1394 438 1504 468 Clark.
1578 437 1703 467 Lovan.

1002 489 1142 520 Norvic.
1159 488 1316 519 Beroald.
1334 488 1463 528 Gryph.
1482 487 1634 518 Florent.
1650 497 1707 518 ex-

1001 539 1119 570 hibent
1135 541 1215 579 quod
1231 549 1270 569 ex
1285 539 1358 569 aliis
1375 539 1402 568 ei
1425 539 1593 569 maximam
1604 537 1705 579 fidem

1001 590 1142 620 habehat.
1169 591 1258 625 Lege
1283 591 1360 630 quod
1377 600 1415 620 ex
1432 589 1540 620 Gallis
1557 590 1585 619 εἰ
1605 589 1706 620 maxi-

1002 651 1095 680 mnm,
1111 644 1176 671 &m
1201 641 1329 671 Deleta
1346 650 1427 670 voce
1443 647 1705 679 supervacanea.

1002 692 1111 723 Daris.
1138 702 1208 724 cur.
1227 701 1296 723 sec.
1318 691 1394 722 Non
1411 694 1586 730 comparet
1600 690 1704 720 etiam

1003 752 1066 772 vox
1095 743 1197 773 Gallis
1226 743 1258 772 in
1289 751 1440 772 meorum
1469 741 1548 779 ullo,
1577 749 1641 771 nec
1671 739 1705 770 in

1004 794 1091 824 Edd.
1119 793 1247 834 primis.
1292 794 1332 824 In
1359 794 1426 824 suis
1450 794 1553 824 etiam
1572 802 1638 824 non
1659 791 1707 824 in-

1002 843 1098 873 venit
1116 843 1315 874 ciacconius
1331 853 1338 873 :
1364 853 1466 883 quare
1484 843 1540 873 ille
1561 843 1633 882 jam
1649 842 1709 883 eji-

1003 891 1158 923 ciendam
1193 893 1326 932 putavit
1361 902 1479 923 vocem
1516 892 1599 923 aliis.
1665 891 1707 923 In

1003 943 1160 974 Leidensi
1192 944 1303 984 primo
1333 948 1494 974 exaratur
1521 954 1561 974 ex
1584 943 1656 975 aliis
1678 943 1708 974 ei

1002 993 1207 1035 calaris-fidem
1223 1004 1263 1024 m.
1281 994 1312 1024 h.
1348 993 1544 1034 Adscripsit
1563 994 1613 1024 vir
1628 993 1707 1026 (loc-

1006 1047 1057 1074 tus
1073 1044 1217 1084 margini
1236 1055 1276 1075 ea:
1288 1045 1412 1075 AEduis.
1457 1044 1649 1077 Divitiacus
1673 1054 1708 1076 e-

1004 1094 1072 1124 nim
1089 1094 1229 1126 AEduus.

1049 1148 1088 1176 12
1122 1146 1261 1176 Minium
1286 1146 1418 1186 amplius
1446 1147 1500 1186 xl]
1533 1145 1625 1177 Celsi
1650 1155 1707 1176 ex-

1005 1196 1153 1236 scriptor
1168 1197 1391 1237 quinquaginta
1406 1197 1522 1228 habet.
1574 1196 1710 1228 Vossius.

1004 1246 1072 1277 Ms.
1102 1246 1239 1278 Norvic.
1267 1257 1343 1277 cum
1370 1247 1470 1278 editt.
1500 1248 1596 1278 Rom.
1622 1248 1707 1277 Ven.

1006 1297 1164 1328 Beroald.
1208 1297 1372 1328 exhibent
1412 1298 1540 1328 millium
1575 1297 1710 1337 amplius

1003 1348 1244 1389 quinquaginta,
1261 1353 1299 1379 ut
1315 1354 1350 1379 et
1366 1348 1478 1380 Julius
1505 1348 1623 1378 Celsus
1636 1347 1709 1377 vit.

1005 1400 1089 1430 Caes.
1107 1409 1139 1439 p.
1155 1402 1208 1429 35.
1235 1399 1422 1430 Numerum
1437 1400 1535 1438 longe
1549 1397 1709 1438 majorem

1004 1449 1036 1479 in
1064 1459 1122 1479 suo
1150 1449 1276 1480 Codice
1305 1453 1364 1480 aut
1388 1448 1485 1488 legit,
1506 1451 1563 1478 aut
1587 1447 1710 1485 legisse

1004 1500 1183 1530 somniavit
1198 1500 1340 1531 Graecus
1355 1499 1549 1538 Interpres;
1573 1497 1710 1538 scripsit

1004 1551 1094 1581 enim
1117 1551 1175 1587 τὴν
1199 1550 1267 1581 ὁδὸν
1293 1549 1371 1589 ἀμφὶ
1395 1549 1435 1580 τὰ
1465 1549 1555 1587 χίλια
1571 1547 1710 1579 διακόσια

1003 1601 1053 1632 καὶ
1066 1601 1259 1638 πεντήκοντα
1270 1600 1379 1632 στάδια
1389 1599 1539 1631 πάντοθεν
1550 1598 1708 1638 ἐξετάσας.

1004 1653 1115 1684 Dat-is.
1141 1652 1224 1683 Mss.
1240 1653 1326 1692 Reg.
1346 1651 1472 1682 Eliens.
1497 1656 1533 1682 et
1546 1649 1658 1681 Vossii
1676 1655 1712 1681 et

1006 1703 1100 1735 Edit.
1115 1703 1216 1735 Rom.
1231 1702 1466 1744 quinquaginta.
1497 1701 1602 1731 Clark.
1637 1700 1710 1731 Mei

1005 1755 1108 1786 etiam
1139 1754 1255 1786 cuncti
1284 1752 1390 1785 Codd.
1422 1757 1457 1783 et
1486 1751 1572 1782 Edd.
1603 1760 1709 1791 usque

1005 1806 1229 1846 Scaligerum,
1247 1804 1302 1846 qui
1319 1814 1337 1834 e
1354 1802 1562 1834 Cari-ariensi
1580 1801 1709 1832 Codice

1007 1864 1052 1886 Χῖ,
1075 1854 1265 1896 reposuisse
1294 1853 1442 1892 videtur,
1468 1851 1595 1883 habent
1621 1851 1708 1892 quin-

1005 1905 1156 1946 qturginta
1172 1905 1225 1935 vel
1253 1912 1294 1941 L3
1322 1912 1425 1944 quare
1455 1902 1518 1932 hoc
1550 1901 1708 1941 reposui:

1005 1956 1142 1994 deinde,
1156 1961 1193 1986 ut
1209 1956 1323 1987 Caesar
1339 1952 1519 1984 conveniat
1536 1961 1612 1982 cum
1628 1951 1710 1982 Plu·

1007 2007 1125 2038 tarcho
1141 2010 1177 2037 et
1194 2005 1318 2044 Plinio,
1342 2004 1394 2036 Cl.
1413 2002 1592 2035 Cluverius
1609 2001 1711 2033 scribi

1006 2058 1089 2096 vult,
1105 2065 1170 2087 non
1187 2055 1274 2086 male
1291 2064 1313 2085 v
1328 2058 1363 2085 et
1380 2062 1446 2091 xx,
1462 2062 1526 2083 non
1542 2061 1578 2083 ιν
1593 2055 1628 2083 et
1646 2060 1709 2083 xx.

1005 2107 1095 2138 Vide
1111 2106 1144 2137 in
1162 2106 1280 2137 Germ.
1297 2104 1415 2145 Antiq.
1434 2104 1582 2134 Prooem.

1043 2160 1159 2188 x1.11.4
1177 2154 1400 2194 Emis-timaret]
1415 2155 1524 2191 Iso-ng.
1539 2162 1587 2193 pr.
1599 2156 1633 2183 et
1642 2160 1710 2184 sec.

1006 2208 1129 2239 Petav.
1143 2208 1269 2238 Lovan.
1287 2210 1321 2236 et
1337 2210 1469 2246 septem
1484 2204 1539 2235 alii
1553 2213 1629 2234 cum
1643 2203 1708 2234 Ed.

1006 2258 1144 2289 Incerta
1172 2257 1363 2287 existimare.
1418 2255 1521 2294 Vere,
1537 2259 1574 2285 ut
1602 2254 1711 2286 licere:

1007 2309 1049 2339 de
1066 2309 1127 2339 hoc
1143 2311 1306 2347 corrupto
1323 2305 1490 2336 infinitivo
1515 2304 1570 2335 adi
1591 2308 1712 2335 notata

1006 2360 1046 2390 ad
1067 2369 1097 2390 c.
1114 2362 1144 2390 7.
1164 2368 1197 2389 v.
1215 2362 1267 2389 28,
1303 2358 1311 2374 ‘
1329 2357 1420 2390 Quid
1436 2365 1509 2387 esse
1523 2353 1652 2394 levius,’
1675 2354 1708 2385 in

1007 2410 1120 2441 multis
1138 2410 1221 2441 Mss.
1237 2412 1325 2440 esset.
1345 2416 1406 2438 vu.
1421 2409 1474 2437 20.
1499 2407 1507 2423 ‘
1526 2404 1616 2437 Quin
1635 2404 1709 2445 Jam

1007 2461 1089 2500 ipsis
1120 2459 1297 2491 remittere
1315 2458 1333 2488 :'
1371 2457 1427 2487 ubi
1464 2456 1498 2486 in
1539 2454 1709 2495 plerisque

1008 2510 1096 2542 idem
1113 2519 1219 2541 error.
1244 2507 1353 2539 Adde.
1382 2507 1421 2537 B.
1447 2505 1521 2536 Civ.
1540 2513 1580 2535 ιι.
1600 2507 1650 2535 10.
1667 2504 1710 2535 Β.

1008 2560 1175 2592 Alexand.
1192 2570 1222 2590 c.
1237 2562 1268 2589 8.

1051 2615 1088 2642 15
1131 2608 1319 2650 Interposita
1352 2606 1474 2646 caussa]
1518 2605 1710 2636 Praetextu«

1009 2663 1138 2694 Noster
1154 2661 1194 2691 B.
1213 2660 1252 2692 C.
1279 2667 1335 2689 ιιι.
1358 2660 1409 2688 24.
1433 2658 1441 2673 ‘
1462 2657 1529 2687 Per
1555 2664 1709 2687 caussam

1007 2711 1276 2744 exercendorum
1312 2705 1499 2747 remigum!
1544 2705 1634 2736 Vide
1671 2709 1708 2736 et

1005 2761 1203 2795 Suetonium
1229 2760 1262 2790 in
1290 2758 1426 2790 Othone
1453 2767 1484 2789 c.
1518 2759 1548 2787 3.
1598 2754 1712 2786 Daris.
