1818 3131
356 199 447 228 mn.
483 198 524 225 v.
556 195 663 227 cAr‘.
693 184 764 223 14.
801 193 860 222 nn
897 192 1049 221 nmmo
1081 191 1311 220 GALLlCO.

113 302 214 331 recte·
243 303 383 339 usurpat
423 306 536 328 vocem
571 293 805 332 ἂμριέννυνταις

112 357 187 379 nam
205 347 375 378 Britannis
387 351 458 376 crat
475 354 517 375 cx
535 344 623 385 polle
641 343 758 379 vestis,
772 349 807 372 ut

113 399 226 429 Caesar
251 398 361 428 docet.
407 397 527 436 Itaque
553 393 704 424 anterior
730 402 808 433 pars

112 454 242 488 aperta,
272 446 437 487 posterior
468 449 569 475 treta.
621 443 688 474 Sed
716 443 806 473 clare

113 498 242 528 Solinus
259 497 322 528 tine
339 506 369 527 c.
383 499 435 527 25.
459 496 468 513 ‘
482 495 666 535 Regionem
684 493 806 534 partim

113 552 230 578 tenent
257 546 406 584 barbari,
423 545 545 586 quibus
574 554 634 586 per
661 543 808 575 artifices

115 598 287 637 plagarum
303 595 534 636 figuras,j:1m
559 596 635 627 inde
661 604 680 626 a
697 594 808 635 pneris

113 645 212 676 varia’
229 645 418 676 animalium
442 644 570 685 effigies
594 645 808 684 incorporan-

112 700 179 732 tur,
197 695 434 736 inscriptisque
458 694 642 726 visceribus
667 693 809 724 bominis

113 745 321 776 incremento
339 745 503 786 pigmenti
527 750 615 775 notae
639 748 808 774 crescunt.

115 794 235 835 Neque
273 795 455 836 quidquam
492 795 597 835 magis
633 794 808 834 patiemim

115 844 187 875 loco
212 843 296 875 serae
320 845 470 875 nationes
494 843 635 883 ducunt,
651 851 749 885 qnam
772 848 809 875 ut

115 902 176 933 por
188 903 351 924 memores
362 894 539 925 cicatrices
552 893 729 934 plurimum
740 892 809 924 fuci

115 946 207 973 artus
239 939 379 973 bibam!
444 943 553 974 Notas
579 952 636 973 eas
661 943 811 982 stigmata

116 996 209 1022 recte
243 991 394 1023 Isidorus
431 998 605 1032 nuncupat
642 1000 720 1023 xnx.
755 995 808 1023 23.

112 1040 318 1072 ‘Nonuullae
343 1042 445 1072 etiam
470 1048 589 1081 gentes
615 1051 679 1072 non
703 1042 810 1072 solum

115 1090 146 1121 in
164 1090 324 1130 vestibus,
351 1092 408 1122 sed
425 1097 460 1123 et
485 1093 518 1122 in
544 1101 685 1132 corpore
700 1093 810 1133 aliqua

115 1141 177 1172 sibi
194 1141 330 1182 propria
345 1142 441 1183 qnasi
461 1142 602 1182 insignia
622 1141 810 1181 vindicant,

115 1196 153 1223 ut
168 1191 318 1224 videmus
331 1193 436 1224 cirros
453 1193 718 1225 Germanorum:
737 1203 810 1234 gra-

113 1251 172 1273 nos
189 1247 225 1274 et
241 1242 402 1274 cinnabar
419 1243 625 1275 Gothorum:
651 1244 812 1284 stigmata

116 1291 319 1323 Britonum.’
358 1294 528 1325 Caeterum
545 1293 633 1334 quod
650 1293 692 1324 de
709 1294 812 1324 omui·

116 1340 177 1371 bus
191 1341 364 1372 Britannis
382 1342 498 1373 Caesar
514 1343 575 1380 ait,
591 1342 624 1372 id
640 1342 682 1373 de
699 1342 815 1373 Siluri·

117 1390 179 1421 bus
195 1390 310 1430 prodit
331 1392 469 1422 Tacitus
491 1392 523 1422 in
539 1391 709 1432 Agricolae
725 1392 813 1423 vita:

117 1444 151 1470 et
167 1449 209 1470 ex
227 1449 266 1471 eo
293 1450 426 1482 quoque
452 1441 657 1479 soi-names,
683 1442 739 1482 qui
766 1442 814 1472 ait

116 1491 125 1507 ‘
138 1489 293 1530 Sylorum
310 1491 452 1521 colorati
465 1491 590 1530 vultus,
608 1496 700 1522 torto
714 1491 816 1531 pleri-

117 1549 182 1581 que
205 1539 298 1571 crine
322 1545 359 1571 et
381 1541 475 1580 nigro
500 1540 714 1572 nascuntur:’
740 1541 815 1581 lege

115 1588 280 1625 Silurum;
307 1598 383 1620 nam
411 1599 501 1630 s‘aepe
530 1590 562 1620 in
589 1600 628 1621 eo
650 1590 815 1631 scriptore

118 1638 252 1671 nomina
279 1645 441 1680 corrupta
467 1644 555 1671 snut.
612 1639 816 1670 Claudianus

118 1689 139 1718 l.
158 1697 198 1719 ιι.
223 1688 266 1719 de
282 1688 436 1720 laudibus
457 1689 627 1721 Stiliconis
643 1689 815 1720 obscurius

120 1737 263 1770 eandem
291 1748 360 1769 rem
386 1738 495 1778 tangit
517 1748 592 1769 cum
615 1739 681 1769 ait:
707 1740 715 1755 ‘
732 1738 815 1769 Inde

120 1787 306 1820 Caledonio
323 1789 435 1819 velata
458 1788 633 1818 Britannia
655 1793 815 1826 monstro,

122 1837 226 1870 Ferro
256 1838 349 1878 picta
382 1847 510 1879 genas:
542 1838 636 1878 cujus
673 1839 818 1878 vestigia

119 1888 227 1918 verrit
264 1888 416 1919 Caenuus
453 1888 652 1929 Oceanique
697 1894 816 1919 a’stum

121 1937 283 1968 mentitur
295 1937 459 1969 amictus!
498 1937 565 1969 rbi
579 1939 710 1969 ccrrulus
724 1939 816 1969 amic-

121 1990 173 2019 ius
198 1997 264 2018 non
293 1988 408 2027 vestis,
432 1993 491 2019 aut
512 1988 619 2019 simile
646 1988 726 2030 quid
754 1995 818 2029 est,

128 2036 187 2068 sed
209 2037 257 2067 ita
273 2037 423 2078 appellat
439 2038 576 2077 vitrum,
601 2038 689 2079 qnod
714 2040 819 2070 verrit

124 2086 268 2126 vestigia
292 2086 385 2126 ferri,
400 2087 471 2119 sive
497 2088 624 2119 inditur
650 2089 819 2121 cicatrici-

127 2135 201 2174 bus,
233 2141 270 2168 ut
302 2137 449 2168 colorem
480 2137 611 2169 bibant.
669 2140 818 2170 Similem

123 2196 250 2217 rnorem
266 2186 356 2218 ferro
372 2187 540 2219 incidendi
562 2199 706 2230 corpora
719 2190 821 2221 habu-

124 2241 224 2267 erunt
241 2246 372 2278 quoque
389 2237 497 2278 Illyrii
513 2244 548 2269 et
559 2240 718 2271 Thraces.
751 2240 821 2272 Au-

127 2291 181 2316 ιω·
205 2286 330 2317 Strabo
353 2291 405 2317 est
431 2288 533 2319 Lvn.
558 2299 592 2330 p.
620 2292 694 2320 218.
719 2291 822 2322 etiam

124 2335 271 2376 Japodes
288 2336 457 2368 Liburniae
481 2339 610 2379 populi,
634 2340 678 2371 de
701 2340 822 2381 quibus

127 2387 189 2417 air.
206 2385 404 2418 κατάσκυι-ι-οι
420 2389 444 2418 δ’
460 2389 566 2424 ὁμοίως
578 2390 703 2422 καὶτοῖς
714 2391 823 2423 ἄλλοις

124 2435 284 2477 Ἰλλυρίοις
311 2437 361 2467 καὶ
391 2437 500 2477 Θρᾳξίῑ
536 2440 629 2470 Notis
652 2442 824 2481 compuncti

124 2490 195 2517 sunt
214 2497 353 2527 corpora,
366 2492 401 2518 ut
415 2492 446 2518 et
466 2489 645 2529 Illyriorum
665 2492 771 2522 σείει-ἰ
793 2495 824 2522 et

130 2535 270 2567 Thraces.
315 2538 420 2579 Viget
441 2538 608 2579 hodieque
625 2549 695 2570 mos
711 2539 766 2570 ille
788 2540 823 2571 in

130 2586 297 2625 gentibus,
322 2598 397 2629 quae
426 2589 690 2629 Magellanicum
717 2590 823 2622 sinum

131 2639 269 2675 propter
283 2637 449 2670 habitant.
478 2639 614 2670 Vossius.
661 2640 752 2670 Mira
772 2647 824 2671 est

132 2684 284 2718 hocloco
305 2692 342 2719 et
364 2694 516 2720 veterum
538 2689 693 2721 codicum
716 2696 752 2722 et
777 2691 825 2721 in-

137 2739 321 2775 terpretum
336 2739 492 2770 varietas.
537 2740 627 2771 Nam
650 2739 728 2771 fibri
756 2741 826 2783 qni-

219 2788 334 2830 Delph.
347 2793 377 2820 et
397 2784 470 2823 Ver.
487 2792 573 2824 Clas.

797 2792 825 2824 C
824 2803 905 2825 cesar

1443 175 1556 220 1089

858 290 932 321 ilani
951 291 1088 329 habent,
1104 291 1206 329 glasto
1223 289 1378 330 inficiunt,
1391 286 1447 317 alii
1464 287 1557 326 ultro,

858 341 1006 370 nonnulli
1050 342 1144 378 nitro,
1189 339 1297 378 major
1341 347 1417 378 pars
1455 337 1561 373 citro,-

858 398 931 428 quae
951 389 1125 427 lectiones,
1152 388 1224 419 fere
1247 397 1374 426 omncs,
1392 396 1466 418 suos
1482 391 1563 418 sunt

857 443 1040 468 assertores
1077 444 1198 468 nactzr.
1257 439 1343 469 Sunt
1375 438 1464 468 enim
1502 436 1562 479 qui

855 488 994 525 glastum
1007 487 1161 526 probent,
1179 487 1267 527 quod
1283 487 1411 518 scribat
1430 487 1560 518 Plinius

859 544 953 566 xxii.
982 539 1010 566 1.
1035 536 1171 567 ‘Simile
1201 538 1386 577 plantagini
1413 538 1561 578 glastum

859 587 890 617 in
912 587 1024 617 Gallia
1046 592 1198 625 vocatur,
1225 597 1291 628 quo
1323 589 1564 620 Britannorum

859 636 1020 676 conjunc-s
1039 647 1206 677 mirusque
1226 643 1297 668 toto
1316 648 1459 678 corpore
1476 638 1562 669 obli-

860 692 902 718 tae
919 687 1117 728 quibusdam
1135 687 1167 717 in
1186 687 1288 717 sacris
1306 692 1341 718 et
1357 688 1456 718 nudae
1474 689 1565 719 ince-

859 737 956 775 dunt,
972 737 1165 777 AEthiopum
1189 737 1337 767 colorem
1362 737 1561 768 imitantes!

859 787 925 818 Sed
957 787 990 817 id
1019 787 1091 817 aliis
1121 796 1188 817 non
1220 788 1348 827 placet,
1377 788 1465 828 quod
1494 796 1565 821 non,

859 840 1032 877 caeruleum,
1048 843 1086 870 ut
1109 844 1160 870 est
1185 838 1275 879 apud
1299 839 1480 879 Caesarem,
1503 838 1563 870 sed

860 889 1042 929 AEthiopum
1056 889 1185 920 colorem
1203 888 1346 920 efficiat:
1368 894 1401 920 et
1419 889 1508 930 qnod
1525 897 1566 920 eo

861 948 927 969 non
946 939 1095 969 Britanni
1112 949 1214 969 omnes
1238 943 1295 970 aut
1321 949 1448 980 semper,
1464 945 1500 970 ut
1519 940 1566 971 ait

862 990 987 1028 Caesar,
1002 989 1060 1020 scd
1078 988 1237 1029 foeminae,
1254 1000 1327 1031 quae
1343 991 1423 1021 viris
1434 992 1567 1031 junctae

861 1043 951 1077 sunt,
980 1044 1015 1070 et
1045 1039 1077 1069 in
1107 1040 1204 1069 sacris
1228 1044 1358 1070 tantum
1386 1040 1566 1079 qnamdam

861 1087 965 1118 oblini
982 1088 1102 1119 solent.
1136 1089 1202 1119 Sed
1222 1090 1405 1130 praecipue,
1422 1090 1512 1131 qnod
1532 1090 1565 1121 in

862 1137 954 1168 nullo
986 1138 1129 1169 Caesaris
1157 1140 1345 1181 exemplari
1372 1142 1485 1180 paullo
1509 1150 1567 1172 ve-

862 1187 992 1218 tustiori
1006 1189 1145 1226 glastum
1163 1189 1366 1230 reperiatur.
1405 1191 1491 1222 Sunt
1509 1189 1567 1231 qui

863 1247 906 1268 ex
927 1239 1008 1268 ultro
1035 1248 1141 1278 parva
1177 1241 1366 1272 mutatione
1405 1242 1486 1272 luteo
1518 1240 1568 1272 fc-

863 1291 997 1326 cenmt,
1023 1288 1230 1319 auctoritate
1248 1289 1394 1321 vitruvii
1412 1290 1564 1331 adducti,

864 1337 920 1378 qui
937 1346 1001 1368 vu.
1016 1340 1067 1368 14.
1085 1338 1133 1369 ita
1149 1339 1287 1370 scribit:
1314 1342 1322 1357 ⁴
1335 1341 1389 1381 qni
1407 1350 1472 1372 non
1491 1350 1566 1382 pos·

865 1393 943 1418 sunt
973 1388 1184 1428 chrysocolla
1216 1397 1358 1430 propter
1389 1392 1565 1423 caritatem

865 1437 925 1476 uti,
953 1437 1070 1477 herba,
1099 1449 1174 1479 quae
1202 1441 1328 1471 luteum
1360 1442 1566 1481 appellatur,

864 1487 1046 1518 caerulenm
1069 1488 1236 1528 inficiunt,
1263 1495 1299 1520 et
1323 1495 1466 1521 utuntur
1491 1491 1568 1521 viri—

866 1537 1000 1568 dissimo
1014 1539 1148 1570 colore!
1170 1539 1236 1570 Sed
1254 1539 1286 1570 id
1304 1546 1488 1581 propterea
1499 1551 1568 1573 non

865 1587 1058 1619 admittitur
1074 1598 1092 1618 a
1106 1589 1186 1619 viris
1201 1589 1325 1626 doctis,
1344 1590 1432 1631 quod
1449 1591 1567 1622 luteum
1592 1623 1595 1625 ,

865 1646 930 1667 non
947 1638 1057 1679 efficiat
1073 1639 1233 1670 ectr-alcum
1248 1640 1386 1678 colorem,
1399 1645 1435 1671 ut
1453 1641 1570 1672 Caesar

866 1687 936 1718 ait:
960 1687 1017 1718 sed
1035 1689 1198 1720 caeruleus
1214 1690 1306 1721 luteo
1331 1689 1475 1721 infectus
1491 1691 1569 1723 viri-

867 1736 943 1767 dem
972 1737 1092 1768 reddat
1121 1738 1278 1770 colorem.
1324 1739 1375 1771 Ac
1402 1740 1483 1780 vidi,
1509 1741 1568 1782 qni

866 1788 950 1817 nitro
965 1787 1144 1827 legendum
1161 1798 1232 1819 esse
1245 1790 1465 1829 contendant,
1478 1791 1568 1832 qnod

868 1837 957 1876 apud
973 1837 1165 1868 Vitruvium
1181 1847 1246 1868 vu.
1265 1842 1314 1870 11.
1339 1841 1348 1856 ‘
1363 1839 1452 1871 nitro
1463 1849 1568 1872 ca’ru-

867 1886 955 1916 lenm
984 1888 1216 1927 temperetur!
1270 1889 1396 1920 Verum
1425 1899 1502 1921 cum
1529 1900 1570 1922 ea

868 1941 1104 1977 temperatura
1127 1948 1192 1969 non
1221 1939 1292 1970 solo
1318 1940 1400 1970 nitro
1415 1939 1487 1980 fiat,
1509 1940 1571 1973 sed

867 1996 961 2017 arena
982 1987 1120 2028 insuper
1143 1994 1178 2019 et
1200 1999 1260 2030 cere
1276 1990 1402 2030 Cyprio,
1416 1990 1496 2021 nibil
1510 1989 1569 2022 Vi·

868 2037 998 2067 truvius
1011 2037 1072 2068 bac
1087 2042 1183 2078 parte
1196 2039 1308 2079 juvat,
1321 2049 1431 2081 neque
1448 2040 1475 2072 si
1493 2041 1568 2082 quis

868 2087 956 2118 nitro
980 2096 1102 2128 corpus
1130 2088 1271 2130 inficiat,
1287 2092 1449 2123 caeruleus
1465 2091 1569 2124 effici-

870 2142 925 2168 tur
956 2139 1062 2170 color.
1129 2139 1214 2170 Cum
1242 2147 1356 2172 antem
1386 2142 1420 2172 in
1450 2142 1570 2174 codice

872 2188 979 2218 Fulvii
1009 2188 1138 2227 Ursini,
1167 2190 1225 2229 qni
1262 2192 1428 2232 antiquior
1462 2193 1569 2224 multo

870 2237 1147 2279 emendatiorqne
1161 2240 1235 2270 aliis
1249 2246 1313 2279 est,
1329 2242 1462 2283 legatur
1477 2244 1571 2284 citro,

871 2296 977 2328 eaque
995 2290 1165 2329 scriptura
1184 2291 1217 2321 in
1233 2292 1307 2323 aliis
1329 2294 1572 2335 manuscriptis

872 2337 1074 2378 reperiatur,
1087 2348 1127 2369 ea
1142 2340 1244 2371 lectio
1258 2342 1392 2372 omnino
1401 2353 1483 2374 vera
1494 2353 1571 2375 esse,

872 2386 1024 2426 videtur;
1048 2394 1100 2420 est
1115 2390 1203 2420 enim
1225 2391 1340 2422 citrum
1360 2392 1478 2434 herba,
1493 2404 1569 2435 quae

873 2436 906 2466 in
941 2437 1055 2470 Gallia
1092 2438 1365 2481 frequentissima
1404 2444 1569 2481 nascitur,

873 2496 946 2527 quae
963 2490 1146 2520 caeruleum
1162 2492 1308 2522 colorem
1325 2491 1440 2525 efficit.
1484 2495 1569 2524 Eam

874 2536 986 2568 Graeci
1003 2539 1116 2570 [satim
1129 2546 1264 2580 vocant,
1277 2542 1369 2573 Galli
1384 2544 1447 2583 ipsi
1458 2543 1571 2583 pustel-

873 2588 946 2617 lmn.
982 2588 1169 2630 Vitruvius,
1183 2598 1220 2622 ut
1237 2593 1371 2632 quidem
1388 2593 1513 2632 legitur
1535 2592 1571 2622 in

875 2635 1004 2668 duobus
1027 2642 1297 2682 rmanuscriptitss
1334 2643 1453 2683 quibus
1496 2648 1570 2672 snm

875 2695 966 2727 usus,
989 2693 1025 2720 et
1050 2700 1115 2723 uno
1139 2692 1287 2732 antiqnae
1312 2691 1482 2729 editionis,
1502 2695 1572 2722 ‘vm

876 2742 931 2774 14.
953 2741 1001 2773 sic
1028 2742 1166 2774 scribit:
1190 2742 1308 2773 ‘Idem
1335 2746 1476 2782 propter
1503 2741 1571 2773 ino-

1454 2794 1528 2826 3Ζ
