1818 3131
311 198 404 227 mn.
437 197 498 226 vl.
531 195 635 224 cAr‘.
667 185 736 224 21.
770 196 832 225 DE
868 197 1021 227 annno
1053 197 1281 227 GALlAco.

74 296 174 323 tores.
230 291 345 332 Ipsum
375 295 486 321 autem
523 287 766 319 Germanorum

73 342 263 374 institutum
277 341 408 372 calculo
423 349 482 370 suo
497 337 649 379 probavit
668 338 768 368 Ocel-

72 393 123 422 lus
139 392 294 422 Lucanus
310 390 352 421 de
369 390 468 421 Univ.
498 398 529 419 c.
547 390 578 418 4.
605 387 683 427 Πρὸς
697 387 767 426 τὴν,

73 442 121 472 ait
155 441 404 482 antiquissimus
439 438 495 469 ille
534 438 768 478 Philosophus,

71 493 132 522 τῶν
167 490 346 531 ἀφροδισίων
373 489 486 529 χρῆσιν
516 487 609 519 οὕτως
639 487 768 526 ἄγεσθαι

72 542 134 582 χρὴ
143 541 198 571 τὸν
211 543 314 579 παῖδα,
328 538 367 570 ὣς
379 537 456 577 μηδὲ
472 537 628 578 ἐπιζητεῖν
639 539 697 579 πρὸ
708 541 769 570 τῶν

71 591 184 622 esti-otiu
197 591 273 620 ἐτῶν
286 589 344 626 τὴν
357 588 503 625 τοιαύτην
516 591 636 628 χρῆσιν.
681 589 767 620 Vide

71 643 195 681 p.634.
220 640 284 670 Ed.
311 640 484 670 Galeanae.
520 639 630 670 Duris.
673 639 768 670 Simi-

68 691 149 721 liter
163 691 224 721 δεῖν
237 690 293 721 τὸν
306 692 400 721 παῖδα
417 690 511 721 οὕτως
527 689 667 729 ἄγεσθαι,
689 690 769 720 ὥστε

69 740 112 778 μὴ
138 739 244 780 ζητεῖν
273 740 359 771 ἐντὸς
382 742 444 771 τῶν
467 741 581 771 εἴκοσιν
611 740 686 770 ἐτῶν
711 740 769 777 τὴν

68 789 214 828 τοιαίηην
243 790 404 822 συνουσίαν
433 795 671 831 praeceperunt
700 790 767 832 Py-

70 841 235 882 thagorei,
259 842 348 873 sicut
373 846 518 873 testatur
543 841 766 881 Jamblicbus,

69 891 130 922 vit.
147 892 290 932 Pythag.
306 902 339 922 n.
355 895 429 923 210.
454 892 553 930 Idem,
569 901 638 923 cur.
655 902 723 924 sec.

71 967 73 970 .
113 943 153 972 12
178 941 380 982 Perluuntur]
403 943 523 974 Petav.
538 941 632 973 Leid.
647 952 715 973 see.
732 947 767 974 et

68 994 145 1022 tert.
166 991 358 1030 proluuntur.
404 992 508 1030 Cave,
524 990 650 1022 audias.
689 991 767 1022 Per·-

69 1041 150 1072 luere
171 1046 223 1072 est
245 1041 381 1082 penitus
405 1041 630 1081 madefacere,
656 1046 692 1072 et
718 1046 767 1073 to-

68 1095 139 1122 tum
167 1100 290 1131 corpus
318 1091 458 1129 lavare;
489 1092 631 1131 proluere
669 1096 766 1123 notat

66 1141 191 1173 leviter
201 1141 417 1182 adspergere.
440 1139 508 1171 Adi
522 1140 638 1171 Celeb.
651 1141 766 1172 Burm.

69 1191 112 1223 ad
137 1191 279 1222 Petron.
310 1202 340 1223 c.
369 1194 442 1222 120.
465 1191 474 1207 ‘
490 1190 564 1221 Nec
586 1200 662 1222 mea
683 1191 766 1222 Tisi-

68 1241 179 1282 phone
196 1241 348 1272 sitientes
365 1241 492 1281 perluit
509 1241 624 1277 artus.’
661 1241 764 1273 Ovid.

68 1291 156 1322 Met.
172 1300 222 1322 lv.
239 1294 310 1323 172.
334 1293 343 1309 ‘
357 1291 517 1332 Dumque
533 1291 578 1321 ibi
600 1291 766 1331 perluitur

69 1341 170 1372 solita
183 1341 322 1373 Titania
337 1341 495 1382 lympha!
526 1340 663 1380 Apulei.
679 1342 765 1372 Met.

70 1398 94 1421 1.
111 1393 163 1422 10.
186 1391 197 1407 ‘
210 1390 331 1423 Quoad
345 1400 398 1421 me
416 1390 520 1420 urinae
542 1390 766 1430 spurcissimae

69 1440 207 1471 madore
234 1440 461 1481 perluerent2'
486 1439 542 1470 uhi
569 1439 689 1470 itidem
712 1441 767 1471 El—

70 1490 254 1521 menhorst.
271 1499 290 1520 e
306 1490 371 1520 Ms.
390 1489 523 1520 Bertin.
548 1490 676 1529 mallet,
698 1500 768 1530 pro-

68 1541 209 1572 luerent.-
235 1549 300 1581 quo
315 1539 399 1570 facit
422 1539 443 1570 l.
461 1548 509 1570 lx.
526 1549 558 1579 p.
576 1542 648 1570 205.
672 1540 681 1556 ‘
694 1549 768 1579 por-

68 1590 194 1621 tentosi
210 1590 340 1621 cruoris
362 1589 510 1620 maculas
526 1598 611 1619 novo
634 1589 768 1629 sangui-

69 1639 119 1671 nis
134 1639 234 1671 fluvio
247 1639 373 1680 proluit
384 1639 404 1670 :’
427 1639 470 1670 de
485 1648 550 1680 quo
564 1639 644 1669 alias
659 1640 769 1680 plura;

70 1691 120 1721 nti
140 1699 252 1730 spero.
296 1689 396 1720 Adde
423 1689 518 1721 Colv.
543 1688 633 1720 Ibid.
659 1690 766 1721 ‘lotio

70 1741 224 1781 perlutus
242 1739 262 1770 :'
292 1744 328 1771 et
354 1739 405 1770 Cl.
436 1738 614 1770 Drakenb.
639 1738 681 1769 ad
707 1740 767 1771 Sil.

72 1799 163 1822 xvu.
180 1793 253 1821 300.
276 1790 285 1806 ‘
302 1789 364 1820 tibi
382 1789 507 1829 proluit
520 1788 659 1820 ensem.’
706 1790 767 1821 Co-

69 1840 150 1871 lum.
166 1849 216 1871 vr.
232 1842 264 1871 8.
287 1839 296 1856 ‘
310 1839 393 1870 Tum
409 1838 485 1869 vino
501 1839 667 1879 proluitur
683 1839 730 1870 os’
748 1848 766 1870 e

68 1891 150 1922 Mss.

113 1943 153 1973 13
177 1941 223 1972 Et
245 1940 377 1981 pellibus
398 1943 451 1971 aut
471 1940 579 1981 parvis
599 1940 768 1972 rhenonum

70 1991 255 2032 teg-mentis
268 1991 416 2031 utuntur]
440 1991 494 2022 Sic
516 1996 609 2022 recte
629 1991 766 2032 legitur,

71 2051 181 2083 neque
195 2041 311 2072 audire
327 2047 362 2073 te
384 2041 638 2073 Hotomannum
655 2043 768 2082 velim,

71 2091 128 2133 qui
142 2101 249 2122 renum
265 2091 424 2132 legebat:
440 2091 575 2122 videtur
590 2092 640 2122 illi
654 2092 768 2123 incon-

65 2140 174 2175 cinna
200 2141 330 2181 phrasis
356 2141 462 2181 partis
486 2141 650 2172 rhenonum
681 2146 768 2181 tegu-

71 2190 196 2229 mentis,
225 2200 287 2230 pro
320 2191 428 2230 part-is
457 2191 649 2223 rhenonibus.
702 2192 769 2223 Sed

73 2241 166 2272 nulla
193 2240 246 2271 hic
271 2239 466 2280 difficultas,
495 2250 570 2271 nam
601 2241 692 2282 quod
722 2241 770 2272 ait

68 2290 177 2330 parvis
188 2299 333 2328 sagorum
344 2291 532 2330 tegumentis
543 2300 663 2331 parum
677 2295 770 2322 recte

72 2340 154 2380 dici,
174 2344 211 2371 ct
233 2340 354 2371 eodem
376 2340 476 2371 modo
499 2350 609 2381 neque
634 2342 696 2372 hoc
718 2351 769 2372 sa-

64 2400 152 2435 ⁴rium
172 2400 256 2430 esse,
279 2400 344 2422 non
368 2390 523 2431 admitto,
546 2401 607 2422 nec
632 2401 769 2432 prorsus

73 2440 192 2473 eadem
208 2442 294 2472 ratio
310 2446 373 2472 est.
410 2442 499 2472 Illud
516 2442 701 2481 tegumentis
714 2443 769 2475 hic

72 2491 117 2522 ad
144 2491 383 2531 explicandum
410 2491 579 2531 adjectum
603 2497 669 2531 est,
691 2493 770 2533 quia

71 2540 238 2573 rhenonum
260 2551 325 2571 vox
351 2541 460 2571 minus
484 2546 576 2572 nota.
620 2541 677 2572 Sic
695 2541 770 2579 sons

77 2590 210 2631 Timavi,
232 2591 281 2623 sic
298 2593 363 2623 alia
379 2592 550 2630 dicuntur,
575 2598 611 2624 at
636 2602 704 2624 non
728 2603 769 2624 eo

76 2644 145 2671 tam
169 2641 268 2673 facile
299 2643 450 2684 reperias
471 2642 593 2683 fluvius
618 2643 770 2675 Danubii.

74 2690 82 2704 ‘
97 2689 286 2722 lenones’
310 2692 376 2734 (ait
400 2692 551 2725 Isidorus
574 2694 669 2734 Orig.
686 2702 768 2725 xlx.

76 2737 146 2781 23.)
175 2740 279 2774 ‘sunt
302 2743 469 2777 velamina
494 2744 709 2778 humerorum
734 2750 770 2778 et

1405 187 1426 227 1
1434 188 1516 229 165

819 290 965 327 pectoris
990 300 1093 331 usque
1116 290 1157 322 ad
1183 290 1388 327 umbilicum,
1413 295 1514 331 atque

817 338 950 369 intortis
989 341 1047 380 [an
1086 351 1151 371 non
1189 341 1309 372 melius
1343 341 1474 372 intonsis
1485 340 1516 381 7]

817 388 903 417 villis
920 389 1004 419 adeo
1022 390 1166 430 hispida,
1194 395 1230 421 ut
1253 390 1375 421 imbres
1400 400 1515 431 respu-

816 443 886 476 ant,
918 448 998 478 quos
1032 441 1128 479 vulgo
1160 447 1274 480 reptos
1307 446 1440 480 vocant,
1474 450 1515 472 eo

818 488 907 528 quod
934 489 1109 529 longitudo
1139 491 1291 522 villorum
1321 492 1414 532 quasi
1442 501 1517 533 rep-

819 542 889 568 tat:
918 538 960 569 de
988 539 1108 579 quihus
1133 541 1324 577 Sallustius,
1353 541 1516 572 Germani

817 589 980 620 intectum
1004 591 1222 622 Rhenonihus
1239 602 1359 632 corpus
1384 598 1516 633 tegunt.

816 639 911 670 Dicti
928 645 1041 671 autem
1061 640 1225 671 rhenones
1243 652 1261 672 a
1288 642 1405 673 Rheno
1430 642 1516 673 Ger-

816 691 936 722 maniae
973 689 1122 729 flumine,
1161 692 1216 722 ubi
1249 692 1287 722 iis
1319 691 1516 731 frequenter

817 740 981 772 utuntur)
1048 741 1206 771 Meminit
1251 742 1434 772 eorundem
1481 749 1516 773 et

816 790 938 830 Varro,
966 795 1001 822 et
1029 791 1159 822 Gloss‘ae
1187 791 1271 822 Mss.
1295 792 1303 807 ‘
1320 791 1439 822 Rheno
1463 796 1517 822 est

817 840 1003 880 pellicium,
1030 841 1083 871 vel
1107 841 1209 872 vestis
1235 840 1327 871 facta
1355 840 1397 871 de
1425 841 1519 881 pelli-

817 890 890 930 bus,
907 891 1129 932 pendensque
1145 891 1187 922 ad
1211 890 1429 922 umbilicum.’
1473 891 1517 922 E-

817 945 893 971 rant
909 945 1022 971 autem
1041 941 1164 972 tunicae
1182 941 1248 971 illae
1269 950 1348 979 non,
1375 945 1412 971 ut
1438 940 1518 972 Clu·

818 1000 916 1021 verus
942 992 1027 1030 vult,
1051 991 1123 1022 sine
1150 991 1312 1022 manicis:
1345 991 1518 1021 breviores

816 1040 1002 1081 habebant,
1035 1045 1074 1072 ut
1110 1041 1250 1082 legimus
1280 1040 1371 1081 apud
1401 1041 1517 1072 Sidon.

817 1090 1005 1130 Apollinar.
1023 1091 1044 1121 l.
1062 1100 1112 1122 lv.
1128 1091 1229 1131 epist.
1244 1093 1297 1122 20.
1318 1091 1375 1121 ubi
1392 1091 1519 1122 descri-

818 1139 868 1170 bit
891 1140 1042 1171 habitum
1065 1141 1241 1181 Sigismcri
1265 1140 1348 1181 regii
1371 1140 1519 1180 juvenis,

816 1193 851 1219 et
867 1188 937 1219 ait:
957 1190 966 1206 ‘
979 1189 1114 1220 Praeter
1128 1190 1190 1221 hoc
1206 1190 1310 1221 vestis
1326 1190 1406 1229 alta,
1421 1190 1517 1221 stric-

816 1243 863 1276 ta,
880 1240 1074 1280 versicolor,
1091 1240 1147 1279 vjx
1163 1241 1442 1282 appropinquans
1459 1250 1518 1282 po-

816 1289 956 1329 plitibus
983 1290 1123 1321 exertis.
1168 1291 1317 1321 Manicae
1346 1291 1416 1322 sola
1441 1290 1517 1321 bra-

817 1340 966 1371 chiorum
982 1341 1151 1382 principia
1163 1341 1328 1372 velantes.
1362 1340 1519 1372 Viridan-

818 1389 866 1419 tia
895 1399 972 1429 saga
1001 1390 1111 1421 limbis
1137 1391 1326 1431 marginata
1353 1391 1519 1432 puniceis,

818 1439 958 1478 penduli
995 1449 1037 1471 ex
1067 1441 1205 1472 humero
1242 1441 1359 1481 gladii,
1397 1441 1519 1472 balteis

818 1491 1136 1530 supercurrentibus
1169 1491 1376 1522 strinxerant
1405 1491 1519 1522 clausa

817 1539 954 1572 bullatis
992 1542 1101 1572 latera
1136 1541 1365 1573 rhenonibus!
1417 1541 1518 1573 Unde

818 1590 916 1622 simul
933 1591 1092 1622 discimus
1115 1592 1229 1623 solitos
1252 1592 1355 1622 etiam
1377 1591 1518 1623 Germa-

818 1650 876 1672 nos
902 1641 1000 1672 bullis
1024 1650 1143 1673 ornare
1170 1643 1336 1673 rhenones
1366 1651 1454 1681 suos,
1480 1646 1520 1672 ut

817 1690 870 1722 hic
907 1691 1123 1732 Sigismerus,
1159 1692 1217 1733 qui
1253 1701 1393 1733 sponsus
1430 1696 1517 1722 erat.

817 1744 926 1776 Porro
947 1745 1114 1776 rhenonum
1136 1754 1268 1785 nomen,
1291 1749 1330 1776 ut
1351 1744 1438 1776 bene
1462 1744 1519 1776 ob—

817 1799 988 1825 servatum
1019 1805 1153 1836 quoque
1184 1795 1329 1826 Cluvero
1361 1798 1425 1835 est,
1452 1803 1519 1824 nou

818 1843 878 1874 ἀπὸ
906 1846 968 1874 τῶν
997 1845 1104 1885 ῥηνῶν,
1134 1855 1192 1876 seu
1221 1845 1347 1884 agninis
1377 1845 1520 1884 pellibus,

817 1895 923 1925 multo
939 1893 1049 1925 minus
1067 1904 1086 1924 a
1108 1894 1243 1933 Rheno,
1265 1893 1354 1934 quod
1380 1893 1519 1934 dignum

817 1944 950 1976 Isidoro
976 1944 1177 1986 figmentum
1204 1949 1268 1981 est,
1298 1943 1357 1975 sed
1384 1953 1403 1974 a
1429 1943 1520 1981 rhen,

818 1995 910 2035 quod
927 1995 1050 2026 animal
1067 1995 1161 2026 cervi
1177 1995 1291 2036 specie
1307 1994 1416 2025 adhuc
1438 1994 1522 2035 Sep-

818 2045 980 2076 tentrioni
1003 2045 1165 2085 proximis
1189 2045 1345 2085 gentibus
1359 2044 1468 2085 pelles
1484 2048 1520 2074 et

817 2095 967 2126 habitum
996 2094 1131 2126 sufficit.
1176 2094 1274 2126 Adeo
1297 2099 1336 2126 ut
1361 2094 1519 2125 damnan-

819 2145 882 2176 dus
904 2145 1040 2176 minime
1063 2146 1107 2176 sit
1133 2145 1320 2185 Aimoinus,
1338 2155 1437 2186 quem
1462 2144 1520 2175 alii

819 2195 1063 2236 perstringunt,
1086 2196 1166 2236 quia
1184 2204 1249 2236 quo
1268 2195 1341 2226 loco
1357 2195 1428 2226 haec
1447 2194 1520 2225 Ca:-

819 2245 901 2276 saris
917 2245 1021 2276 verba
1036 2245 1214 2285 describit,
1238 2243 1420 2275 addiderat
1446 2243 1519 2274 rhe-

819 2303 937 2326 uonem
955 2305 1027 2326 esse
1042 2295 1193 2326 animalis
1212 2304 1330 2335 genuS.
1376 2293 1466 2327 Quin
1483 2299 1520 2324 et

818 2345 989 2385 vulgatum
1021 2345 1189 2386 hodieque
1218 2345 1353 2383 animal,
1383 2354 1521 2385 caprea,

818 2394 908 2425 idem
923 2405 1045 2426 nomen
1061 2396 1166 2426 habet
1180 2406 1188 2426 :
1219 2404 1282 2426 nec
1299 2394 1418 2425 dubito
1435 2394 1519 2426 Ger-

818 2454 933 2476 manos
954 2450 1067 2477 vestes
1091 2455 1132 2477 ex
1156 2446 1231 2486 ejus
1254 2445 1399 2484 pellibus
1426 2454 1521 2485 para-

818 2495 916 2526 visse.
949 2496 1038 2527 Sane
1051 2496 1131 2527 illuc
1149 2495 1300 2536 respexit
1316 2495 1426 2533 Maro,
1441 2503 1518 2525 cum

820 2545 946 2586 Georg.
979 2555 1036 2577 ιιι,
1076 2549 1151 2577 381.
1186 2546 1252 2576 ait:
1293 2544 1411 2575 ‘'l'alis
1446 2544 1518 2583 HJ-

819 2595 986 2636 perboreo
1023 2601 1156 2637 septem
1199 2595 1355 2636 subjecta
1396 2593 1516 2623 Trioni

820 2645 913 2677 Gens
928 2644 1058 2677 effrena
1073 2646 1183 2676 virum
1199 2645 1340 2684 Riphaeo
1362 2641 1518 2673 tunditur

820 2695 922 2735 Euro,
948 2696 995 2727 Et
1024 2696 1193 2737 pecudum
1228 2694 1328 2726 fulvis
1359 2693 1518 2724 velantur

819 2753 965 2787 corpora
980 2745 1086 2778 setis.’
1130 2744 1199 2777 Ubi
1220 2742 1371 2784 Servius,
1393 2743 1401 2759 ‘
1416 2751 1519 2785 pecu·
