1818 3131
358 219 454 249 mn.
488 219 540 248 ιι.
572 217 679 247 CAP.
709 206 782 248 27.
817 218 880 247 nr.
915 219 1073 249 nunno
1106 220 1338 251 GAmeO.

110 310 214 343 Ovid.
231 311 373 343 Metam.
390 320 424 342 v.
440 313 515 342 212.
532 314 569 341 et
584 309 813 342 commentat.

107 361 148 391 ad
166 362 377 392 Sallustium.

151 419 256 442 xxvi.
280 413 298 440 4
332 410 416 441 Aliis
449 408 686 449 alii-ferrent]
730 409 812 441 Mss.

107 461 192 501 Reg.
218 465 253 492 et
279 460 402 498 Vossii,
426 463 462 490 et
489 459 580 490 Edit.
607 459 706 491 Rom.
731 459 812 490 alius

102 510 308 548 alii—stura.
349 511 415 546 MS·
469 509 595 541 Elieus.
637 515 810 551 corrupte,

101 560 182 591 azius
200 559 392 598 alii—<serra
429 560 537 592 Clark.
583 561 652 592 Pro
674 561 748 591 aliis
777 561 810 592 in

104 610 214 651 Bong.
236 619 286 651 pr.
307 610 405 641 Voss.
423 620 473 651 pr.
490 610 611 642 Petav.
629 611 758 643 Lovan.
774 616 811 643 et

103 670 163 692 sex
179 661 253 691 aliis
271 665 374 702 atque
397 660 485 692 Edd.
511 661 632 701 priscis
649 666 811 693 exaratur

99 712 198 744 alius.-
222 722 282 753 pro
302 712 359 744 alii
378 716 449 744 tres
467 713 692 744 recentissimi
708 714 808 746 modo

99 762 183 794 aliis.
230 763 399 804 Egmund.
423 763 457 794 in
479 763 569 795 aliis:
584 764 689 802 ferret
705 765 808 796 etiam

100 812 216 851 iidem,
229 814 286 854 qui
299 812 426 845 habent
438 813 517 844 alius
533 818 661 854 praeter
675 814 807 847 Duker.

101 862 157 903 qui
175 863 425 903 elegantissime
450 864 596 895 servavit
610 864 749 904 ferrent,
769 870 807 897 ut

98 911 375 950 timerent:serre
399 913 437 944 L.
468 917 547 945 tert.
573 919 609 946 et
636 915 699 946 Ed.
730 915 806 947 luc.

100 961 182 993 alius
197 971 273 994 cum
291 963 426 1004 plurali,
441 967 478 994 ut
502 972 528 995 1.
551 967 604 995 93.
629 965 637 981 ‘
653 965 806 998 Quorum

99 1011 198 1052 alius,
215 1012 279 1044 alia
294 1022 412 1044 caussa
428 1013 547 1053 inlata,
565 1023 663 1055 quam
682 1025 708 1045 s.
726 1025 755 1046 a.
772 1024 806 1055 p.

97 1072 130 1094 n.
158 1073 188 1095 e.
220 1064 384 1105 dicerent,
412 1065 578 1106 petebant
593 1069 613 1096 :’
638 1071 675 1097 ut
702 1066 806 1098 habet

99 1113 183 1146 cod.
216 1115 342 1147 Lovan.
393 1115 518 1156 Dictys
557 1115 650 1148 Cret.
683 1125 724 1150 ιι.
751 1118 805 1148 43.

96 1167 105 1180 ‘
127 1173 229 1205 super
245 1165 344 1196 alium
367 1165 452 1196 alius
476 1165 581 1197 ruinae
604 1166 704 1197 modo
720 1175 805 1206 prae-

97 1213 351 1254 cipitarentur.’
403 1215 504 1246 Adde
536 1216 632 1248 Cort.
664 1216 706 1247 ad
736 1216 806 1247 Sal-

96 1264 175 1297 lust.
200 1265 243 1296 B.
269 1265 370 1297 Catil.
395 1275 425 1298 c.
439 1268 470 1297 6.
494 1266 503 1282 ‘
520 1267 605 1298 alius
627 1267 692 1298 alio
709 1276 803 1298 more

96 1315 273 1347 viventes.'
321 1316 430 1348 Drak.
451 1316 495 1347 ad
516 1316 591 1348 Liv.
609 1326 664 1349 111.
681 1320 732 1349 50.
752 1320 802 1349 12.

93 1366 102 1381 ‘
121 1366 206 1396 alius
234 1366 268 1396 in
293 1367 392 1397 aliam
420 1372 553 1407 partem
583 1367 801 1401 discurrunt!

95 1414 138 1446 V.
164 1420 198 1446 et
222 1424 273 1447 xv.
297 1419 350 1447 26.
396 1416 543 1457 Vulgato
561 1422 675 1449 tamen
702 1427 802 1458 opem

95 1464 164 1496 fert
189 1465 283 1497 locus
310 1475 343 1498 v.
371 1469 422 1497 16.
446 1467 554 1498 ‘alios
584 1468 640 1498 alii
668 1468 802 1508 excipe-

95 1514 197 1545 rent!
240 1515 333 1547 Alius
351 1515 457 1553 ferret
484 1515 675 1546 confirmari
700 1517 803 1548 etiam

95 1569 209 1605 posset
235 1574 277 1596 ex
306 1566 348 1596 B.
371 1566 410 1597 C.
433 1574 456 1597 1.
484 1569 537 1597 21.
574 1569 582 1583 ‘
601 1571 638 1597 ut
662 1566 744 1597 alius
769 1567 803 1597 iu

98 1614 196 1645 aliam
213 1619 344 1654 partem
362 1620 475 1646 niente
491 1620 594 1657 atque
610 1616 718 1647 animo
736 1621 803 1648 tra-

94 1664 263 1696 heretur-:¹
286 1671 322 1696 et
347 1675 387 1697 11.
406 1669 458 1697 29.
481 1668 489 1683 ‘
508 1666 594 1697 alius
618 1667 674 1698 alii
700 1667 805 1700 tradi-

96 1714 214 1746 derat.’
257 1715 324 1746 Sed
339 1721 374 1746 et
390 1716 435 1746 ibi
452 1716 584 1748 variant
599 1717 684 1747 Mss.

138 1767 176 1796 12
200 1766 362 1796 Decimam
377 1766 527 1805 legionem
541 1766 675 1797 subsidio
690 1767 803 1798 uostris

94 1814 197 1854 misit]
230 1815 349 1846 Falsus
373 1821 427 1847 est
449 1816 653 1847 Plutarchus
679 1817 735 1858 qui
758 1818 801 1849 de

94 1863 154 1895 vit.
178 1865 304 1896 Caesar.
329 1865 427 1896 Tom.
447 1875 471 1897 1.
497 1876 528 1906 p.
545 1869 620 1897 718.
644 1866 687 1898 Α.
714 1868 802 1898 δωδε-

93 1912 176 1954 κάτῳ
205 1913 355 1954 τάγματι,
384 1917 571 1948 duodecimoe
595 1917 710 1956 legioni
737 1918 800 1950 hoc

93 1963 226 1997 facinus
243 1966 415 1998 attribuit.
460 1968 576 1998 Daris.

137 2018 174 2046 15
199 2015 292 2046 Nihil
315 2018 355 2047 ud
381 2017 573 2048 celeritatem-
601 2018 661 2049 sibi
690 2020 801 2060 reliqui

84 2063 246 2104 fecerunt]
291 2066 402 2098 Quam
445 2067 590 2098 maxima
620 2069 798 2101 celeritate

92 2114 264 2154 progressi
283 2119 372 2156 sunt,
397 2122 435 2148 ut
459 2117 526 2148 suis
546 2118 709 2150 auxilium
733 2119 802 2150 fer-

94 2167 182 2194 rent.
240 2164 337 2195 Hanc
371 2166 577 2206 elegantiam
607 2177 672 2199 non
703 2169 798 2209 cepit

94 2212 362 2252 Memphi-astes,
377 2217 431 2255 qui
446 2216 561 2255 habet,
576 2216 663 2247 οὐδὲν
674 2217 798 2250 ἀνίεσαν

92 2263 149 2299 τῆς
185 2261 374 2301 ταχύτητος.
414 2265 509 2296 Idem.
539 2267 582 2298 V.
613 2267 728 2300 Graev.
755 2270 796 2301 ad

95 2312 167 2343 Cic.
186 2313 207 2343 l.
226 2321 274 2343 ιν.
292 2313 334 2344 ad
353 2314 424 2345 Att.
441 2315 504 2355 Ep.
521 2319 552 2347 6.

137 2371 253 2394 xxvn.
269 2367 289 2393 6
315 2364 465 2395 Omnibus
477 2367 509 2397 in
519 2367 593 2398 locis
605 2369 797 2409 pugnabant,

92 2422 149 2452 quo
163 2423 194 2443 se
218 2414 295 2454 Ieg.]
330 2415 439 2445 Editis
465 2415 714 2456 adstipulantur
734 2421 796 2452 soli

92 2462 314 2493 recentissimi
343 2464 488 2495 Codices
513 2465 610 2496 Leid.
633 2476 701 2499 sec.
723 2469 796 2500 Du-

93 2511 165 2542 ker.
197 2517 232 2543 et
260 2513 407 2543 Dorvill.
440 2514 557 2545 Ceteri
589 2525 709 2556 magno
739 2527 798 2549 nu-

92 2569 184 2591 mero
204 2561 331 2592 habent
355 2572 432 2593 cum
459 2564 522 2595 Ed.
548 2565 620 2596 luc.
642 2573 795 2606 pugnant.

91 2610 230 2642 Scilicet
267 2621 345 2642 cum
374 2618 568 2646 occurrerent
602 2615 733 2648 abierat
763 2618 795 2648 in

92 2665 301 2700 eccum-erunt,
317 2662 370 2693 hic
395 2673 529 2706 quoquc
549 2664 675 2706 fingere
693 2667 796 2699 debu-

95 2715 196 2740 erunt
221 2711 464 2745 indicativum:
490 2715 548 2746 scd
576 2717 688 2748 omnia
715 2728 796 2758 peu-

95 2759 177 2790 dent
207 2771 227 2793 a
252 2764 522 2803 praecedentibus
547 2768 557 2785 ‘
575 2771 672 2800 tanta
708 2778 797 2801 eom-

1482 212 1569 254 999

863 312 1005 343 mutatio
1030 317 1085 344 est
1110 311 1215 352 facta,
1238 317 1274 344 ut
1289 312 1311 344 :’
1336 321 1441 354 quare
1471 313 1568 346 obse·

863 367 961 393 cutus
972 373 1043 393 sum
1057 364 1252 394 auctoritati
1266 363 1566 395 vetustissimorum

863 412 947 443 Mes.
975 412 1111 452 Andini,
1139 413 1343 454 Owniensis
1369 417 1404 445 et
1429 413 1493 445 Ed.
1522 415 1565 446 R.

859 461 1024 502 Stephani
1043 463 1076 492 in
1099 463 1174 492 locis
1193 473 1306 502 pugna>
1319 472 1363 504 se,
1385 464 1438 503 ξε.
1465 472 1567 495 sensu

861 510 952 541 claro
969 515 1005 541 et
1018 514 1149 550 aperto.

901 564 920 592 7
948 562 985 592 In
1011 565 1151 593 extrema
1175 571 1228 602 spe
1250 562 1373 602 salutis]
1410 562 1567 596 Andreas

859 611 1020 644 Schottus
1044 620 1085 642 ιι.
1111 614 1163 643 36.
1190 611 1374 643 observat.
1392 613 1566 647 Poeticar.

858 662 1003 702 probare
1021 662 1099 693 hinc
1123 662 1245 693 nititur
1265 672 1349 702 spem
1365 673 1426 703 pro
1443 664 1566 704 despe-

858 713 987 744 ratione
1016 712 1109 752 poni.
1155 712 1240 742 Mihi
1272 712 1355 742 nihil
1387 712 1565 747 absurdius

857 761 925 794 dici
939 763 1092 803 potuisse
1107 761 1261 793 videtur:
1279 761 1372 792 aliud
1386 761 1473 793 enim
1487 773 1567 804 spes,

857 812 948 844 aliud
965 816 1105 844 extrema
1127 813 1182 844 vel
1205 813 1290 843 nulla
1310 821 1389 852 spes.
1428 813 1565 846 Vossius.

855 862 898 894 V.
916 867 952 894 et
975 872 1005 894 c.
1020 865 1074 895 33.
1097 863 1106 880 ‘
1124 862 1326 894 Extremum
1345 863 1492 904 tempus’
1521 864 1564 896 B.

858 912 930 943 Civ.
947 921 987 943 ιι.
1004 915 1037 943 4.

899 964 936 992 11
967 962 1009 992 L't
1035 972 1075 992 ex
1095 962 1210 992 tumulo
1226 961 1301 1001 tela]
1326 962 1503 1004 Tanquam
1521 973 1565 997 ex

856 1012 998 1051 tumulo,
1022 1012 1061 1043 ὡς
1085 1011 1147 1042 ἀπὸ
1167 1013 1224 1042 τοῦ
1244 1011 1398 1052 γηλόφου,
1414 1017 1451 1044 ut
1466 1018 1563 1046 recte

856 1061 1010 1093 Graecus.
1057 1061 1269 1103 Interpunge
1301 1062 1420 1103 igitur,
1448 1067 1489 1098 ,ut
1522 1073 1564 1095 ex

853 1111 981 1151 tumulo,
996 1111 1071 1151 tela,
1089 1112 1142 1151 &a
1162 1111 1256 1152 picta
1276 1115 1354 1151 post
1369 1121 1487 1143 vocem
1503 1122 1563 1153 pe-

854 1161 1029 1192 nultimam
1041 1161 1179 1192 minima
1191 1161 1422 1193 distinctione.
1447 1163 1563 1196 Davis.

897 1215 936 1244 13
968 1212 1105 1245 Deberet
1134 1222 1223 1243 ausos
1248 1213 1328 1253 esse]
1362 1212 1419 1243 Ita
1441 1212 1562 1254 reponi

847 1262 949 1303 jussit
977 1262 1020 1294 G.
1050 1263 1188 1294 Canter.
1215 1262 1366 1294 Novant.
1394 1262 1491 1294 Leet.
1518 1271 1561 1297 ιι.

853 1316 906 1347 28.
923 1313 1117 1355 habentque
1133 1312 1221 1344 Edd.
1237 1312 1340 1344 Basil.
1357 1317 1393 1344 et
1407 1313 1563 1355 Vascos.,

854 1369 943 1396 teste
984 1364 1137 1395 Brantio.
1187 1363 1326 1395 Priores
1365 1374 1442 1396 cum
1473 1365 1559 1399 Mss.

853 1419 1016 1456 quantum
1031 1415 1115 1454 scio,
1125 1414 1279 1445 omnibus
1290 1414 1453 1446 deberent.-
1469 1415 1561 1456 quod

851 1469 891 1496 ut
926 1465 1036 1495 locum
1076 1464 1202 1495 habere
1239 1468 1368 1504 posset,
1407 1464 1560 1497 Faernus

852 1515 950 1555 legit,
977 1515 1046 1545 ausi
1070 1515 1148 1554 quod
1167 1517 1291 1550 essent,·
1314 1515 1485 1555 quomodo
1511 1515 1561 1546 di·

852 1570 942 1596 serte
972 1570 1132 1596 exaratur
1167 1565 1201 1595 iu
1240 1565 1325 1596 Cod.
1356 1564 1559 1598 Oxoniensi.

852 1614 931 1646 Ausi
947 1618 1019 1646 sunt
1035 1615 1132 1646 Leid.
1154 1624 1223 1646 sec.
1245 1624 1336 1646 ausos
1350 1624 1413 1647 sese
1430 1616 1558 1650 Lovan.

852 1670 887 1696 et
918 1666 1065 1696 Dorvill.
1125 1667 1210 1697 Post
1242 1665 1387 1697 deberent
1416 1667 1558 1700 Hotom-

852 1725 929 1746 cum
956 1715 1046 1747 Edd.
1071 1714 1187 1756 primis
1213 1715 1349 1755 plenam
1375 1717 1471 1756 ponit
1493 1717 1560 1749 dis·

853 1764 1071 1796 tinctionem:
1096 1769 1131 1795 et
1146 1765 1246 1795 Auses
1261 1775 1324 1796 esse
1338 1776 1399 1806 per
1415 1766 1560 1798 admira-

851 1814 978 1845 tionem
993 1814 1123 1845 dietum
1143 1819 1309 1845 autumat.
1356 1816 1485 1848 Quales
1508 1817 1559 1848 in-

851 1863 974 1895 finitivi
988 1874 1054 1895 non
1071 1874 1158 1904 raro,
1172 1865 1260 1906 apud
1278 1865 1454 1897 Justiuum
1471 1877 1559 1907 prae·

850 1915 978 1954 sertim,
1014 1918 1225 1946 occurrunt:
1262 1914 1324 1945 sed
1366 1916 1446 1956 quid
1485 1923 1558 1949 tum

850 1965 1084 2006 praecedentia
1119 1964 1388 2006 significabunt?
1426 1967 1557 1998 Forsan

849 2015 961 2048 fuerat
985 2017 1065 2047 olim
1090 2016 1302 2057 simpliciter,
1326 2016 1391 2048 ‘ut
1416 2027 1558 2050 nonne-

850 2068 1030 2109 quicquam
1058 2073 1084 2100 t.
1109 2079 1140 2099 v.
1155 2069 1189 2099 h.
1211 2068 1363 2108 judicari
1387 2069 1558 2102 deberent

850 2119 918 2149 ausi
945 2119 1090 2150 transire
1108 2118 1127 2150 ς’
1163 2124 1202 2150 ut
1231 2128 1275 2149 ex
1305 2124 1418 2150 assuto
1449 2120 1555 2152 verbo

847 2179 910 2200 esse
934 2174 1016 2200 nata
1045 2170 1090 2200 sit
1114 2169 1221 2200 omnis
1246 2169 1404 2201 variatio.
1450 2170 1558 2202 Debu-

847 2220 927 2251 erint
944 2221 1063 2252 mallet
1078 2220 1292 2252 Ciaccouius.

891 2275 929 2303 15
957 2272 1036 2307 Quae
1051 2271 1167 2309 facilia
1180 2282 1220 2302 ex
1242 2271 1438 2312 dffcilliirzis
1457 2270 1556 2303 animi

846 2323 1028 2361 magnitudo
1086 2321 1264 2361 redegerat]
1325 2321 1553 2352 Reddiderat.

847 2372 982 2404 Phrasis
995 2377 1048 2404 est
1060 2383 1148 2411 rara,
1164 2382 1229 2413 qua
1247 2377 1361 2403 tamen
1378 2372 1458 2402 alibi
1474 2381 1554 2403 usus

846 2427 899 2454 est
927 2428 1057 2455 noster.
1101 2423 1156 2454 Sic
1182 2424 1221 2453 B.
1237 2422 1281 2454 G.
1302 2431 1353 2454 ιν.
1381 2425 1412 2453 3.
1437 2426 1446 2438 ⁶
1465 2422 1553 2452 Vec-

846 2473 968 2513 tigales
985 2473 1048 2504 sibi
1072 2472 1231 2504 fecerunt
1247 2482 1286 2503 ac
1301 2472 1408 2503 multo
1424 2470 1555 2502 humili-

846 2533 921 2555 ores
938 2523 1210 2565 infirmioresque
1227 2521 1457 2564 redegerunt.’
1496 2521 1552 2552 Ita

846 2575 933 2606 enim
949 2585 991 2606 ex
1007 2576 1094 2606 Mss.
1110 2580 1146 2606 et
1168 2579 1255 2605 vett.
1273 2574 1383 2605 Editt.
1401 2571 1553 2602 restitui-

845 2633 930 2665 mus,
943 2636 1018 2657 curn
1035 2626 1068 2656 in
1086 2624 1330 2656 recentioribus
1347 2623 1391 2653 sit
1408 2621 1552 2652 reddide-

844 2679 930 2715 runt,
961 2686 1022 2716 pro
1064 2677 1180 2708 Genio
1210 2676 1463 2711 Correctmum,
1493 2671 1552 2713 qui

845 2730 1019 2757 mutarunt
1043 2736 1096 2764 ea,
1117 2735 1191 2765 quae
1216 2733 1282 2754 non
1297 2721 1549 2762 intelligebant.

845 2774 959 2807 Dnvis.
1003 2776 1150 2807 Hermas
1165 2775 1260 2805 Past.
1278 2781 1333 2804 ιιι.
1357 2772 1439 2804 Sim.
1462 2775 1494 2804 9.
1515 2775 1551 2804 2.
