1818 3131
352 255 564 288 IAB.V1L
595 239 797 283 cAP.3L
832 250 893 279 DE
929 250 1083 280 nunno
1115 249 1342 279 GAnnuxx

121 356 243 386 eventum
269 362 311 383 m.
341 360 427 382 σει-ωε
451 360 475 382 s.
504 358 537 380 ν.
565 350 616 379 10.
644 347 661 386 ξ)
687 347 719 375 2.
748 344 757 360 4
776 343 815 373 In

123 403 268 433 inaximo
284 406 448 442 proventu
465 397 641 429 felicitatis
655 399 780 425 nostrae
795 392 815 423 z’

123 452 179 483 ubi
197 452 271 482 vide
287 451 392 481 soceri
408 454 524 480 notas:
550 456 628 478 vin.
647 449 676 477 l.
694 448 723 476 3.
742 447 750 462 4
769 454 817 475 sc-

123 502 306 534 cundarum
323 509 432 531 rerum
449 502 617 539 proventu
634 495 750 526 abuti!

166 562 253 584 xxx.
269 555 287 583 3
314 552 356 582 Et
372 548 578 590 conspectum]
608 548 663 578 Sic
683 548 764 577 Mss.
782 550 818 576 et

122 603 230 635 Editt.
257 604 350 633 Vett.
379 601 600 633 Recentiores
626 608 720 639 neque
749 608 817 628 cou-

118 656 262 694 spectum.
302 652 407 683 Clark.
468 652 557 688 Lege
575 653 604 681 et
619 652 818 689 conspectum,

120 703 208 744 quod
221 703 343 744 jubent
354 702 484 732 Buslid.
499 702 603 732 Norv.
615 703 650 730 et
661 699 818 730 Beroald.

121 753 232 785 Dacis.
259 762 331 783 cur.
353 761 420 783 sec.
468 751 537 781 Mei
555 759 687 791 quoque
704 758 818 779 omnes

122 803 163 834 ad
179 812 280 833 unum
303 811 407 842 usque
433 806 466 831 ct
485 800 570 830 Edd.
589 810 644 840 pp.
661 810 699 830 ac
716 800 816 829 Vasc.

121 853 162 883 R.
178 852 229 882 St.
242 851 383 891 aliaeque
400 854 450 880 et.-
472 849 532 879 ἀπὸ
547 849 646 879 κοινοῦ
662 853 818 889 repeten-

121 902 200 932 dum
212 911 292 936 non,-
316 905 353 931 ut
368 899 407 930 fit
421 899 601 939 saepissime
617 910 624 929 ι
649 908 712 929 nec
729 898 817 929 enim

121 960 218 990 opus,
253 960 329 981 cum
366 949 588 988 Egmundano
624 948 726 979 scribi
759 957 819 978 non

113 999 187 1039 jug.

164 1053 202 1081 11
241 1049 391 1080 Homines
425 1050 538 1080 insueti
574 1049 699 1089 laboris]
751 1048 818 1079 Ms.

120 1100 262 1132 Norvic.
279 1099 443 1138 laboribus,
467 1099 558 1140 quod
584 1099 727 1139 probum
745 1102 818 1136 est3

121 1150 179 1182 sed
194 1151 303 1181 altera
318 1149 478 1190 loquendi
496 1150 581 1180 ratio
604 1148 731 1180 Caesari
754 1158 820 1179 ma-

121 1201 169 1241 gis
187 1201 321 1231 usitata.
366 1199 434 1231 Sed
457 1200 496 1230 B.
513 1200 554 1230 G.
573 1209 605 1230 v.
621 1202 653 1230 6.
677 1199 686 1216 ‘
704 1199 819 1229 Insue-

123 1255 176 1282 tus
192 1250 372 1291 navigandi
384 1249 406 1288 ;'
452 1259 490 1280 ac
507 1250 548 1280 B.
564 1250 602 1281 C.
620 1259 645 1280 1.
662 1251 715 1281 44.
739 1250 748 1266 ‘
767 1248 820 1279 In-

120 1304 233 1331 suetos
257 1300 353 1340 liujus
376 1299 508 1339 generis
535 1300 679 1340 pugnae.’
733 1297 820 1328 Vide

122 1355 158 1381 et
172 1351 212 1382 B.
229 1350 268 1382 C.
286 1359 342 1380 111.
359 1352 412 1380 49.
459 1350 536 1380 Non
554 1354 666 1380 autem
682 1356 821 1378 necesse

123 1404 178 1431 est
202 1406 241 1430 ut
268 1400 370 1430 verba
404 1400 466 1430 hoc
494 1398 596 1429 modo
624 1403 821 1437 transpona-

122 1459 206 1486 mus,
228 1450 272 1480 sic
297 1452 367 1479 sunt
389 1449 490 1479 animo
505 1448 704 1485 consternati,
720 1450 754 1477 ut
769 1447 822 1476 Ιιο-

121 1500 218 1530 mines
230 1499 342 1530 insueti
357 1499 481 1538 laboris,
497 1500 561 1528 διε.
591 1497 679 1538 quod
697 1501 822 1536 tamen,

123 1549 380 1581 adversantibus
396 1549 502 1589 libris,
521 1549 562 1580 P.
580 1548 759 1580 Ciacconio
774 1546 822 1578 fa-

124 1600 278 1632 ciendum
295 1599 486 1630 videbatur.
534 1599 646 1629 Daris.
704 1597 824 1628 Insueti

122 1650 269 1682 laborum.
312 1650 370 1681 Sic
396 1650 462 1680 Ms.
481 1649 564 1689 Reg.
603 1648 671 1678 ΜΞ.
697 1647 821 1678 Eliens.

124 1701 238 1732 insueti
250 1699 414 1731 laboribus.
459 1699 582 1738 Vulgg.
605 1698 718 1729 insueti
743 1696 822 1727 labo-

124 1752 179 1783 rie.
226 1752 333 1782 Clark.
399 1749 528 1781 Laboris
552 1750 700 1780 retinent
718 1748 823 1779 nostri

126 1805 331 1833 constanter.
375 1800 467 1831 Alibi
483 1800 614 1830 insolens
641 1799 689 1829 ita
716 1798 824 1829 utitur

125 1855 256 1891 auctor,
283 1855 321 1882 ut
347 1850 388 1882 B.
414 1850 487 1883 Civ.
514 1859 555 1880 11.
582 1851 634 1880 36.
665 1848 723 1879 ubi
746 1847 822 1879 vide

126 1902 216 1934 Dav,

167 1954 208 1984 12
231 1952 401 1993 Patientia]
423 1952 512 1985 Quia
523 1951 601 1983 alibi
614 1955 730 1983 noster
742 1951 824 1982 dicit

118 2001 222 2042 fucere
247 2012 315 2043 quae
337 2002 564 2043 inperarentur,
587 2002 640 2034 Cl.
665 2002 823 2034 Ciaccon.

124 2052 188 2085 hoc
218 2054 320 2084 etiam
346 2053 421 2084 lot-o
448 2053 655 2085 substituere
683 2057 825 2084 conatur

118 2102 286 2141 sacienda;
307 2102 436 2140 ποιητέα
445 2108 539 2135 certe
550 2103 655 2135 vertit
668 2103 823 2134 Graecus.

127 2152 355 2184 Nihilominus
371 2151 509 2184 frustra.
555 2153 644 2183 Nam
659 2153 742 2184 Mss.
758 2152 826 2183 An·

127 2202 196 2233 din.
212 2203 328 2242 Cujac.
347 2202 458 2233 Oxon.
474 2203 569 2234 Leid.
586 2212 636 2242 pr.
652 2207 686 2233 et
699 2203 824 2242 scalig.

127 2261 203 2282 cum
242 2251 330 2282 Edd.
354 2253 440 2283 Ven.
475 2255 569 2283 1517.
602 2253 708 2283 Basil.
734 2251 826 2291 Ami,

127 2301 227 2333 Vasc.
243 2302 311 2333 Str.
328 2302 446 2343 steph.
465 2303 608 2343 Gryphii
626 2308 661 2334 et
677 2304 751 2333 aliis
767 2314 824 2344 op-

128 2351 209 2383 time
230 2352 391 2383 exhibent
412 2353 560 2393 patienda
583 2357 612 2384 et
632 2353 826 2394 perferenda,

127 2401 162 2433 id
176 2406 240 2441 est,
256 2403 366 2433 omnia
381 2413 484 2434 onera
505 2404 691 2435 subeunda.
736 2404 825 2436 Quin

128 2455 164 2483 et
179 2451 228 2482 ita
244 2456 357 2482 exstat
374 2452 407 2482 in
424 2452 624 2491 Ursinianis,
643 2458 679 2483 ut
695 2463 736 2483 ex
753 2454 826 2493 ejus

128 2506 210 2534 nota
225 2506 333 2543 patet,
349 2502 426 2532 dum
451 2503 581 2540 scribit,
600 2512 634 2533 se
651 2512 716 2533 non
731 2503 827 2534 dubi-

129 2555 216 2591 tare,
233 2552 312 2592 quin
327 2555 358 2582 et
371 2552 555 2592 perferenda
570 2553 637 2583 sint
654 2554 828 2584 Gramma-

128 2601 189 2634 tici
203 2602 342 2643 alicujus
358 2603 537 2643 glossema,
556 2613 619 2633 nce
637 2603 778 2643 reperiri
793 2603 828 2633 iu

130 2655 200 2683 vet.
223 2651 308 2683 libro
335 2652 468 2683 Faerni.
516 2654 605 2693 Ergo
626 2653 766 2693 ⁹quidem
794 2653 828 2683 in

132 2701 212 2732 suis.
257 2702 449 2743 Synonyma
465 2704 658 2734 sexcenties
673 2713 693 2733 a
713 2709 828 2734 nostro

126 2750 224 2792 jungi
238 2752 440 2784 monendum
457 2752 523 2784 fuit
538 2763 578 2784 11.
593 2757 646 2785 20.
664 2758 700 2784 et
723 2763 828 2793 saepe.

135 2799 255 2832 Paullo
283 2806 362 2834 ante
386 2803 550 2844 providere
577 2807 606 2836 et
635 2804 829 2844 proesentire.

1458 236 1570 278 1213

870 351 918 373 iv.
928 347 978 374 22.
987 344 995 360 ‘
1005 344 1143 374 navibus
1153 343 1279 375 coactis
1288 341 1538 382 contractisque
1551 343 1572 374 :'

870 393 993 432 passim
1010 405 1118 433 parere
1134 398 1163 424 et
1180 395 1330 434 imperata
1338 393 1456 431 facere.
1480 393 1573 424 Prae-

870 447 963 473 terea
987 445 1091 483 patim·
1117 450 1152 474 et
1178 445 1299 484 persero
1326 446 1396 476 sive
1409 446 1512 485 patior
1536 449 1572 476 et

859 492 1106 532 semmei-pilum
1119 499 1152 525 et
1164 494 1298 534 persero,
1315 495 1434 527 Cicero
1451 501 1486 526 et
1502 495 1569 527 Te·

870 544 998 574 rentius
1028 544 1146 575 crebro
1183 547 1356 586 copulant,
1393 552 1430 577 ut
1463 547 1516 578 vel
1551 555 1570 577 e

870 594 1003 624 Lexicis
1022 594 1136 625 videre
1153 600 1215 626 est.
1262 598 1345 628 Quis
1363 598 1471 628 nescit
1488 596 1571 627 illud

873 643 1035 674 Horatii?
1059 645 1067 660 ‘
1088 645 1177 675 Rure
1194 655 1268 676 meo
1287 657 1419 686 possum
1437 647 1572 687 quidvis

870 693 1024 735 perferre
1043 696 1204 736 patique!
1226 697 1317 727 Hinc
1332 698 1434 728 etiam
1447 698 1486 729 B.
1500 698 1572 730 Civ.

871 754 928 776 ιιι.
947 748 996 775 15.
1021 748 1030 762 4
1045 746 1217 785 patienter
1232 751 1334 787 atquc
1349 756 1445 787 aequo
1463 747 1573 778 animo

870 793 982 825 ferre!
1004 794 1194 836 Aliquoties
1205 796 1458 836 patienter-ferre
1470 797 1571 827 etiam

870 844 955 874 (licit
981 849 1110 882 auctor,
1138 850 1176 876 nt
1203 849 1335 876 x·11.77.
1364 846 1404 876 Β.
1424 846 1461 877 C.
1478 855 1503 876 1.
1521 849 1574 877 85.

869 897 1009 927 Temere
1023 906 1104 936 ergo
1115 897 1259 937 Ρειὲἑτηο,
1271 896 1477 938 reliquisque
1488 897 1573 927 Mss.

871 946 1089 977 crediderunt
1112 947 1270 986 editores,
1286 956 1368 987 quos
1395 955 1462 977 non
1479 956 1575 978 secu-

871 1000 926 1026 tus·
942 1000 971 1026 et
984 996 1166 1036 perferenda
1182 997 1310 1027 auctori
1329 997 1474 1028 restitui.

915 1055 1020 1077 xxxr.
1038 1050 1057 1077 2
1083 1048 1201 1078 Eurum
1213 1047 1370 1088 principes
1388 1047 1489 1085 donis,
1506 1045 1574 1086 cisa]

872 1095 954 1127 Mss.
966 1097 1137 1137 Easgbonis
1145 1102 1306 1138 corrupte
1314 1107 1375 1138 pro
1385 1097 1499 1136 donis)
1507 1100 1573 1128 &c-

872 1146 987 1188 Atque
1003 1146 1078 1178 fieri
1091 1157 1170 1179 sane
1183 1153 1309 1188 potest,
1320 1152 1358 1179 ut
1373 1157 1477 1178 earum
1488 1147 1574 1187 prin-

870 1197 952 1237 cipes
989 1197 1330 1238 interpretamentum
1357 1198 1402 1229 sit
1428 1198 1485 1228 τοῦ
1510 1207 1573 1229 eas.

873 1248 980 1279 Clark.
1005 1249 1065 1280 Uti
1093 1248 1255 1280 exhibent
1270 1250 1383 1289 vulgo,
1408 1249 1471 1280 hoc
1496 1258 1576 1280 con-

870 1296 1022 1329 firmatur
1038 1309 1057 1329 a
1072 1299 1155 1330 Mss.
1170 1300 1243 1340 Cuj.
1255 1300 1344 1331 Scal.
1360 1299 1450 1330 And.
1462 1299 1575 1331 Oxou.

872 1353 907 1379 et
922 1349 1017 1381 Leid.
1033 1359 1084 1389 pr.
1100 1360 1174 1383 cum
1191 1351 1305 1382 Ursin.
1348 1350 1486 1392 Reliqui
1498 1360 1575 1381 cum

872 1398 960 1430 Edd.
978 1400 1094 1439 primis
1110 1410 1161 1431 eas
1177 1400 1262 1431 bonis
1282 1400 1578 1440 pollicitationibus:

873 1449 962 1490 quod
979 1450 1131 1482 ultimum
1148 1456 1242 1482 certe
1258 1451 1409 1491 ineptum
1428 1459 1501 1482 esse
1519 1450 1575 1481 vel

872 1507 914 1530 ex
940 1500 1071 1531 Brantii
1097 1506 1177 1531 nota
1203 1506 1311 1541 patet.
1359 1501 1479 1532 Earum
1490 1500 1577 1541 prin-

872 1549 952 1589 cipes
976 1551 1078 1581 etiam
1100 1551 1354 1591 Metaplirastes
1379 1551 1482 1582 habet
1506 1551 1578 1582 τοῦς

873 1599 990 1630 τούτων
1009 1599 1164 1640 ἄρχοντας
1190 1602 1312 1641 δωρεαῖς
1325 1613 1361 1632 τε
1377 1601 1427 1631 καὶ
1443 1600 1578 1640 ὑποσχέ-

873 1661 942 1680 σεσι
959 1650 1178 1689 ἀνακτώμενος.
1203 1652 1329 1691 Quare,
1345 1651 1371 1682 si
1389 1652 1470 1692 quid
1486 1655 1578 1683 esset

873 1701 1083 1738 mutandum,
1113 1702 1247 1733 mallem
1279 1712 1330 1733 eas
1354 1702 1578 1742 principesque,

873 1751 927 1780 vel
950 1751 1072 1790 eas-‚uti
1097 1755 1127 1782 et
1150 1751 1318 1792 principes,
1363 1751 1423 1789 At,
1438 1756 1476 1782 ut
1491 1751 1577 1790 dixi,

874 1800 920 1830 nil
938 1805 1040 1832 muta.
1057 1810 1086 1831 c.
1104 1803 1156 1831 6-1.
1180 1800 1189 1816 4
1214 1800 1344 1831 Horum
1362 1800 1577 1840 principibus

874 1851 1049 1891 pecunias,
1077 1851 1209 1881 civitati
1235 1850 1411 1890 imperium
1439 1851 1579 1892 pollice-

874 1900 953 1930 tur.'

916 1955 937 1982 4
959 1952 1030 1983 Aut
1056 1951 1196 1982 oratione
1210 1950 1347 1990 subdola,
1364 1954 1418 1981 aut
1439 1950 1580 1982 amicitia

866 2001 1026 2040 facillime
1037 2003 1106 2042 capi
1130 2002 1242 2042 posset]
1264 2002 1331 2033 Ms.
1349 2002 1455 2032 Norv.
1480 2006 1516 2032 et
1535 2001 1579 2031 E-

875 2052 954 2082 ditt.
969 2054 1067 2083 Rom.
1081 2053 1166 2083 Ven.
1183 2051 1342 2082 Beroald.
1357 2051 1578 2092 penultimam

875 2112 994 2133 vocem
1010 2102 1171 2133 omittunt
1186 2113 1195 2139 3
1220 2101 1279 2132 sed
1297 2111 1370 2132 eam
1387 2101 1526 2132 Graecus
1543 2101 1578 2131 in

876 2163 936 2184 suo
963 2153 1089 2184 Codice
1121 2152 1263 2192 invenit,
1295 2157 1331 2183 et
1366 2150 1579 2182 retinendam

875 2213 1008 2235 censeo.
1069 2203 1110 2233 In
1141 2202 1252 2242 vulgg.
1284 2205 1359 2232 erat
1389 2203 1420 2231 et
1442 2200 1579 2231 oratione

874 2253 1012 2292 subdola,
1037 2256 1092 2284 ant
1115 2252 1273 2288 amicitia;
1296 2252 1328 2282 in
1345 2252 1418 2282 aliis
1440 2261 1580 2291 corrup-

876 2305 942 2335 tius
957 2308 988 2335 et
1002 2304 1142 2339 ratione3
1173 2313 1233 2334 nos
1257 2308 1370 2334 autem
1386 2312 1428 2333 ex
1445 2301 1580 2334 Codici-

877 2354 938 2386 bus
966 2354 1161 2385 memoratis
1192 2354 1361 2384 Caesarem
1387 2351 1582 2383 emendavi-

877 2415 962 2435 mus.
997 2404 1109 2436 Dacis.
1160 2405 1170 2421 4
1189 2403 1339 2435 Quorum
1369 2402 1492 2442 quisque
1519 2406 1579 2432 aut

878 2454 1030 2485 oratione
1054 2453 1208 2491 subdola,
1226 2457 1282 2483 aut
1304 2452 1466 2489 amicitia,
1486 2450 1581 2481 facil-

879 2505 956 2536 lime
983 2505 1060 2545 capi
1086 2504 1220 2544 posset.¹
1262 2504 1339 2534 Hoc
1364 2507 1425 2541 est,
1452 2510 1581 2542 quorum

878 2558 932 2586 aut
945 2556 1082 2586 oratione
1096 2555 1231 2593 subdola,
1245 2557 1302 2585 aut
1316 2553 1466 2590 amicitia,
1483 2550 1580 2587 facil-

878 2605 950 2636 lime
966 2606 1108 2646 quisque
1125 2605 1194 2645 cupi
1204 2607 1317 2644 posset.
1364 2604 1496 2633 Recens
1512 2600 1582 2631 edi-

881 2654 1094 2694 ti‚Scaligeri
1111 2664 1258 2685 errorem
1271 2666 1277 2685 t
1289 2649 1582 2692 typographicum,

880 2708 918 2734 ut
930 2703 1080 2745 opinor‚)
1092 2704 1219 2744 optima
1230 2702 1296 2732 fide
1310 2700 1429 2736 secuti,
1442 2698 1583 2738 liabent,

881 2754 926 2784 Et
956 2754 1096 2785 oratione
1126 2753 1250 2784 subdola
1264 2762 1274 2781 :
1313 2760 1411 2781 sensu
1444 2758 1580 2789 prorsus

880 2804 983 2837 nullo.
1026 2804 1069 2836 In
1085 2804 1170 2835 Mss.
1186 2801 1355 2843 plerisque
1377 2799 1474 2831 deest
1499 2798 1582 2840 capi.
