1818 3131
355 217 447 247 nra
481 205 848 246 v.CAr.47.nn
884 217 1040 247 nunno
1072 216 1301 247 αΑιικπι

106 311 148 343 de
171 311 323 351 legibus:
356 312 365 328 ⁴
380 309 564 351 quodcirca
580 316 700 338 vercor
717 316 804 338 com-

106 362 255 399 mittere,
277 365 313 392 ut
337 369 402 391 non
420 359 503 390 bene
527 358 662 398 provisa
680 358 802 398 princi-

104 412 161 452 pia
178 415 344 452 ponantur
359 410 380 440 ε’
411 409 492 440 etin
508 408 649 439 Tuscul.
671 409 801 440 Quaest.

104 470 144 493 11.
170 465 220 492 20.
256 463 264 478 ‘
283 462 325 491 Et
351 463 460 490 tamen
488 467 655 496 veremur,
676 463 713 489 ut
739 459 801 488 hoc

103 516 223 543 natura
239 520 302 541 non
319 508 492 550 patiatur.’
533 508 690 539 Ciaccon.
731 508 802 539 Hu-

98 562 198 602 jusce
222 561 382 600 phrasews
399 559 496 599 plura
521 559 663 598 collegit
690 568 801 589 exem-

102 611 158 650 pla
175 611 230 641 Fr.
247 609 401 640 Sanctius
421 609 503 639 Min.
523 618 569 639 iv.
590 612 640 639 15.
657 618 800 649 quorum

101 659 338 690 auctoritatem
374 659 523 689 minuere
553 663 696 689 conatur
726 659 801 690 JaC.

101 708 297 740 Perizonius
322 709 353 740 in
381 709 498 740 Addit.
517 718 549 749 p.
567 711 641 739 915.
688 709 800 739 Dacis.

105 760 228 791 Veritus
243 761 471 792 rue—sustinere
486 771 544 791 mm
563 763 676 801 posset.
734 761 800 792 Va-

99 811 185 842 riant
200 811 284 842 Mss.
328 811 556 842 Librariorum
574 811 710 842 inscitia
727 820 801 842 cor-

101 861 202 903 rupti.
258 863 428 894 Caeterum
446 862 554 892 nullus
571 861 702 900 dubito,
718 862 798 902 quin

99 912 278 953 legendum
308 913 351 943 sit
368 913 433 951 vel,
448 913 457 928 ‘
474 911 710 942 noe—sustinere
732 921 799 942 non

94 962 215 1002 possm
226 962 305 1001 vel,‘
316 963 546 993 rit—sustinere
558 965 681 1002 posset)
698 963 798 995 Quod

98 1013 186 1044 enini
203 1013 311 1044 edidit
337 1013 502 1053 Scaliger,
520 1012 655 1054 aliique,
691 1013 700 1030 ‘
719 1017 798 1043 ut—

96 1063 244 1094 sustinere
279 1071 345 1092 non
373 1061 499 1102 posset!
546 1062 702 1092 Latinum
731 1071 797 1093 non

97 1112 255 1150 videtur;
288 1116 324 1144 et
350 1112 485 1143 omnino
512 1121 588 1142 cum
618 1111 797 1142 Perizouio

98 1162 256 1194 adversus
271 1163 447 1194 Sanctium
464 1162 632 1202 existimo,
655 1172 730 1204 quae
753 1171 796 1193 ex

97 1212 190 1244 bonis
208 1212 414 1244 Auctoribus
431 1212 543 1244 afferri
559 1213 669 1243 solent
685 1213 797 1244 istius-

96 1263 184 1294 modi
209 1264 470 1295 constructionis
490 1263 658 1303 exempla,
681 1272 796 1294 eorum

97 1314 163 1345 alia
178 1324 219 1345 ex
237 1314 406 1355 corruptis
421 1323 494 1345 esse
510 1313 706 1351 Codicibus,
733 1313 797 1344 alia

96 1372 136 1393 cx
162 1364 300 1395 sinceris
326 1364 436 1394 minus
459 1364 648 1394 intellecta.
695 1363 796 1395 Quod

97 1412 195 1444 affert
211 1414 411 1445 Ciacconius
427 1423 468 1445 ex
484 1414 646 1445 Cicerone
661 1425 668 1451 ;
692 1423 798 1445 vereor·

95 1463 285 1494 committere
308 1469 344 1495 ut
366 1474 438 1503 non,
463 1473 599 1504 prorsus
616 1463 796 1495 ridiculum

94 1518 146 1544 est
162 1524 169 1543 ε
206 1514 288 1544 illud
305 1514 404 1552 enirn,
430 1517 462 1544 ue
481 1523 552 1552 non,
577 1513 717 1553 pendet,
732 1523 797 1545 non

94 1571 114 1593 a
142 1571 255 1603 vereor,
278 1563 336 1594 sed
361 1573 380 1594 a
403 1563 602 1594 committere.
658 1562 699 1593 Iu
722 1563 796 1594 loco

94 1612 171 1653 isto,
196 1613 297 1645 Tusc.
323 1615 453 1647 Quaest.
479 1623 517 1644 n.
542 1616 592 1643 19.
616 1613 625 1630 ‘
641 1622 798 1644 veremur

94 1666 128 1693 ut
142 1663 203 1694 hoc
220 1670 340 1695 natura
352 1674 410 1695 non
428 1664 581 1704 patiatur
594 1663 612 1702 ς’
641 1664 736 1695 abest
753 1674 795 1696 ex

96 1713 231 1752 optimis
261 1714 440 1745 Codicibus
467 1714 550 1744 illud
576 1724 644 1745 non.
690 1715 735 1746 Et
757 1715 797 1746 si-

97 1763 222 1794 militer
237 1763 271 1794 in
289 1765 433 1796 caeteris.
480 1765 589 1797 Quem
606 1765 715 1797 citant
732 1767 795 1797 viri

95 1812 190 1843 docti
214 1814 323 1845 locum
338 1824 382 1846 ex
403 1814 541 1846 Tibullo
563 1816 573 1832 ‘
588 1825 641 1846 me
657 1817 796 1857 cognita

94 1861 198 1894 virtus
226 1864 357 1904 Terret,
384 1867 419 1895 ut
453 1864 593 1896 intirmae
625 1871 796 1907 nequeant

93 1912 278 1945 subsistere
305 1915 393 1946 vires
407 1915 427 1945 :’
467 1920 532 1956 cst,
560 1915 658 1948 Adeo
687 1920 722 1948 ut
744 1928 794 1949 ne-

93 1969 214 2004 queant.
275 1964 520 1997 Difficillimum
557 1967 704 1998 omnium
743 1973 796 2000 est

89 2014 176 2046 -iuud
192 2015 329 2047 Horatii
352 2017 361 2032 ‘
378 2016 464 2048 Nam
489 2021 523 2048 ut
548 2016 658 2048 ferula.
681 2018 794 2049 caedas

93 2064 250 2096 meritum
274 2066 404 2106 majora
420 2066 533 2098 subire
550 2067 705 2107 verbera,
728 2077 794 2099 non

94 2116 232 2147 vereor!
279 2116 497 2148 Constructio
512 2121 624 2148 tamen
650 2118 716 2149 ista
738 2120 795 2151 hu-

90 2165 239 2205 jusmodi
271 2171 349 2198 est:
390 2167 475 2198 Nam
507 2171 541 2198 ut
563 2167 669 2206 ferula
695 2172 795 2201 coedus

92 2216 238 2246 meritum
252 2218 365 2256 majora
379 2218 483 2249 subire
504 2219 643 2259 verbera,
656 2219 691 2250 id
703 2220 794 2262 equi-

97 2265 174 2296 dem
191 2277 249 2297 non
264 2277 379 2308 vereor,
391 2269 458 2307 vel,
472 2269 533 2300 boc
551 2279 592 2301 ne
609 2269 794 2311 facias,non

96 2326 210 2348 vereor.
237 2318 342 2348 Clark.
393 2318 526 2358 Veritus,
540 2319 579 2359 si,
594 2322 657 2351 &cn
673 2324 708 2351 ut
722 2331 793 2353 non.

31 2367 41 2377 ⁶
87 2367 173 2398 *Sine
189 2367 293 2399 dubio
309 2368 467 2399 vitiosum
481 2373 544 2408 est,
558 2369 591 2400 id
607 2371 696 2410 quod
712 2371 796 2404 Msti

96 2417 178 2450 satis
210 2418 347 2450 docent.
409 2420 496 2451 Nam
527 2429 588 2460 pro
618 2421 677 2451 illo
704 2421 732 2452 si
762 2423 794 2453 in

88 2468 176 2501 >Mss.
187 2469 269 2501 meis
279 2469 486 2511 quindecim,
495 2471 583 2502 inter
593 2481 675 2512 quos
687 2473 795 2514 Bong.

94 2527 147 2560 pr.
174 2529 243 2551 sec.
271 2520 366 2551 Voss.
389 2530 442 2562 pr.
467 2521 592 2553 Lovan.
617 2522 713 2562 Egm.
732 2523 796 2553 Pe-

91 2572 165 2600 tav.
177 2571 241 2602 διο.
257 2580 295 2602 ac
313 2570 400 2601 Edd.
427 2571 544 2611 primis
560 2571 720 2603 scribitur
735 2583 772 2603 ne
783 2583 796 2610 ;

97 2617 197 2650 immo
212 2620 246 2651 in
261 2621 382 2653 Petav.
398 2631 417 2652 a
433 2631 478 2651 m.
494 2622 642 2653 secunda
655 2623 746 2654 clare
760 2633 796 2653 ne

93 2667 126 2697 si
147 2674 316 2702 exaratur.
370 2670 500 2702 Adhaec
516 2672 551 2701 in
568 2672 662 2703 Leid.
688 2673 795 2712 primo

98 2725 167 2748 uon
180 2724 352 2760 comparet
364 2724 399 2752 ut
409 2731 421 2758 ;
437 2721 526 2762 quod
542 2721 656 2762 itaque
672 2722 796 2761 delevi,

98 2771 135 2800 et
150 2777 187 2800 ne
202 2764 335 2812 i-eposui
351 2775 430 2805 ante
444 2771 482 2803 τὸ
496 2772 534 2805 si.
581 2772 703 2814 Credo,
716 2773 795 2806 olim

1444 207 1558 248 1125

856 308 957 339 t'uissc
993 311 1168 350 scripturn,
1218 310 1352 347 Veritus,
1376 319 1424 349 ne,
1447 319 1486 340 ex
1511 310 1557 340 lu·-

855 359 956 389 loen-nis
974 360 1066 396 suga·
1091 363 1116 390 si
1142 361 1284 399 similem,
1309 362 1360 399 ἔμ’.
1390 360 1558 401 quomodo

854 407 954 438 facilc
983 410 1010 438 si
1038 410 1132 440 abire
1161 411 1284 449 potuit,
1315 414 1348 440 et
1377 409 1455 440 dein
1478 410 1559 451 quia

853 457 1018 489 videbant
1049 460 1177 490 librarii
1205 461 1231 490 si
1264 460 1381 491 adesse
1418 459 1557 501 debere,

854 507 937 538 illud
962 508 1036 538 loco
1051 510 1107 538 τοῦ
1130 519 1166 539 ne
1184 510 1360 541 intrusisse
1377 514 1413 541 et
1430 513 1463 541 ut
1479 519 1557 551 sup-

853 558 1013 600 posuisse.
1074 560 1146 590 Non
1177 560 1270 591 delet
1302 560 1481 592 Lambinus
1512 560 1555 592 ad

852 609 975 640 Horat.
991 610 1055 640 loc.
1068 609 1140 640 Sat.
1159 619 1181 640 1.
1200 613 1230 641 3.
1248 621 1265 641 e
1283 611 1431 651 scriptis,
1443 616 1479 642 ut
1496 610 1558 652 ait,

852 659 1037 691 codicibus.
1097 659 1146 691 Cl.
1174 661 1333 691 Davisius
1351 661 1484 692 evictus
1502 661 1555 694 Cl.

852 710 1020 741 Perizonii
1053 711 1262 751 argumentis
1301 710 1343 741 ad
1379 711 1556 743 Sanctium

852 761 913 793 Ed.
930 762 1001 793 Ult.
1018 771 1052 802 p.
1066 764 1141 792 812.
1166 761 1201 792 in
1233 761 1355 792 iterata
1379 762 1555 794 Ciceronis

850 812 947 843 Tusc.
964 813 1065 853 Disp.
1083 812 1233 844 editione
1257 812 1403 852 priorem
1427 812 1557 844 delevit

850 866 976 902 notam,
992 867 1026 893 et
1040 862 1147 893 edidit
1165 862 1313 893 Veremur
1328 866 1361 893 ut
1374 862 1428 894 hoc
1443 866 1558 895 nutura

846 913 996 951 patiatur.
1053 913 1107 944 De
1123 921 1164 943 ea
1178 913 1370 944 variatione
1387 914 1457 954 egit
1473 924 1557 955 quo·

851 972 915 1002 que
942 963 1037 994 Cort.
1055 963 1095 994 ad
1121 962 1270 993 Plinium
1287 964 1350 1003 Ep.
1367 972 1392 995 1.
1407 966 1437 994 8.
1461 964 1470 980 ‘
1488 963 1555 995 Ve-

849 1021 927 1044 reor
941 1022 1023 1053 ergo
1039 1017 1077 1044 ut
1092 1014 1135 1044 sit
1153 1013 1236 1044 satis
1250 1013 1466 1053 congruens!

893 1066 933 1093 12
956 1063 1096 1094 Litteras
1124 1063 1243 1093 Caesari
1262 1062 1412 1102 dimittit]
1435 1062 1555 1094 Dimit-

848 1117 913 1144 tere
927 1113 1051 1143 litteras
1066 1116 1119 1143 est
1144 1112 1209 1143 huc
1235 1112 1316 1143 illuc
1332 1111 1483 1150 mittere,
1498 1113 1554 1142 vel

848 1162 1127 1201 circummittere,
1138 1166 1177 1193 ut
1189 1162 1230 1193 B.
1248 1161 1286 1193 C.
1300 1170 1357 1192 111.
1373 1164 1426 1193 22.
1451 1161 1554 1194 Quod

847 1211 902 1243 bic
926 1212 1037 1243 locum
1065 1211 1191 1242 habere
1218 1211 1357 1252 nequit3
1392 1220 1495 1252 quare
1521 1221 1554 1241 e-

846 1261 986 1293 mendat
998 1261 1050 1293 Cl.
1063 1262 1143 1292 Bos.
1161 1260 1274 1292 Anim.
1292 1261 1333 1292 ad
1349 1261 1438 1292 Caes.
1454 1270 1487 1301 p.
1502 1264 1554 1292 20.

845 1310 982 1343 remittit
997 1321 1040 1343 ex
1057 1312 1297 1353 Metaphraste
1309 1311 1554 1344 ἀπεπίστειλεν.

849 1362 958 1393 Recte
970 1362 1118 1401 omnino,
1131 1366 1233 1402 atque
1249 1362 1298 1392 ita
1311 1361 1439 1393 diserte
1450 1361 1556 1403 scrip-

849 1416 917 1442 tum
933 1416 986 1443 est
1002 1412 1035 1442 in
1060 1411 1187 1451 Scalig.
1204 1416 1240 1442 et
1258 1411 1446 1442 Oxoniensi
1461 1422 1470 1449 3
1496 1412 1554 1442 ha-

848 1461 998 1503 bentque
1017 1463 1087 1502 jam
1113 1461 1202 1492 Edd.
1220 1461 1307 1491 Ven.
1326 1464 1421 1492 1517.
1460 1460 1555 1502 Aldi,

848 1511 1196 1553 Gryphii,Stephani,
1214 1512 1369 1552 aliaeque.
1399 1511 1441 1542 In
1455 1512 1554 1544 Leid.

847 1572 899 1603 pr.
916 1562 1120 1603 simpliciter
1140 1562 1251 1602 mittit,
1267 1562 1317 1593 uti
1342 1566 1378 1593 et
1399 1562 1434 1593 in
1450 1561 1552 1594 Voss.

847 1621 899 1653 pr.
917 1622 995 1644 am.
1020 1622 1070 1653 pr.
1094 1622 1128 1643 re
1155 1611 1331 1643 exciderat
1355 1611 1398 1643 ob
1422 1621 1553 1653 praece-

847 1662 928 1694 dens
952 1662 992 1693 ri.
1041 1661 1177 1693 Caesaris
1200 1662 1242 1693 V.
1268 1671 1336 1692 sec.
1381 1661 1415 1692 Si
1440 1666 1554 1693 tamen

847 1712 921 1753 quis
948 1722 1024 1744 cum
1052 1713 1225 1753 plerisque
1250 1712 1335 1743 Mss.
1352 1713 1450 1747 malit
1473 1713 1555 1744 reti·

846 1771 926 1792 nere
963 1762 1122 1799 dimittit;
1155 1761 1261 1801 fingat
1295 1761 1336 1801 is,
1363 1761 1552 1793 Labienum

846 1811 976 1843 litteras
993 1812 1096 1842 variis
1119 1812 1285 1851 exemplis
1311 1821 1373 1852 per
1390 1813 1500 1843 varios
1515 1815 1553 1844 et

845 1862 979 1893 diversa
1001 1862 1126 1893 itinera
1154 1861 1196 1892 ad
1224 1862 1397 1893 Caesarem
1421 1861 1552 1893 misisse

846 1912 880 1943 iu
896 1922 1096 1953 responsum
1113 1912 1187 1953 ejus
1202 1911 1406 1951 litterarum,
1423 1911 1465 1942 de
1479 1912 1553 1953 qui-

846 1963 908 1994 bus
935 1964 1020 2004 Cap.
1047 1971 1150 2003 praec.
1179 1962 1240 1993 Ille
1264 1962 1425 2002 rescripsit
1447 1961 1552 1993 etiam

846 2014 975 2045 Celsus.

898 2067 937 2095 14
974 2064 1144 2095 Peditatus
1183 2063 1394 2104 equitatusque
1431 2063 1552 2104 copias]

845 2114 944 2145 Facit
956 2114 1019 2145 hoc
1036 2114 1178 2145 subinde
1194 2113 1319 2153 Caesar,
1332 2118 1370 2144 ut
1386 2123 1462 2155 quae
1479 2114 1552 2155 ple·

845 2174 984 2206 rumque
1009 2165 1210 2195 ἐλλειπτικῶς
1232 2163 1433 2205 efferuntur,
1448 2164 1549 2206 plene

844 2216 1024 2256 exprimat.
1069 2216 1125 2247 Sic
1143 2213 1248 2245 ἁπλῶς
1262 2215 1365 2255 copias
1379 2214 1436 2245 alii
1451 2214 1553 2244 dixis-

845 2270 935 2298 sent.
957 2266 1087 2297 Eodem
1104 2266 1202 2297 modo
1229 2265 1308 2295 alibi
1333 2264 1433 2304 dixit,
1456 2263 1550 2294 morit

844 2316 878 2347 in
894 2317 1049 2348 Arvernos
1064 2325 1187 2347 tersus.-
1212 2314 1302 2356 quod
1321 2314 1377 2345 alii
1392 2314 1551 2345 Arvernos

845 2376 958 2398 versus.
1002 2367 1068 2398 Sed
1085 2366 1159 2397 haec
1176 2365 1275 2396 levia.
1304 2365 1439 2396 Vossius.
1478 2362 1550 2395 Alii

843 2415 918 2448 fere
937 2416 1042 2448 ἁπλῶς
1058 2417 1162 2457 copias
1176 2416 1231 2447 vel
1244 2415 1419 2456 peditatum
1434 2415 1551 2455 equita-

844 2470 968 2508 tumque
994 2467 1130 2504 dieunt;
1163 2466 1224 2498 sed
1254 2472 1371 2497 noster
1393 2466 1481 2496 hanc
1503 2466 1549 2496 lo-

846 2517 972 2558 quendi
1002 2517 1179 2549 formulam
1209 2527 1276 2548 non
1314 2515 1550 2556 infrequenter

847 2568 994 2600 adhibet.
1040 2569 1096 2600 Sic
1125 2569 1167 2600 B.
1192 2568 1234 2599 G.
1253 2576 1302 2597 vr.
1328 2569 1360 2597 6.
1383 2568 1390 2581 ‘
1411 2563 1546 2604 Magnis

846 2618 974 2649 coactis
987 2619 1158 2659 peditatus
1171 2617 1409 2658 equitatusque
1422 2612 1549 2653 copiis!

845 2668 890 2699 Et
905 2676 970 2700 vu.
988 2672 1019 2700 5.
1042 2670 1052 2684 ⁶
1070 2667 1194 2708 Copias
1217 2666 1388 2706 equitatus
1415 2662 1547 2703 pedita-

845 2721 968 2759 tusque
982 2717 1131 2756 subsidip
1157 2715 1366 2755 Biturigibus
1381 2711 1547 2744 mittunt.'

846 2767 984 2800 Curtius
1011 2768 1115 2799 etiam
1146 2775 1198 2798 1x.
1227 2768 1279 2796 ll.
1310 2767 1360 2797 16.
1395 2762 1545 2806 ‘Copias
