1818 3131
323 235 412 263 mu.
438 233 520 262 vii.
553 231 658 261 cixp.
679 220 748 261 58.
783 230 845 260 niz
879 231 1033 260 nanno
1065 230 1294 260 GALLlcO.

83 328 308 368 conjecturas,
338 327 384 358 illi
415 334 571 367 perquam
601 324 700 355 nimis
730 329 782 355 est

82 379 257 409 familiare.
273 379 382 410 Dacis.
397 376 540 409 Codices
550 375 634 406 Mss.
645 375 781 415 liabent,

81 429 233 467 emuncto,
252 428 324 469 (ΑΙ.
348 430 521 466 corrupte,
535 425 705 464 an'junctm)
719 425 780 456 La-

81 478 351 509 bieno—timebat.
397 475 574 509 Quomodo
587 480 623 506 et
638 475 780 508 Graecus

83 531 116 561 in
133 540 190 561 suo
207 529 324 560 codice
345 527 507 568 repperit.
554 527 713 558 Davisius
737 527 781 557 le-

81 580 226 619 gendum
249 578 400 619 conjicit,
420 577 551 616 adjungi
568 576 782 608 Labieno-a-

80 630 180 661 vebat.
204 631 288 662 Qum
305 633 357 660 est
369 629 508 659 minima
519 629 660 659 mutatio
672 628 714 658 ab
727 638 781 666 eo,

84 680 170 721 quod
187 680 312 711 liabent
331 680 414 710 Mss.
431 678 570 709 timebat.
614 678 680 708 Sed
698 687 780 709 voce

81 742 121 763 ea
149 731 228 763 alibi
254 740 318 761 non
343 740 420 760 usus
443 735 496 760 est
520 730 646 760 Caesar.
673 728 781 758 Clark.

85 784 173 819 Quod
190 781 327 823 adjungi
346 780 713 811 Labieno—vehementer
724 790 780 810 cu-

82 833 209 874 piebat.
250 832 337 863 Huic
354 831 491 862 lectioni
507 840 586 861 sane
603 831 696 861 litem
714 839 779 860 non

79 894 261 922 moverem,
273 883 297 913 si
315 885 521 923 prasini-ent
537 890 610 911 eam
626 880 780 912 Codices.

80 933 127 965 At
139 933 160 964 ii
174 933 268 971 dant,
277 933 354 973 qnod
363 933 507 970 adjuncto
515 931 780 962 Labieno—vehe-

79 987 199 1016 menter
214 983 369 1015 timebat.
394 984 479 1014 Cum
499 982 596 1013 Mstis
612 980 695 1011 facit
708 981 781 1012 Me-

80 1036 269 1077 taplirastcs
306 1035 458 1066 Gra-cus.
512 1031 781 1064 nesci-{bendum

80 1092 173 1128 puto,
189 1087 267 1127 quod
288 1085 428 1124 abjuncto
445 1082 782 1114 Labieno—veliemen-

78 1142 127 1169 ter·
143 1137 294 1169 timebat.
321 1137 431 1168 Dacis.
456 1143 528 1165 cur.
553 1142 621 1164 sec.
636 1133 721 1164 Mss.
739 1132 780 1162 ad

79 1198 181 1220 unum
197 1196 312 1219 omnes
328 1190 525 1218 constanter
539 1184 675 1214 timebat.
706 1183 782 1221 Est,

79 1239 136 1280 qui
159 1239 306 1280 conjecit
332 1236 507 1278 adpetebat,
524 1235 577 1265 vel
594 1232 781 1275 trepidabat,

78 1289 113 1320 id
129 1294 194 1328 est,
208 1288 402 1320 festinabat.
439 1287 480 1319 In
496 1286 608 1318 Oxon.
624 1285 711 1316 enim
728 1289 782 1316 est

78 1339 220 1370 rimabat.
265 1338 332 1370 Sed
349 1338 421 1378 ipse
437 1337 495 1367 ille
512 1336 562 1366 vir
586 1336 707 1366 doctus
723 1335 782 1365 has

79 1391 294 1431 conjecturas
320 1388 459 1429 abjecit.
505 1387 574 1418 Pro
598 1386 725 1425 adjungi
748 1386 782 1416 in

80 1442 162 1471 Mss.
177 1440 260 1471 meis
275 1440 395 1471 decem
420 1448 458 1469 ac
481 1437 594 1478 primis
616 1436 704 1468 Edd.
730 1442 784 1468 ost

79 1492 231 1530 adjuncto.
275 1491 429 1528 Ahjuncto
461 1488 556 1520 Leid.
585 1498 635 1529 pr.
664 1487 783 1528 Cujac.

79 1542 203 1583 Scalig.
222 1541 286 1572 Ed.
303 1542 344 1572 R.
362 1540 479 1580 Stepli.
503 1544 537 1570 et
561 1549 665 1579 marg.
683 1538 782 1569 Vasc.

81 1591 169 1633 quod
201 1591 423 1627 admisissem,
453 1595 490 1620 ut
519 1599 634 1620 sensus
664 1590 783 1620 saltem

80 1646 265 1679 constaret,
293 1641 327 1671 ni
358 1650 556 1681 persuasum
584 1644 673 1670 esset
708 1648 784 1669 nus-

82 1701 182 1733 quam
192 1691 272 1723 alibi
287 1692 333 1722 ita
346 1692 495 1721 locutum
507 1691 691 1722 Caesarem.
714 1688 784 1720 Pro

81 1752 122 1772 ea
137 1750 217 1772 vero
236 1750 316 1771 voce
333 1746 446 1771 exstat
461 1740 495 1770 in
518 1739 652 1771 Duker.
669 1744 703 1770 et
720 1739 783 1770 Ed.

82 1794 173 1825 Flor.
189 1803 227 1824 ac
244 1794 324 1824 Ber.
352 1793 431 1823 Tito.
457 1797 491 1823 at
514 1792 547 1822 in
569 1792 730 1831 Gottorp.
746 1792 785 1822 ad

81 1844 262 1875 Labienum.
308 1843 348 1873 In
376 1842 540 1873 Vossiano
571 1845 651 1872 tert.
682 1851 702 1871 u
725 1842 786 1872 La-

82 1894 189 1926 bieno.-
213 1895 245 1925 iu
269 1894 418 1926 Dorvill.
443 1894 566 1925 advicto
592 1893 632 1924 L.
678 1893 786 1924 Immo

82 1946 115 1976 in
130 1945 291 1977 Leidensi
308 1946 408 1977 tertio
430 1949 465 1977 et
481 1945 543 1976 Ed.
560 1945 633 1975 Ine.
649 1944 788 1984 Agedin-

80 2005 148 2026 cum
177 1995 335 2028 Labieno.-
368 1996 458 2027 unde
483 2000 551 2026 tam
575 1996 704 2026 alienus
732 1995 786 2026 hic

84 2055 156 2076 sum
182 2055 201 2077 a
229 2046 360 2077 Davisii
386 2047 568 2085 sententia,
594 2051 631 2077 ut
653 2046 786 2076 omnino

84 2104 161 2127 cum
177 2095 356 2127 Ciacconio
373 2101 487 2135 putem
515 2095 596 2126 illud
623 2095 786 2135 oppidum

85 2154 156 2176 esse
173 2144 417 2185 reponendum,
440 2144 509 2175 sive
532 2144 704 2183 AgendicO,
726 2154 784 2175 seu

84 2195 223 2234 Agedico
250 2195 356 2225 malis,
402 2194 474 2224 Pro
500 2194 638 2232 Agedico
668 2204 785 2225 exara-

84 2249 163 2275 runt
178 2244 357 2283 Agedinco:
380 2242 458 2274 vide
480 2244 502 2273 l.
527 2253 559 2275 v.
578 2244 610 2273 in
626 2243 650 2273 f.
667 2249 703 2274 et
719 2253 784 2274 vu.

86 2297 137 2326 lu.
164 2297 216 2324 57.
264 2294 354 2324 Hinc
385 2292 494 2324 facilis
523 2294 636 2333 lapsus
665 2294 696 2323 in
734 2295 787 2324 ‹id-

76 2344 208 2383 juncto.-
233 2353 298 2385 quo
323 2343 518 2378 substituto,
534 2343 723 2373 necessario
746 2344 787 2374 ti-

84 2394 197 2434 mebat,
212 2394 403 2425 debuerunt
427 2399 556 2424 mutare
580 2395 631 2424 vel
649 2393 787 2434 librarii,

84 2445 138 2476 vel
153 2445 303 2486 quisquis
316 2444 484 2475 editorum
500 2443 531 2473 id
548 2444 672 2484 primus
688 2444 787 2484 (Vas-

86 2504 243 2537 cosartum
260 2495 378 2531 credo)
393 2494 526 2532 fecerit,
541 2495 570 2524 in
588 2494 739 2534 cupiebat,
752 2498 788 2526 et

85 2545 225 2583 adiuncto
247 2545 278 2575 in
302 2545 443 2584 ddjimgi.
491 2545 630 2575 Timebat
650 2544 789 2584 Agedico

89 2598 125 2625 et
140 2594 284 2634 Lubicuo,
304 2595 381 2635 quia
403 2595 430 2625 is
452 2594 498 2625 ibi
523 2600 607 2634 erat,
630 2601 665 2625 ut
693 2599 790 2634 patet

88 2652 164 2683 cap.
187 2645 354 2685 sequenti,
376 2650 411 2676 et
435 2654 478 2675 ex
506 2644 788 2684 pra-cedentibus.

89 2693 307 2735 Concoquem
345 2705 411 2726 non
444 2700 631 2736 potuerunt
660 2695 789 2727 librarii

90 2743 247 2782 Agedinco
271 2746 420 2785 Labieno,
446 2756 512 2777 non
539 2747 729 2787 cogitantes
755 2756 789 2777 o-

88 2793 224 2825 missam
239 2804 312 2827 esse
328 2797 495 2836 copulam.
541 2797 665 2828 Posset
686 2797 788 2828 etiam

1423 218 1530 258 1235

831 326 931 357 scribi
948 326 1102 365 Agendici
1118 326 1171 357 vel
1187 324 1329 365 Agediei.
1353 323 1418 354 Sed
1437 324 1529 363 prim

831 375 989 416 praefero,
1018 381 1052 407 et
1083 377 1115 407 in
1147 380 1280 407 textum
1319 374 1530 406 confidensser

829 426 989 466 Agendico
1005 427 1126 457 excudi
1142 427 1267 457 curavi.

874 485 962 507 1.vn.
978 479 996 506 7
1015 476 1253 515 Camulogenus]
1270 475 1378 506 Miror
1395 474 1530 514 Anony-

830 526 876 557 mi
893 527 995 557 verba
1007 536 1040 566 p.
1059 529 1130 557 149.
1146 528 1155 542 ‘
1175 526 1366 566 l'raeposito
1379 525 1530 556 omnibus

831 577 1058 617 Camulogeno
1075 577 1230 617 quodam,
1245 577 1444 617 cognomine
1462 575 1530 606 Λιι-

832 627 929 666 relio,
946 627 1023 657 alibi
1041 626 1214 657 Aurelium
1241 627 1394 657 invenio)
1440 627 1530 667 Lege

830 677 906 708 alibi
922 678 1067 708 Alorcum
1083 677 1216 707 invenio.
1255 676 1390 707 Vossius.

873 730 913 759 10
930 726 1221 766 Λιιίηιαᾱυενίὶεεει]
1236 726 1359 756 Andin.
1373 730 1407 755 et
1421 726 1531 756 Oxon.

830 781 977 811 Animum
993 781 1111 811 auvert.
1136 778 1260 809 Recte.
1281 776 1369 808 Vide
1383 776 1424 806 w]
1442 779 1531 808 192⁴.

829 832 838 848 ⁴
858 831 1041 872 Postquam
1059 829 1092 860 id
1109 829 1255 860 animum
1270 826 1440 858 advertit!

874 892 974 914 Lvui.
999 885 1018 914 4
1053 882 1255 912 Melodunum
1282 879 1438 920 pervenit]
1477 878 1534 909 Sic

830 933 964 974 reposui
988 932 1088 963 fidem
1113 936 1251 963 secutus
1268 930 1429 962 Codicum
1447 930 1532 960 Mss.

832 990 866 1016 et
882 984 1066 1024 antiquitus
1083 991 1237 1013 cusornm
1254 992 1263 1020 ;
1287 981 1335 1012 ita
1357 986 1392 1012 et
1416 979 1534 1010 Celsus

832 1046 865 1076 p.
893 1038 964 1066 148.
1020 1036 1029 1052 ‘
1047 1033 1244 1072 Nocturno,'
1276 1032 1399 1073 inquit,
1428 1032 1437 1048 ‘
1455 1031 1533 1061 inde.

830 1086 966 1116 silentio
982 1085 1165 1124 digressus,
1180 1083 1400 1113 Melodnnum
1417 1080 1535 1111 venit.’

831 1136 1086 1176 Metaphrastes
1122 1135 1176 1165 hic
1207 1132 1411 1168 Νοβιόδουνον
1443 1130 1536 1162 exhi-

831 1186 909 1218 bet:
936 1185 995 1217 sed
1019 1184 1106 1216 infra
1130 1191 1224 1216 recte
1245 1182 1439 1214 Μελόδουνον
1454 1182 1536 1222 legi-

832 1241 898 1276 tur,
915 1237 999 1267 adeo
1022 1241 1061 1267 ut
1083 1233 1287 1271 Νοβιόδουνον
1309 1234 1398 1265 omni
1418 1232 1536 1274 procul

831 1287 933 1319 dubio
950 1298 992 1320 ex
1010 1287 1155 1319 Librarii
1170 1285 1341 1328 imperitia
1357 1285 1400 1315 sit
1412 1289 1537 1315 ortum.

831 1339 903 1370 JOS.
934 1338 1098 1377 Scaliger,
1126 1347 1226 1378 quem
1251 1337 1357 1368 secuti
1380 1339 1458 1367 sunt
1484 1344 1536 1365 re-

833 1387 1016 1426 cenum-es,
1030 1388 1082 1417 liic
1095 1392 1131 1418 et
1148 1387 1227 1417 alibi
1242 1386 1448 1417 Metiosedum
1461 1394 1539 1425 per-

833 1447 948 1478 peram
965 1440 1153 1477 receperat.
1175 1436 1264 1467 Vide
1287 1439 1358 1466 not.
1376 1435 1418 1466 ad
1440 1444 1469 1466 c.
1483 1437 1537 1465 61.

834 1488 945 1519 Ducis.
968 1487 1179 1518 Melodunum.
1209 1486 1264 1517 Ita
1289 1486 1416 1526 optime
1444 1484 1540 1515 resti-

835 1539 901 1570 tuit
919 1538 1079 1569 Davisius
1100 1547 1143 1568 ex
1165 1538 1249 1568 Mss.
1271 1542 1306 1568 et
1322 1537 1432 1568 Editt.
1451 1540 1536 1566 vett.

832 1588 984 1629 Scaliger
999 1593 1033 1619 et
1047 1588 1254 1619 recentiores
1268 1588 1413 1627 pessime
1423 1585 1539 1617 edide-

835 1644 922 1676 rant,
940 1639 1164 1670 Metiosedum.-
1187 1648 1262 1669 cum
1283 1637 1357 1678 jam
1380 1635 1470 1667 infra
1491 1635 1540 1666 di-

835 1694 891 1721 cat
907 1690 1033 1729 Caesar,
1053 1688 1202 1720 secundo
1222 1688 1359 1719 flumine
1377 1688 1443 1719 iter
1466 1687 1540 1718 fieri

836 1740 1001 1770 ,ilelodmw
1016 1739 1186 1780 Lutetiam,
1201 1739 1351 1770 secundo
1374 1739 1456 1770 item
1480 1737 1541 1769 flu-

834 1790 923 1821 mine
940 1791 1068 1821 Lutetia
1085 1790 1303 1820 Metiosedum.
1321 1789 1426 1819 Clark.
1449 1787 1541 1818 Vide

835 1839 962 1870 Valesii
984 1839 1141 1870 notitiam
1164 1838 1300 1870 Galiiae.
1325 1838 1408 1868 Mss.
1432 1837 1541 1867 Mello-

835 1890 961 1926 dunum,
989 1889 1200 1927 Meledunum,
1237 1887 1446 1926 Miladunum,
1486 1887 1539 1925 ὅτ.

837 1939 915 1970 Non
935 1943 1046 1970 tamen
1063 1939 1135 1969 sine
1159 1937 1323 1968 Codicum
1346 1946 1411 1977 ope
1433 1942 1542 1967 muta-

838 1989 887 2019 vit
900 1989 956 2020 hic
979 1989 1129 2028 Scaliger
1145 1992 1181 2019 et
1198 1988 1248 2019 bis
1264 1988 1297 2018 in
1313 1998 1406 2030 seqq.
1452 1988 1541 2019 Nam

836 2040 900 2071 hoc
918 2040 992 2070 loco
1011 2039 1217 2070 Metiosedum
1241 2043 1294 2070 est
1316 2039 1350 2070 in
1375 2039 1488 2070 Oxou.
1506 2045 1541 2070 et

837 2091 1027 2122 Meodunum
1039 2092 1144 2121 seclum
1157 2090 1191 2120 in
1203 2089 1299 2121 Leid.
1317 2099 1368 2129 pr.
1386 2090 1466 2120 Mox
1480 2099 1542 2130 pro

837 2140 1003 2171 Meloduno
1032 2139 1159 2170 habent
1186 2139 1290 2180 aliqui
1316 2140 1479 2170 Melodone
1507 2144 1544 2170 et

838 2191 1030 2221 Medocione:
1053 2191 1111 2220 sed
1128 2190 1300 2221 Metiosedo
1317 2190 1431 2222 Oxou.
1448 2190 1543 2221 Leid.

838 2250 890 2281 pr.
907 2241 1029 2281 Scalig.
1053 2241 1169 2282 Cujac.
1194 2245 1231 2272 et
1253 2241 1376 2271 Petav.
1397 2240 1543 2281 deniqne

837 2300 867 2322 c.
885 2301 955 2333 seq.
973 2301 992 2322 α
1014 2291 1185 2322 Metiosedo
1207 2292 1400 2322 deduxerant
1419 2291 1545 2322 habent

842 2342 961 2374 Andin.
981 2342 1095 2374 Oxou.
1117 2343 1204 2373 Scal.
1229 2342 1326 2373 Leid.
1350 2352 1404 2383 pr.
1425 2342 1542 2383 Cujac.

840 2393 947 2433 Bong.
964 2403 1016 2434 pr.
1032 2398 1066 2424 et
1083 2393 1125 2424 ad
1140 2394 1252 2433 Marg.
1271 2393 1393 2424 Petav.

884 2448 902 2473 5
928 2443 1033 2474 Insula
1048 2443 1212 2484 Sequanoe]
1239 2443 1363 2474 Statim
1381 2444 1389 2460 ‘
1407 2443 1441 2474 in
1463 2443 1545 2483 ripis

839 2493 1029 2534 Sequanae!
1073 2494 1142 2524 Hic
1180 2503 1263 2524 vero
1294 2494 1427 2524 variant
1459 2493 1544 2523 Mss.

842 2543 928 2574 Nam
945 2543 1086 2584 Sequana
1102 2544 1228 2584 legitur
1241 2545 1276 2575 in
1294 2544 1407 2586 Cujac.
1423 2543 1545 2574 Petav.

840 2593 965 2634 Scalig.
978 2595 1164 2635 Vossianis,
1178 2595 1275 2626 Leid.
1294 2604 1362 2625 sec.
1380 2594 1545 2632 Gottorp.

841 2644 974 2675 Duker.
994 2645 1138 2676 Dorvill.
1165 2649 1200 2676 et
1216 2644 1304 2675 Edd.
1321 2643 1449 2684 primis.
1495 2643 1545 2673 Ut

840 2696 885 2726 sit
921 2696 1128 2737 adjectivum
1159 2706 1222 2737 pro
1251 2695 1434 2735 Sequana-a.
1488 2694 1543 2725 Sic

840 2749 933 2777 certe
949 2747 1040 2787 apud
1056 2748 1183 2777 Lucan.
1209 2746 1229 2776 1.
1245 2755 1269 2776 1.
1291 2746 1308 2786 ξ
1324 2748 1399 2776 425.
1422 2745 1432 2762 ‘
1451 2745 1544 2776 Gens

839 2797 1018 2838 Sequana!
1062 2797 1102 2828 In
1119 2796 1215 2827 Leid.
1233 2800 1312 2827 tert.
1338 2800 1498 2826 exaratur
1514 2795 1547 2827 ἱη
