1883 3121
445 228 538 260 mn.
572 230 602 258 1.
633 218 827 260 cirum.
863 230 925 259 nis.
959 230 1114 260 nunno
1147 232 1318 262 ςινιω.

161 321 203 353 tis
219 322 354 363 quidem
371 323 480 354 vasis!
525 323 631 354 Immo
648 322 732 353 hauc
749 323 855 362 suspi-

158 374 289 403 cionem
307 383 371 403 non
387 383 461 403 esse
480 383 607 411 vanam,
630 372 731 402 (locet
748 372 855 402 varia-

157 423 216 461 tio,
232 433 306 464 qua*
323 429 373 454 est
390 423 422 453 iu
439 424 517 453 Mss.
532 434 541 460 3
557 423 677 452 namin
695 422 790 453 Leid.
805 432 854 462 pr.

156 472 277 511 Scalig.
298 473 417 503 Petav.
432 473 526 502 Voss.
543 481 581 502 ac
597 472 707 502 l’alat.
736 472 853 502 milito-

156 522 205 552 ria
226 532 309 553 more
323 522 505 552 conclamari
516 533 526 552 :
562 522 628 552 imo
644 532 726 554 more
742 532 855 563 supra-

156 571 317 612 scriptum
334 577 386 603 est
412 573 444 602 in
470 572 567 604 Leid.
583 582 633 612 pr.
681 572 728 603 At
743 573 775 603 in
792 573 854 604 Lo-

154 630 230 651 van.
247 626 283 652 et
300 622 444 653 Dorvill.
459 622 623 661 militaria,
645 633 727 653 more
742 625 855 654 concla-

154 672 258 702 mondi
285 672 444 711 proferre:
483 674 570 713 qnod
602 674 755 704 ultimum
786 684 855 705 ver-

154 721 232 752 bum
248 727 364 753 exstat
379 723 482 753 etiam
510 723 542 752 in
572 723 665 754 Leid.
689 732 755 754 sec.
802 724 854 754 Ex

154 772 306 802 militaria
318 781 411 810 more,
424 773 450 802 si
467 773 649 804 retinemus
666 773 724 804 has
741 783 852 809 voces,

152 822 325 853 commode
356 821 469 853 facere
500 833 618 863 posses
652 825 785 854 militari
816 825 854 854 de

152 882 242 905 more.
303 873 461 905 Formula
491 875 577 905 enim
597 880 661 906 ‘est
692 874 852 916 frequens

151 924 188 954 de
201 933 294 955 more.
341 925 563 966 Nequaquam
576 926 666 957 euim
681 936 780 957 voces
795 927 853 957 has

151 974 393 1012 proscriberem
408 986 416 1012 3
452 981 485 1006 et
502 975 542 1006 ad
560 975 737 1007 formulam
761 977 852 1008 illam

151 1024 352 1062 pertinuisse
384 1025 552 1056 videntur.
612 1027 668 1057 Sic
700 1027 788 1057 enim
819 1033 853 1058 et

151 1081 206 1104 ur.
223 1076 276 1105 38.
298 1075 306 1090 ‘
327 1074 421 1105 Vasis
438 1076 575 1106 militari
603 1086 695 1107 more
722 1077 853 1108 concla-

150 1123 249 1153 matis
265 1123 284 1153 :'
309 1124 366 1158 ubi
383 1122 501 1155 eadem
518 1126 670 1157 variatio.

193 1175 212 1203 7
234 1173 436 1214 Tener-entur]
453 1175 506 1206 Ne
524 1181 762 1215 promoverent
777 1177 852 1208 iter.

152 1221 328 1255 Quomodo
358 1224 392 1254 in
421 1225 505 1255 Mss.
536 1230 745 1258 constanter.
812 1227 852 1257 In

150 1273 214 1304 Ed.
233 1273 375 1314 quadam
391 1277 563 1306 tuerentur.
609 1277 762 1308 Freinsh.
776 1277 852 1308 Ind.

151 1323 248 1355 Curt.
266 1324 308 1354 V.
326 1323 472 1363 obterere,
496 1325 645 1365 conjecit
667 1329 851 1357 tererentur.

151 1373 304 1413 Frustra,
340 1379 378 1405 ut
410 1374 480 1414 jam
514 1375 645 1406 monuit
677 1375 852 1409 Cellarius.

150 1422 246 1454 Infra
271 1424 417 1455 Monta-m
443 1425 626 1456 ediderunt
651 1426 744 1457 Rom.
772 1427 854 1458 Vas-

150 1482 220 1504 cos.
234 1475 301 1506 Str.
313 1479 347 1505 et
361 1474 492 1515 Gryph.
506 1480 595 1515 post.
607 1485 683 1506 cum
695 1477 851 1508 Cellario.

147 1523 218 1555 Sed
234 1529 353 1555 contra
366 1525 449 1556 Mss.
467 1534 592 1565 omnes,
618 1530 654 1556 et
681 1526 722 1556 B.
743 1526 780 1558 C.
796 1535 852 1558 111.

151 1576 203 1605 42.
220 1576 272 1606 49.
305 1573 347 1604 V.
362 1574 404 1605 ad
420 1575 535 1606 Front.
552 1584 575 1606 1.
592 1578 623 1606 8.
642 1578 694 1606 12.
723 1576 851 1608 Eadem

151 1623 308 1656 confusio
334 1625 368 1655 in
382 1629 568 1656 monstrosus
584 1630 618 1657 et
635 1630 852 1667 monstruosus,

151 1678 187 1705 et
204 1675 292 1705 aliis.
337 1675 497 1707 Ceterum
523 1676 601 1707 dein
624 1677 782 1717 rescripsi
805 1687 853 1709 oc-

151 1727 308 1764 cupat-erit
325 1734 342 1756 e
359 1726 440 1757 Mss.
455 1731 581 1766 praeter
594 1728 702 1759 Dorv.
719 1733 753 1758 et
766 1728 851 1760 Edd.

153 1775 320 1815 omnibus,
336 1776 440 1807 etiam
453 1778 543 1808 Scal.
569 1778 681 1810 Clark.
703 1778 853 1819 Cellarii,

151 1830 188 1856 ut
204 1825 319 1857 debet.
364 1827 474 1867 Vulgo
495 1831 705 1867 occupaverat,
730 1837 851 1869 perpe-

151 1884 234 1907 ram.
279 1875 367 1906 vide
384 1876 425 1906 ad
443 1885 476 1906 v.
492 1879 545 1907 27.

192 1932 306 1956 van.
322 1928 339 1956 1
364 1925 557 1966 Disputatur
572 1926 605 1957 in
620 1927 761 1967 concilio]
792 1928 852 1958 Le-

152 1975 298 2016 gendum
325 1977 359 2006 in
387 1976 525 2014 consilio,
549 1981 584 2007 et
610 1982 730 2017 postea
753 1981 762 1995 ‘
778 1978 851 2010 haec

151 2025 234 2056 vicit
250 2025 282 2056 in
298 2026 438 2057 consilio
455 2027 624 2058 sententia
638 2027 657 2057 :’
680 2037 747 2059 non
759 2029 851 2059 enim

151 2084 265 2106 coram
281 2080 353 2106 tota
367 2076 511 2107 militum
528 2076 627 2106 turba
651 2077 722 2107 liaec
747 2077 852 2117 agita-

151 2124 286 2156 bantur.
332 2126 442 2156 Dava's.
511 2126 646 2156 Consilio
691 2128 852 2168 rescripsi

151 2174 206 2205 hic
233 2180 268 2206 et
294 2174 382 2205 infra
407 2175 440 2206 h.
462 2185 537 2216 cap.
564 2175 739 2208 autoribus
766 2177 850 2209 Mss.

153 2229 285 2255 tantum
312 2234 379 2255 non
404 2225 571 2262 omnibns,
590 2231 625 2256 et
643 2227 731 2258 Edd.
755 2229 850 2260 Rom.

153 2274 293 2305 Mediol.
315 2275 401 2306 Ven.
420 2275 459 2305 R.
475 2275 594 2315 Steph.
639 2277 727 2308 Vide
751 2278 793 2308 ad
816 2288 850 2309 v.

152 2326 206 2355 28.
223 2328 259 2355 et
276 2323 369 2355 alibi.
414 2325 508 2356 Dein
534 2325 572 2356 ub
607 2326 732 2358 Petreio
754 2328 851 2359 Leid.

153 2383 205 2415 pr.
222 2374 303 2406 item
319 2378 411 2415 utque
430 2375 487 2413 Af.
511 2376 561 2407 nti
575 2376 677 2408 etiam
693 2379 792 2409 Voss.
816 2383 852 2410 et

152 2423 240 2455 Edd.
260 2424 360 2456 Vasc.
384 2426 451 2455 Str.
475 2426 594 2466 steph.
621 2426 683 2458 Gr.
711 2433 798 2468 post.
821 2432 852 2460 et
873 2426 879 2434 ’

151 2474 190 2505 ab
211 2473 269 2512 As.
294 2475 401 2506 Dorv.
420 2475 514 2506 Leid.
532 2485 602 2507 sec.
619 2477 703 2509 Edd.
721 2478 850 2518 primae.

153 2523 229 2555 Nec
252 2524 314 2555 hoc
341 2525 441 2555 male.
496 2524 564 2556 Adi
587 2525 629 2556 ad
649 2535 685 2558 v.
709 2529 760 2559 34.
782 2529 792 2545 ‘
808 2529 850 2560 ab

151 2573 252 2605 Duce
269 2579 305 2606 et
321 2584 340 2605 a
355 2573 513 2606 fortuna!

195 2625 217 2653 4
239 2623 349 2655 Pridie
362 2625 467 2665 noctu]
512 2625 641 2657 Vocem
668 2629 758 2658 noctu
785 2636 851 2659 nou

154 2673 308 2714 agnoscit
321 2674 542 2707 Petavianus.
572 2676 705 2708 Vossius.

196 2722 236 2754 In
264 2723 388 2764 castris]
446 2726 558 2757 Deest
587 2727 785 2767 praepositio
819 2727 851 2758 iu

154 2772 277 2806 Petav.
308 2772 403 2806 Leid.
430 2783 482 2815 pr.
501 2776 608 2807 Voss.
652 2775 701 2808 At
723 2777 851 2809 Lovau.

1492 224 1602 266 1387

908 325 980 355 Pal.
1004 326 1111 365 Bong.
1134 326 1226 357 Leid.
1244 336 1313 357 sec..
1338 327 1444 357 Dorv.
1462 332 1497 358 et
1514 328 1603 359 Edd.

908 375 1024 412 primaz
1051 386 1068 404 ιι
1085 377 1206 406 castris.
1254 377 1388 407 Clamor
1413 377 1491 407 inde
1509 383 1605 408 ortus

905 429 1008 453 esset.
1056 426 1140 454 vido
1163 426 1203 456 ad
1230 427 1344 457 Frout.
1363 436 1411 457 iv.
1431 429 1503 457 133.
1525 427 1604 458 ‘ex-

907 474 1077 512 postulare
1091 484 1109 504 a
1127 475 1240 506 ωτι-ει)
1279 478 1445 507 (li-uterus
1461 487 1480 507 α
1495 478 1606 507 castris

908 532 968 562 pro
998 523 1186 554 hominibus
1218 525 1249 555 in
1282 527 1400 557 castris
1434 527 1605 567 capiebat,

907 574 960 603 vel
978 575 1253 614 praepositionem
1271 576 1418 606 delebat.

949 628 966 654 5
990 624 1177 662 Argwnenti
1207 627 1361 656 sumebant
1392 626 1469 666 Ioco]
1534 627 1604 659 Pro

907 679 1104 713 argumento
1134 675 1315 706 habebant.
1375 677 1518 716 Elegaus
1548 677 1606 708 hic

905 724 996 755 vocis
1010 725 1067 754 loci
1092 734 1170 755 usus
1194 725 1282 766 apud
1300 731 1451 756 nostrum
1469 732 1503 757 et
1525 727 1606 757 alios

905 774 1090 814 scriptores
1110 775 1252 806 obtinet.
1298 775 1353 806 Sic
1371 775 1507 816 hujusce
1528 776 1606 810 libri

905 833 935 855 c.
969 826 1021 854 84.
1057 826 1192 856 ‘Datur
1219 825 1346 856 obsidis
1374 826 1447 856 loco
1477 828 1605 858 Caesari

905 873 992 904 filius
1018 873 1179 905 Afranii.’
1235 876 1304 907 Jul.
1332 876 1532 918 Obsequens
1561 878 1604 909 de

906 923 1044 964 Prodig.
1067 934 1098 955 c.
1117 927 1169 955 63.
1194 925 1414 957 ‘Incendium
1531 937 1605 968 pro-

905 973 986 1014 digii
1011 975 1084 1005 loco
1107 975 1301 1006 habebant)
1347 977 1435 1008 Vide
1453 983 1488 1009 et
1503 989 1532 1010 c.
1549 982 1603 1010 613.

905 1023 981 1054 Hoc
998 1034 1073 1054 cum
1099 1034 1164 1055 non
1191 1025 1422 1066 intelligerent
1447 1027 1605 1068 Librarii,

904 1073 936 1102 in
953 1074 1120 1104 nonnullis
1144 1076 1228 1106 Mss.
1246 1082 1281 1106 et
1305 1077 1491 1117 antiquitus
1514 1079 1603 1109 cusis

904 1123 1027 1162 legitur
1072 1128 1287 1163 argumentum
1331 1126 1487 1158 sumebant
1531 1129 1604 1159 loco.

904 1171 1013 1202 Dat-is.

946 1225 966 1252 8
994 1222 1111 1253 Τὶηιονί
1128 1224 1240 1263 magis,
1263 1234 1352 1265 quum
1367 1226 1512 1266 religioni
1535 1238 1604 1258 con-

901 1272 1002 1302 sulere
1017 1274 1219 1314 consueverit]
1264 1276 1411 1316 Egregie
1424 1277 1605 1316 religionem

904 1330 965 1360 pro
984 1326 1174 1354 sacramento
1190 1323 1289 1363 dixit,
1312 1327 1406 1366 cujus
1423 1328 1513 1367 apud
1541 1329 1604 1360 Ro-

902 1379 1018 1402 manos
1033 1372 1179 1402 maxima
1195 1376 1395 1407 reverentia.
1442 1377 1531 1409 Hinc
1546 1378 1604 1409 Se-

903 1431 991 1452 neca
1005 1423 1106 1462 epist.
1123 1425 1175 1453 96.
1199 1424 1208 1440 ‘
1223 1424 1371 1455 Primum
1388 1427 1519 1458 militiae
1532 1427 1604 1458 vin-

904 1472 1015 1502 culum
1032 1478 1084 1503 est
1102 1473 1230 1513 religio,
1254 1480 1288 1505 et
1312 1475 1481 1515 signorum
1498 1486 1602 1517 amor,

905 1522 1082 1552 deserendi
1100 1521 1218 1553 nefas.’
1264 1524 1351 1555 Nam
1374 1526 1516 1565 jurabat
1544 1528 1604 1558 mi·

903 1571 964 1610 les,
980 1581 1015 1602 se
1042 1572 1137 1611 signa
1162 1582 1229 1604 non
1256 1573 1489 1614 deserturum;
1514 1577 1602 1608 unde

902 1623 1024 1662 Yeget.
1050 1631 1090 1654 11.
1106 1627 1137 1654 5.
1161 1624 1307 1655 ‘Jurant
1332 1630 1445 1656 autem
1471 1626 1605 1666 milites,

903 1672 1014 1703 omnia
1030 1682 1065 1703 se
1082 1678 1220 1704 strenue
1249 1673 1413 1715 facturos,
1437 1686 1511 1716 quae
1533 1676 1604 1717 jus-

902 1723 985 1754 serit
1000 1723 1204 1765 Imperator,
1220 1734 1390 1766 nnnquam
1406 1725 1603 1758 deserturos

903 1774 1065 1816 militiam,
1080 1784 1143 1806 nec
1157 1781 1299 1807 mortem
1316 1783 1527 1809 recusaturos
1542 1788 1604 1818 pro

904 1826 1056 1856 Romana
1093 1826 1309 1867 Republica.'
1375 1827 1475 1858 Unde
1512 1837 1602 1860 nune

903 1880 998 1906 tanto
1023 1875 1235 1907 manifestius
1263 1877 1353 1917 quod
1379 1877 1492 1909 statim
1519 1878 1602 1918 dixi,

902 1936 1020 1957 vocem
1050 1928 1134 1958 hanc
1166 1928 1311 1958 militium
1347 1929 1602 1969 supposititiam

902 1985 994 2007 esse:
1033 1986 1109 2008 nam
1140 1977 1235 2009 miles
1266 1978 1384 2009 solitus
1414 1978 1534 2018 jurare
1566 1987 1602 2009 se

902 2026 998 2066 signa
1027 2037 1241 2068 nequaquam
1278 2028 1505 2068 deserturum,
1535 2039 1603 2061 non

901 2075 1066 2107 militiam.
1111 2077 1219 2108 Porro
1243 2078 1333 2118 quod
1349 2079 1402 2109 hic
1424 2080 1603 2118 religionem

902 2126 1028 2166 Caesar,
1053 2127 1144 2158 idem
1180 2137 1258 2158 mox
1282 2129 1416 2170 officium
1439 2131 1603 2171 appellat,

901 2184 974 2205 cum
992 2175 1058 2206 ait:
1082 2178 1090 2192 ‘
1104 2176 1225 2217 quibus
1249 2179 1350 2208 rebus
1374 2178 1528 2210 coerceri
1542 2180 1603 2210 mi-

900 2225 977 2256 lites
1001 2230 1036 2256 et
1061 2226 1094 2256 in
1120 2225 1232 2258 officio
1257 2228 1425 2259 contineri
1449 2229 1604 2261 soleant.'

902 2274 979 2306 Hoc
995 2280 1048 2307 est
1074 2276 1108 2306 in
1124 2276 1249 2316 officio,
1266 2278 1357 2319 quod
1381 2279 1484 2319 signis
1501 2279 1602 2311 debe·

901 2323 997 2363 bant,
1010 2330 1046 2356 ut
1060 2335 1232 2367 nunquam
1248 2337 1287 2358 ea
1299 2328 1509 2360 desererent.
1555 2330 1602 2362 Et

901 2375 1020 2406 eodem
1032 2375 1104 2407 fere
1117 2377 1215 2408 modo
1232 2379 1411 2417 religionem
1427 2388 1488 2419 pro
1499 2379 1602 2411 debito

901 2426 999 2467 officio
1033 2427 1146 2467 posuit
1181 2428 1301 2459 Cicero
1335 2438 1399 2460 vn.
1437 2430 1599 2462 Verrina:

900 2477 909 2493 ‘
923 2475 1011 2506 Nam
1028 2477 1106 2518 qui‚’
1125 2477 1247 2518 inquit,
1269 2479 1278 2495 ‘
1291 2478 1354 2509 sibi
1379 2479 1444 2510 hoc
1470 2479 1600 2519 sumsit,

900 2530 939 2558 ut
964 2528 1114 2567 corrigat
1140 2537 1250 2559 mores
1273 2529 1427 2568 aliorum,
1456 2539 1495 2560 ac
1521 2539 1600 2569 pec-

900 2581 979 2607 cata
994 2578 1240 2617 reprehendat:
1265 2580 1322 2620 qui
1339 2580 1416 2609 huic
1432 2579 1600 2619 ignoscat,

901 2624 997 2666 siqua
1019 2626 1053 2657 in
1076 2636 1114 2658 re
1138 2627 1181 2658 ab
1198 2628 1361 2668 religione
1377 2626 1479 2658 officii
1494 2628 1600 2660 decli-

900 2675 1021 2707 narit?'

905 2726 1039 2757 Vossius.

945 2777 985 2806 1⁰
1007 2776 1053 2808 At
1069 2776 1167 2808 lucem
1182 2777 1310 2808 multum
1332 2787 1390 2818 per
1409 2787 1442 2809 se
1453 2780 1601 2819 pudorem

1077 2676 1155 2708 Hoc
1185 2682 1236 2708 est
1274 2687 1293 2707 a
1330 2677 1446 2709 debito
1477 2677 1600 2711 officio.
