1818 3131
205 194 318 238 1318

206 300 359 341 plerique
374 304 408 330 et
427 299 490 331 Ed.
507 299 580 331 Inc.
619 301 686 332 Sed
700 312 767 333 cum
781 303 907 334 rectius

205 356 342 382 servant
366 351 486 381 Petav.
513 351 600 382 Scal.
629 351 706 393 Cuj.
735 353 830 384 Leid.
855 362 905 394 pr.

206 401 297 432 And.
326 406 361 431 et
386 400 499 432 Oxon.
527 406 561 432 et
593 402 625 432 in
652 402 748 434 Leid.
777 413 827 443 pr.
855 408 906 434 est

204 452 369 491 equitatus.
414 450 501 482 Vide
516 452 557 482 ad
575 462 605 483 c.
629 455 658 484 2.
683 454 691 470 ‘
706 454 790 484 Cum
812 455 906 495 eqni-

205 506 298 532 tatus
326 501 485 540 praesidio
511 502 762 542 proficiscitur!
808 505 907 535 Cete-

205 560 278 581 rum
297 549 475 581 Narbonam
492 551 600 591 Bong.
615 562 664 592 pr.
685 553 763 584 Lov.
779 553 904 593 Scalig.

208 600 302 632 Leid.
327 610 378 641 pr.
400 611 467 632 sec.
495 602 641 634 Dorvill.
667 603 795 634 Forsan
821 604 905 634 Nur-

205 651 293 683 bona.
339 652 426 683 Vide
442 652 483 683 ad
502 662 559 684 ιιι.
578 656 630 685 20.

250 705 287 733 11
314 703 352 733 In
382 703 511 744 Belgio]
556 704 613 736 Ob
643 715 737 736 nsum
763 704 907 736 Caesaris

204 753 259 784 Fr.
290 752 527 786 Hotomannus
558 756 693 795 reponit
722 756 754 785 in
783 755 906 794 Belgis.

203 805 271 835 Sed
289 814 352 836 nec
380 814 421 836 ea
445 806 655 838 consuetudo
683 806 773 846 apud
799 806 907 837 Caesa-

204 864 274 886 rem
301 861 352 886 est
377 862 564 896 perpetua;
589 866 664 887 nani
682 856 723 887 B.
741 856 785 888 G.
804 865 858 887 ιιι.
877 859 906 887 9.

205 905 311 936 dixit:
336 907 346 923 ‘
361 907 474 937 Naves
497 906 531 937 in
557 907 735 938 ⁷Venetiam
758 906 907 948 cogunt,’

203 956 316 986 nonin
338 955 488 993 Venetos,·
511 961 547 988 et
570 961 685 988 noster
702 958 814 998 paullo
830 962 908 998 post

203 1007 270 1036 uit:
295 1008 304 1023 ⁶
320 1006 361 1037 ad
380 1007 543 1048 Legiones
560 1009 594 1038 in
617 1008 774 1048 Belgium
798 1018 832 1039 se
857 1019 907 1041 re-

204 1057 313 1097 cipit?
359 1058 446 1090 vide
477 1063 511 1090 et
544 1069 574 1091 c.
602 1062 654 1090 54.
688 1059 777 1090 Fieri
805 1060 906 1091 eiiam

205 1112 332 1147 potest,
359 1113 394 1139 ut
419 1109 473 1141 hle
502 1110 567 1141 loci
593 1110 725 1141 Hirtius
749 1110 907 1150 Belgium

204 1159 332 1190 vocarit
350 1170 422 1191 eam
449 1160 571 1191 Galliae
593 1161 740 1200 Belgicae
758 1166 906 1200 partem,

204 1219 303 1249 quam
330 1210 449 1240 eodem
477 1210 611 1240 nomine
636 1210 810 1250 insignivit
835 1209 908 1239 Cu:-

204 1269 270 1297 sar,
287 1269 352 1300 qua
368 1259 411 1290 de
428 1269 464 1290 re
487 1259 563 1290 vide
588 1264 657 1290 not.
684 1260 726 1290 ad
744 1260 785 1290 B.
804 1259 848 1290 G.
873 1269 906 1290 v.

204 1312 258 1340 21.
284 1310 393 1340 Daris.
423 1310 536 1348 Belgis
560 1314 612 1340 est
640 1313 770 1340 tantum
797 1310 831 1339 in
857 1319 908 1339 re-

205 1360 413 1391 centioribus
443 1360 527 1389 Mss.
565 1359 664 1390 Gott.
696 1360 793 1390 Voss.
827 1363 906 1390 tert.

205 1410 300 1441 Leid.
320 1414 400 1440 tert.
428 1414 463 1440 et
489 1409 553 1440 Ed.
579 1409 652 1440 Inc.
697 1408 785 1439 Vide
807 1409 907 1439 etiam

206 1460 247 1490 ad
265 1467 314 1490 ιν.
339 1462 391 1490 38.
420 1468 453 1490 v.
480 1462 531 1490 12.
558 1459 676 1490 statim
700 1462 797 1491 (2⁴17.
843 1461 852 1476 ‘
868 1459 908 1489 111

207 1510 364 1550 Belgium
402 1520 438 1541 se
476 1509 610 1550 recepit
631 1508 651 1540 :'
691 1508 750 1539 ubi
789 1508 908 1539 itidem

205 1560 391 1591 Hotoman.
412 1560 484 1591 vult
500 1571 508 1590 z
536 1560 654 1600 Belgas
670 1564 704 1590 et
722 1569 752 1590 c.
768 1562 820 1590 49.
843 1561 852 1577 ‘
868 1559 908 1591 In

204 1611 327 1652 Belgio
351 1610 539 1642 hiemaret!
564 1621 593 1642 c.
620 1613 672 1643 54.
695 1611 704 1626 ⁴
721 1610 761 1642 In
788 1610 909 1651 Belgio

205 1663 319 1694 locat!

250 1717 287 1744 13
314 1713 352 1744 In
383 1713 502 1744 AEduos
527 1712 629 1753 misit]
689 1712 744 1743 Sic
772 1711 908 1754 quidem

205 1763 286 1795 Pet.
310 1764 400 1795 And.
425 1770 461 1795 et
485 1764 598 1796 Onon.
627 1773 693 1795 non
720 1764 819 1794 male.
866 1764 910 1794 Et

202 1816 251 1845 iia
268 1815 348 1846 alibi
366 1816 497 1846 Caesar:
523 1820 561 1846 ut
578 1824 610 1846 v.
627 1817 678 1846 24.
696 1823 760 1846 vu.
777 1817 830 1845 90.
860 1813 909 1844 At

205 1867 290 1897 Mss.
328 1867 439 1906 Bong.
471 1866 569 1897 Voss.
598 1865 693 1896 Leid.
725 1874 793 1895 sec.
828 1868 908 1894 tert.

204 1917 302 1947 Carr.
333 1917 457 1947 Lovan.
481 1915 593 1946 Palat.
620 1914 715 1945 Gott.
740 1915 848 1944 Dorv.
873 1917 908 1943 et

205 1966 293 1997 Edu.
310 1975 367 2005 pp.
381 1965 527 1995 deduxit:
553 1970 590 1994 ut
608 1974 638 1995 c.
665 1967 718 1994 55.
742 1964 751 1980 ‘
767 1963 907 1993 Fabium

204 2025 280 2046 cum
298 2014 443 2045 totidem
468 2015 501 2044 in
518 2013 644 2044 AEduos
672 2012 849 2043 deducet:’
873 2016 909 2043 et

203 2066 327 2106 saepius
345 2066 473 2096 Caesar.
519 2063 586 2095 Sed
603 2063 780 2104 praecessit
796 2062 864 2104 hic,
875 2063 909 2093 in

204 2117 331 2148 hiberna
355 2115 494 2146 deduxit.
531 2114 698 2155 Egmnnd.
726 2114 824 2145 dedit.
860 2113 909 2144 At

203 2167 300 2201 Leid.
317 2177 367 2207 pr.
386 2171 421 2197 et
438 2166 560 2207 Scalig.
606 2166 645 2196 In
668 2166 782 2196 AEduis
795 2165 908 2195 consti-

204 2219 286 2249 1uit:
310 2228 376 2259 quo
404 2216 487 2248 facit
514 2215 578 2247 Ed.
607 2216 651 2247 R.
678 2215 842 2256 Stephani
870 2215 908 2246 In

205 2270 323 2299 AEduos
337 2267 507 2299 constituit.
552 2267 677 2298 Placet
703 2265 848 2296 maxime
874 2266 908 2296 in

204 2319 318 2350 AEduis
333 2318 506 2349 constituit.
524 2317 565 2348 B.
577 2316 619 2348 G.
631 2325 686 2347 ιιι.
700 2316 732 2346 in
746 2315 830 2347 fine:
847 2317 856 2332 ‘
868 2316 907 2347 In

206 2370 322 2410 Belgis
361 2369 507 2400 oninium
552 2368 723 2408 legionum
766 2366 908 2397 hiberna

205 2418 408 2451 constituit!
466 2418 558 2449 Alibi
585 2418 773 2448 constituere
798 2418 907 2449 aciem.

208 2469 295 2501 Vide
322 2469 363 2500 ad
392 2478 431 2500 ιι.
459 2471 508 2499 19.
531 2469 541 2485 ‘
556 2468 765 2499 constituere
783 2467 905 2499 castra'

207 2521 291 2552 Mss.
307 2521 347 2551 B.
368 2519 469 2560 Hisp.
485 2528 515 2549 c.
528 2520 581 2548 27.

250 2574 290 2602 ll
315 2570 353 2601 In
373 2569 504 2601 Turonis
529 2569 630 2609 posuit
653 2586 695 2590 —
720 2576 748 2598 ιι
773 2567 908 2608 reliquas

203 2623 236 2653 iri
255 2621 447 2662 Lemfines]
476 2619 566 2651 Mire
583 2619 716 2650 variant
733 2619 815 2649 Mss.
829 2628 906 2649 nam

207 2672 320 2703 Ursin.
339 2673 460 2703 Petav.
485 2669 573 2701 Scal.
596 2669 669 2709 Cuj.
686 2668 777 2700 And.
793 2670 905 2700 Oxou.

207 2724 302 2755 Leid.
321 2733 371 2764 pr.
395 2723 504 2764 primo
521 2722 596 2753 loco
619 2721 747 2752 liabent
769 2721 906 2761 quidem

207 2774 350 2815 Turonis,
365 2779 399 2807 at
412 2773 519 2806 altero
536 2771 695 2805 exhibent
700 2771 797 2814 fines.
820 2771 908 2803 Con·

662 206 803 238 No'rAE
843 207 1105 240 VARIORUM
1147 209 1198 241 IN

958 308 1009 335 tra
1026 306 1145 346 reliqui
1173 306 1316 338 Codices
1343 307 1420 347 mei,
1442 310 1477 338 et
1500 307 1659 349 aliorum,

958 355 1092 386 Turones
1106 356 1267 398 etfinibus
1281 357 1417 397 legunt3
1443 358 1562 399 quibus
1578 368 1655 390 cum

957 404 1084 436 faciunt
1117 407 1203 438 Eud.
1229 407 1444 438 Veterrimae.
1491 407 1538 439 At
1568 407 1656 440 Eud.

957 457 1057 488 Vasc.
1087 458 1206 499 steph.
1236 459 1365 490 Stradae
1389 459 1521 500 Gryph.
1546 464 1658 500 poste-

956 507 1025 537 rior
1049 508 1228 548 ntrobiqne
1255 508 1496 539 Accusativum
1520 509 1660 540 exilibu-

956 560 1067 586 erunt.
1115 556 1218 587 Certe
1236 559 1379 597 populns
1402 558 1457 588 ille
1473 559 1572 598 vulgo
1599 559 1659 589 Tu-

955 614 1043 635 rones
1057 610 1231 644 vocantur,
1240 617 1306 637 non
1318 608 1444 646 Turoni,
1457 619 1658 650 quamquam

956 656 989 685 in
1021 655 1230 687 Accusativo
1266 658 1405 688 Turonos
1434 665 1594 690 exaratur
1625 661 1658 690 in

957 706 1042 737 Mss.
1059 707 1172 737 multis
1189 715 1252 737 vn.
1268 710 1300 737 4.
1327 708 1384 738 ubi
1411 714 1524 739 tamen
1552 710 1659 740 videri

959 756 1064 796 possit
1081 766 1099 787 a
1112 756 1248 788 Caesare
1266 758 1430 798 scriptum
1447 759 1598 790 Turonas.
1622 759 1662 789 In

962 806 1098 836 Treviris
1115 816 1295 847 perperam
1312 807 1425 837 editur
1442 807 1475 838 in
1499 808 1562 838 Ed.
1579 808 1660 839 Ald.

959 858 1117 889 Manutii.
1146 858 1303 889 Clarkius
1320 863 1432 889 tamen
1448 863 1483 889 et
1503 859 1661 890 Davisius

957 907 990 936 in
1011 907 1141 938 Turonis
1157 912 1191 938 et
1208 907 1331 949 finibus
1357 907 1558 949 praeferunt,
1580 910 1663 941 alte-

958 968 1099 999 rumque
1137 968 1178 989 ne
1220 959 1355 999 quidem
1395 960 1551 991 Latinum
1589 969 1662 991 esse

958 1008 1162 1048 pronunciat
1188 1009 1367 1039 Davisius:
1394 1009 1471 1039 mihi
1495 1019 1592 1041 secus
1615 1010 1664 1040 vi·

958 1059 1070 1099 detur,
1095 1064 1130 1090 et
1156 1059 1349 1090 Ablativum
1376 1060 1409 1090 in
1435 1059 1543 1091 Mstos
1567 1070 1664 1102 quos-

958 1108 1034 1139 dam
1074 1109 1229 1149 primitus
1268 1110 1452 1150 inrepsisse
1487 1110 1590 1140 credo
1619 1119 1662 1140 ex

958 1158 1213 1199 Orthographia
1239 1159 1435 1190 Accusativi
1455 1160 1549 1201 finis,
1575 1165 1613 1191 ut
1637 1169 1661 1190 1.

956 1212 1010 1239 44.
1043 1215 1077 1240 et
1109 1210 1189 1240 alibi
1215 1220 1328 1250 ponere
1358 1210 1391 1240 in
1421 1210 1539 1250 aliquia
1570 1210 1661 1250 apud

957 1259 1039 1290 alios
1088 1269 1222 1300 quoqne
1260 1260 1424 1299 occurrit,
1468 1260 1662 1300 praesertim

959 1309 1093 1350 qnando
1116 1310 1172 1339 τοῦ
1190 1313 1297 1340 contra
1322 1311 1376 1340 vel
1402 1310 1500 1351 intra,
1525 1311 1574 1341 uti
1596 1311 1663 1351 hic,

957 1358 1239 1399 significationem
1252 1359 1400 1400 aliquam
1414 1360 1558 1392 obtinet.
1576 1362 1664 1392 Con-

959 1410 1029 1439 sule
1067 1413 1186 1440 notata
1235 1410 1279 1440 ad
1318 1410 1443 1442 Lucan.
1482 1419 1532 1442 vl.
1587 1413 1663 1442 233.

958 1458 1016 1490 ubi
1038 1459 1072 1489 in
1100 1459 1186 1490 Mss.
1203 1460 1305 1491 etiam
1321 1461 1458 1501 optimae
1475 1467 1578 1493 notae.
1603 1462 1663 1493 ‘ln

959 1510 1078 1551 Magni
1096 1510 1266 1542 viventem
1283 1511 1397 1551 ponite
1413 1512 1552 1543 castra!
1586 1512 1664 1543 Val-

959 1560 1053 1590 Max.
1072 1569 1111 1591 ιι.
1129 1564 1159 1592 5.
1181 1562 1198 1601 ᾧ
1216 1564 1245 1591 l.
1270 1563 1279 1578 ‘
1293 1563 1413 1592 Statua
1430 1566 1614 1602 poneretur
1629 1561 1663 1592 in

959 1610 1069 1641 ‘aedem
1082 1610 1244 1651 pietatis.’
1269 1611 1326 1642 Sic
1346 1611 1438 1643 Harl.
1457 1617 1493 1644 et
1506 1612 1561 1643 alii
1577 1613 1663 1644 Mss.

961 1661 1050 1701 apud
1080 1661 1237 1693 eumdem
1269 1671 1319 1694 vr.
1352 1665 1382 1694 3.
1408 1665 1425 1704 ξ)
1451 1667 1482 1694 5.
1510 1664 1664 1705 plerique

960 1711 1068 1743 Codd.
1097 1722 1173 1743 cum
1206 1712 1363 1744 Harlem.
1387 1713 1471 1744 ‘hoc
1499 1714 1534 1744 in
1562 1712 1664 1745 finem

960 1762 1153 1793 severitatis
1187 1768 1223 1794 et
1260 1763 1402 1794 soevitiae
1447 1762 1664 1804 ponendum!

959 1812 1047 1843 Vide
1076 1812 1177 1843 etiam
1207 1812 1248 1843 ad
1278 1813 1317 1843 B.
1346 1811 1456 1844 Afric.
1484 1823 1518 1845 c.
1543 1816 1596 1844 51.
1628 1816 1664 1845 et

958 1861 1078 1892 Varias
1096 1861 1163 1892 LL.
1191 1862 1232 1892 B.
1257 1862 1330 1892 Civ.
1347 1870 1371 1893 1.
1388 1865 1440 1893 65.
1467 1871 1507 1893 ac
1533 1863 1662 1894 Comm.

958 1910 1001 1940 ad
1027 1911 1108 1942 Ter.
1134 1910 1227 1942 And.
1250 1920 1274 1941 1.
1302 1914 1333 1942 l.
1361 1914 1435 1943 102.
1459 1912 1523 1943 ‘In
1549 1913 1662 1953 ignem

958 1961 1105 2000 inposita
1132 1961 1208 1992 est.’
1256 1962 1341 1993 Caes.
1368 1963 1409 1994 B.
1436 1962 1509 1994 Civ.
1535 1972 1591 1994 ιιι.
1610 1965 1662 1995 14.

959 2011 1173 2051 ‘legionibus
1204 2012 1238 2042 in
1270 2022 1371 2044 naves
1402 2013 1543 2054 positis!
1594 2013 1662 2045 Sed

959 2062 1028 2093 illic
1045 2066 1160 2094 tamen
1174 2071 1194 2094 e
1207 2062 1291 2095 Mss.
1310 2064 1396 2095 malo
1412 2064 1444 2094 in
1459 2063 1589 2104 positis.-
1613 2064 1663 2095 uti

959 2112 1159 2145 videbimus.
1203 2113 1281 2147 Jam
1305 2123 1387 2145 vero
1411 2115 1563 2156 quamvis
1578 2114 1665 2156 fines

960 2172 1020 2194 seu
1041 2162 1135 2204 finis,
1165 2166 1201 2194 et
1234 2163 1414 2205 retineam,
1451 2164 1665 2196 nihilominus

958 2215 1081 2247 mutari
1098 2215 1201 2247 nolim
1231 2215 1374 2257 Turonis,
1397 2216 1430 2247 in
1460 2217 1594 2248 Turones
1609 2216 1664 2247 vel

960 2266 1109 2298 Turonas.
1177 2266 1338 2298 Variasse
1374 2276 1489 2298 casum
1525 2267 1664 2300 videtur

960 2318 1107 2355 Hirtius,
1128 2321 1164 2348 et
1188 2317 1266 2349 hinc
1293 2322 1374 2349 nata
1399 2326 1472 2348 esse
1499 2315 1662 2349 confusio.

960 2367 1035 2399 Nec
1065 2376 1189 2408 rarum,
1225 2366 1310 2398 duos
1346 2376 1443 2398 casus
1475 2366 1573 2407 jungi
1605 2364 1662 2396 nni

958 2417 1064 2448 verbo
1081 2417 1135 2448 vel
1148 2417 1282 2449 nomini.
1327 2417 1415 2448 Vide
1430 2417 1479 2448 Cl.
1494 2417 1608 2447 Wasse
1624 2419 1660 2445 et

960 2468 1054 2499 Cort.
1085 2467 1128 2499 ad
1165 2467 1305 2499 Sallust.
1341 2468 1382 2498 B.
1415 2466 1514 2498 Catil.
1546 2475 1574 2496 c.
1605 2466 1660 2496 3³.

958 2519 1144 2560 ‘Plerique
1173 2518 1308 2559 patriae,
1341 2516 1400 2548 sed
1427 2524 1540 2547 omnes
1570 2513 1659 2545 fama

957 2573 1061 2610 atque
1088 2567 1235 2600 fortunis
1262 2566 1444 2609 expertes)
1490 2565 1590 2596 Adde
1618 2566 1659 2596 B.

958 2619 1031 2651 Civ.
1049 2627 1075 2650 1.
1090 2621 1143 2650 74.
1161 2623 1196 2650 et
1208 2621 1259 2649 77.
1280 2622 1316 2648 et
1332 2617 1435 2657 Apul.
1459 2616 1481 2646 l.
1499 2625 1539 2646 11.
1557 2625 1590 2656 p.
1605 2618 1658 2646 23.

957 2669 1021 2700 Ed.
1038 2669 1133 2700 Prie.
1156 2669 1165 2684 ‘
1178 2667 1323 2699 Omnem
1340 2667 1438 2697 istam
1456 2666 1567 2696 lucem
1585 2664 1658 2697 imis

955 2719 1100 2758 Tartari,
1113 2722 1147 2749 et
1162 2717 1194 2749 in
1212 2721 1383 2748 vetustum
1397 2716 1498 2747 chaos
1511 2715 1659 2746 submer-

957 2781 1037 2813 gere
1048 2768 1142 2803 novit
1152 2768 1172 2801 ι’
1189 2767 1247 2801 ubi
1259 2766 1508 2807 Becichemius,
1522 2766 1656 2797 Wouw-
