1818 3131
404 248 548 278 1.113.1.
580 246 688 276 cAi’.
718 235 789 276 34.
824 245 885 274 nr.
921 246 1074 274 nanno
1106 245 1276 276 civim.

116 341 197 382 tur)
212 342 367 383 equidem
381 352 445 373 non
461 342 569 373 video.
595 340 701 370 Clark.
736 340 815 379 Ope-

115 393 201 424 ribus
216 394 318 425 etiam
333 393 495 423 exhibent
516 391 581 422 mei
595 399 709 421 omnes
731 398 816 429 prae-

117 448 170 473 ter
185 443 272 475 Scal.
290 444 414 475 Lovan.
433 443 506 474 Pal.
520 446 555 472 et
571 441 679 479 Bong.
696 440 728 469 in
746 438 817 480 qui-

115 492 176 522 bus
201 492 318 533 opibus,
335 492 455 523 omissa
475 490 608 529 lineola,
625 498 691 530 qua
707 488 817 519 solent

113 542 243 572 librarii
257 541 435 582 designare
450 550 515 580 per.
542 541 592 570 Ex
610 539 816 570 Hotomanni

114 592 312 632 conjectura
338 592 372 622 in
397 592 522 632 Scalig-
548 591 611 622 Ed.
636 591 816 631 inrepsisse

115 642 251 673 videtur
266 641 383 682 opibus,
393 641 482 682 quod
495 641 549 672 hic
563 651 697 672 sensum
714 641 818 671 habet

113 693 252 731 nullum,
278 697 372 724 certe
399 693 604 723 absurdum:
641 701 702 723 nec
729 691 818 722 enim

115 753 186 782 opes
208 743 321 773 virium
349 748 406 773 aut
431 742 559 782 ingenii,
583 741 643 773 scd
665 752 758 782 opera
783 745 820 772 et

115 801 169 822 res
193 792 356 832 praeclare
371 796 475 831 gestu:
501 792 627 822 Caesari
645 790 819 822 faciebant

115 842 267 882 gloriam,
285 848 320 873 ct
337 842 379 872 ad
398 842 595 882 Pompeium
613 840 735 872 referri
752 851 818 872 non

115 897 240 932 potest,
263 893 327 923 nisi
360 893 499 923 ulterius
532 892 719 932 interpoles
743 902 819 922 cuin

116 942 348 981 Hotomanuo,
363 943 415 973 ille
441 952 502 983 pro
525 945 597 972 ante
621 947 819 982 reponente.

117 991 244 1023 Verum
262 997 351 1023 amat
365 992 452 1023 idem
476 998 588 1022 tamen
606 993 719 1033 potius
741 993 820 1024 reti-

117 1051 199 1072 nere
222 1042 385 1083 operibus;
407 1042 467 1073 sed
491 1047 525 1073 ct
547 1043 666 1074 anteire
683 1042 819 1074 omnino

114 1091 239 1131 legitur
265 1092 298 1122 in
322 1092 439 1132 Cujac.
457 1093 577 1123 Petav.
594 1093 715 1132 Scalig.
735 1093 821 1123 aliis-

115 1151 192 1182 que,
224 1145 280 1172 aut
306 1141 379 1172 Pal.
403 1144 474 1171 ante
499 1142 626 1172 Lovan.
652 1142 760 1172 Dorv.
784 1145 819 1172 et

114 1191 200 1223 Edd.
214 1191 342 1233 primis,
357 1191 438 1222 item
455 1190 535 1222 Ald.
551 1191 683 1232 Grypli.
702 1191 817 1223 Plant.

111 1242 264 1284 aliisque.
309 1241 358 1273 At
383 1243 523 1273 Vascos.
549 1242 668 1282 Stepli.
701 1246 736 1273 et
763 1242 819 1272 alii

107 1294 179 1334 jam
192 1292 317 1324 habent
328 1293 461 1332 anteire,
477 1301 540 1332 pro
556 1301 619 1333 quo
635 1292 751 1323 anteiri
767 1296 820 1323 est

115 1343 147 1373 iu
164 1341 260 1373 Leid.
278 1351 328 1383 pr.
345 1346 380 1372 et
395 1341 569 1372 Vossiano.

158 1400 296 1424 xxxin.
321 1395 340 1423 3
363 1391 559 1431 Legationis]
587 1392 716 1423 Vocem
739 1392 820 1430 lega-

115 1443 210 1474 tionis
246 1442 506 1483 expungendam
543 1451 677 1473 censeo.
730 1442 821 1472 Nam

115 1493 196 1524 mihi
219 1491 358 1524 videtur
385 1491 570 1523 Glossema.
605 1490 715 1523 Daris.
749 1500 820 1522 cur.

115 1553 184 1575 sec.

158 1602 288 1625 xxxxv.
310 1597 329 1624 3
366 1595 498 1634 Captum
519 1591 698 1632 dimiserat]
735 1592 819 1624 Mss.

116 1650 151 1676 et
169 1645 278 1676 Editt.
291 1645 388 1675 Vett.
411 1648 533 1684 captum
549 1645 622 1684 ipse
638 1645 799 1674 dimiserat
810 1655 821 1675 :

117 1704 214 1735 quam
238 1694 420 1725 lectionem
440 1693 612 1725 meliorem
633 1698 668 1724 et
692 1694 820 1734 perspi-

116 1754 226 1781 cuam,
238 1745 344 1784 magis
367 1744 523 1784 ambigua
539 1745 623 1774 male
638 1749 819 1774 eommuta-

117 1798 197 1826 runt
219 1795 371 1835 Scaliger
399 1799 434 1825 et
452 1795 672 1825 recentiores.
713 1795 820 1825 Clark.

115 1845 247 1876 Addita
265 1845 398 1883 vocula,
415 1845 501 1884 lege,
516 1847 637 1884 captum
658 1844 729 1883 ipse
745 1843 820 1873 dim.

116 1900 155 1926 ut
185 1895 310 1927 diserte
339 1895 479 1926 Norvic.
510 1899 546 1925 et
574 1895 622 1925 ita
660 1895 820 1925 Beroald.

116 1945 249 1986 Gryph.
265 1945 380 1976 Ursin.
404 1945 527 1985 aliique
551 1944 635 1975 bene
651 1945 749 1975 multi
774 1954 822 1975 re-

118 1999 378 2036 praesentarunt.
420 1994 532 2026 Daris.
570 2004 640 2025 cur.
666 2003 733 2024 sec.
768 1995 821 2024 Ex

118 2047 186 2078 Ms.
209 2047 334 2085 Ursini,
352 2046 407 2078 cui
435 2047 537 2078 etiam
560 2046 740 2077 videbatur
767 2045 822 2075 ad-

111 2097 218 2137 jecta,
246 2106 366 2128 vocem
403 2097 468 2136 ipse
499 2096 626 2126 delevit
655 2095 820 2136 Scaliger.

115 2146 185 2177 Sed
209 2150 244 2178 et
269 2147 352 2177 Mss.
375 2156 491 2177 omnes
513 2146 580 2177 mei
607 2155 679 2176 eam
705 2156 822 2187 agnos·

117 2201 220 2235 cunt;
255 2206 357 2238 quare
374 2197 520 2228 restitui.

160 2251 178 2278 5
207 2246 283 2286 Igili
299 2250 328 2278 et
343 2250 374 2278 in
392 2246 525 2286 Cosano]
566 2246 633 2286 Ita,
645 2246 715 2277 sive
730 2246 820 2286 Igili,

118 2296 209 2338 quod
235 2297 325 2328 idem
353 2301 416 2335 est,
441 2302 477 2328 et
500 2296 614 2328 forsan
637 2297 762 2336 verius,
784 2301 823 2328 ut

118 2347 198 2378 alibi
215 2347 298 2386 dixi,
310 2347 437 2388 optime
449 2347 599 2378 restituit
611 2347 825 2388 Ciacconius,

118 2407 195 2428 cum
222 2397 351 2436 Igilium
367 2397 418 2428 *sit
444 2397 552 2427 insula
578 2397 710 2428 Cosano
732 2396 823 2428 litori

119 2447 286 2488 obposita.
317 2446 405 2478 Vide
420 2447 462 2477 ad
476 2446 594 2478 Rutilii
610 2446 690 2477 ltin.
706 2455 729 2477 1.
747 2449 822 2478 325.

118 2497 244 2539 Inepte
267 2497 345 2529 olim
369 2496 536 2528 edebatur
559 2496 669 2527 Sicilia
695 2499 724 2527 et
748 2496 822 2528 Sar-

118 2547 227 2585 dinia‚·
250 2548 308 2579 sed
331 2557 393 2589 pro
416 2547 456 2579 iis
470 2547 644 2578 Victorius
668 2548 823 2579 emenda-

120 2602 216 2630 verat
225 2599 298 2639 jam
314 2599 348 2630 in
363 2598 474 2630 Sicilia
490 2602 519 2629 et
532 2599 565 2629 in
580 2598 698 2629 Cosano
711 2609 720 2628 .-
745 2598 823 2639 qnia

124 2648 245 2691 Cicero
261 2648 302 2680 ad
315 2648 468 2682 Atticum
483 2648 613 2685 scribit,
629 2658 664 2679 se
678 2648 823 2689 audisse,

120 2696 297 2730 Donitium
318 2699 352 2730 in
377 2700 493 2730 Cosano
515 2700 637 2738 degere.
654 2698 751 2739 ‚sigili
767 2699 821 2730 lia-

118 2748 204 2781 bent
225 2752 353 2790 praeter
374 2749 454 2782 Urs.
476 2749 559 2781 eod.
575 2749 677 2780 etiam
700 2749 823 2780 Petav.

119 2797 240 2839 cujaic.
255 2795 379 2840 Scalig.
394 2798 504 2839 Sigilli
517 2799 615 2832 Lem.
636 2808 689 2840 pr.
713 2797 824 2839 Sigilii

1460 236 1574 274 1:305

869 339 994 372 Lovan.
1011 344 1046 371 et
1063 341 1182 372 Brant.
1205 341 1294 372 dein*
1307 342 1340 372 in
1358 340 1476 371 Cosano
1496 340 1572 370 [rs.

871 389 990 420 Cosano
1003 390 1121 422 l'etav.
1135 391 1230 422 Leid.
1245 401 1295 432 pr.
1322 392 1438 422 Casono
1450 390 1571 421 Brant.

870 440 995 470 Lovan.
1022 440 1120 470 Voss.
1151 440 1271 471 Sit-ilice
1292 444 1321 471 et
1344 441 1501 471 δαν-αἰκία*
1523 450 1575 480 pr.

870 490 978 530 Bong.
996 494 1032 520 et
1058 490 1152 521 Leid.
1170 499 1236 520 sec.
1255 490 1459 531 Prwpositio
1477 489 1575 521 abest

871 549 1051 580 perperam
1075 540 1176 571 etiam
1200 541 1242 571 ab
1267 541 1352 572 Edd.
1370 542 1449 572 Ber.
1476 542 1577 572 Vasc.

869 590 986 630 Stepli.
1002 590 1154 631 aliisque,
1168 591 1200 620 in
1220 591 1341 632 quibus
1359 596 1394 623 et
1412 590 1498 622 Edd.
1518 601 1578 631 pp.

869 641 995 679 coactis,
1012 641 1060 671 uti
1085 646 1121 671 et
1145 641 1176 670 in
1203 642 1310 681 Bong.
1327 641 1384 671 sed
1400 641 1485 671 bene
1506 641 1578 672 liaec

870 691 1022 721 restituit
1031 691 1203 721 Victorius
1220 691 1241 720 Ι.
1258 700 1281 722 1.
1294 691 1374 721 var.
1390 691 1485 721 Lect-
1497 701 1528 721 c.
1545 694 1577 723 2.

871 740 918 770 uti
934 745 969 771 et
986 741 1117 780 libertis,
1133 750 1193 781 pro
1209 750 1276 780 quo
1293 741 1370 771 olim
1390 741 1506 779 liberis,
1521 742 1574 772 vel

870 790 1054 830 liberis-qum
1070 795 1106 821 ut
1117 795 1225 822 restat
1237 796 1272 821 et
1283 790 1316 820 in
1330 791 1576 821 recentioribus

871 841 955 871 Mss.
969 841 1028 871 sed
1043 841 1161 881 Cujac.
1177 841 1262 872 Scal.
1277 841 1397 872 Petav.
1414 840 1510 872 Leid.
1523 851 1577 882 pr.

870 891 991 923 libertis
1007 892 1179 924 exhibent.

914 945 931 972 7
957 943 1050 973 Domi
1066 942 1182 973 nobiles
1209 942 1425 982 adolescentes]
1459 941 1514 973 Ita
1530 942 1576 973 le-

871 992 1016 1032 gendum
1055 993 1204 1032 conjecit
1247 992 1324 1023 Pet.
1364 991 1578 1030 ciacconius,

871 1052 971 1084 quem
988 1043 1098 1074 secuti
1115 1047 1195 1074 sunt
1210 1043 1282 1074 Jos.
1307 1042 1460 1082 Scaliger
1475 1047 1509 1073 ct
1526 1052 1579 1072 re-

872 1092 1052 1123 centiores.
1092 1093 1177 1122 Mss.
1195 1097 1231 1122 et
1248 1093 1342 1122 Vett.
1370 1091 1440 1122 cusi
1456 1092 1579 1122 domurn

871 1141 1046 1172 exhibent.
1091 1141 1147 1172 Sic
1176 1151 1207 1171 c.
1236 1145 1287 1171 35.
1324 1141 1452 1181 ‘Cujus
1477 1141 1580 1171 orati-

872 1201 972 1223 onem
999 1194 1121 1223 donnum
1148 1191 1252 1231 legati
1281 1190 1456 1221 referunt.'
1503 1190 1582 1221 Dis-

871 1242 988 1283 tingue
1015 1242 1120 1282 igitur
1140 1241 1318 1282 praemissos
1344 1241 1438 1271 etiam
1462 1240 1581 1279 legatos

870 1293 1082 1323 Massilienses
1092 1292 1225 1330 domum,
1236 1291 1350 1322 nobiles
1361 1292 1577 1322 adolescentes.

870 1343 983 1373 Daris.
1023 1343 1167 1374 Domum.
1200 1342 1256 1372 Ita
1272 1351 1314 1372 ex
1333 1342 1416 1372 Mss.
1434 1346 1470 1372 et
1487 1341 1576 1372 Edu.

870 1394 963 1425 Vett.
982 1393 1111 1433 optime
1127 1393 1276 1423 restituit
1294 1392 1467 1422 Davisius.
1506 1392 1576 1423 Pro

872 1453 938 1485 qua
961 1444 1109 1475 lectione
1134 1443 1281 1483 Scaliger
1298 1447 1333 1473 ct
1355 1443 1578 1474 Recentiores

872 1494 963 1525 nulla
993 1494 1035 1524 de
1066 1503 1169 1524 causa
1206 1497 1460 1533 supposuerunt
1487 1493 1579 1524 (lomi.
1611 1507 1613 1513 ·

874 1545 982 1575 Clark.
1007 1545 1102 1576 Domi
1118 1545 1230 1575 nobilis
1245 1544 1405 1585 frequens
1422 1549 1475 1576 est
1491 1545 1580 1576 locu-

873 1594 920 1625 tio
938 1594 980 1625 de
998 1594 1049 1634 iis,
1065 1595 1122 1635 qui
1138 1595 1192 1625 vel
1209 1595 1396 1635 municipes
1414 1596 1466 1626 vel
1484 1605 1579 1635 pere-

872 1645 957 1685 grini
973 1650 1073 1676 erant
1089 1645 1230 1676 nobiles.
1276 1645 1365 1676 Vide
1381 1646 1423 1676 ad
1439 1646 1578 1676 Sallust.

872 1696 912 1725 B.
930 1695 1030 1727 Catil.
1047 1698 1096 1726 17.
1121 1696 1129 1712 ‘
1151 1695 1203 1726 Ad
1219 1695 1282 1726 hoc
1305 1695 1403 1726 multi
1421 1705 1464 1726 ex
1490 1696 1579 1726 colo-

872 1745 935 1775 niis
964 1750 999 1776 et
1024 1745 1216 1786 municipiis
1245 1745 1337 1776 domi
1362 1746 1516 1786 nobiles,’
1543 1750 1579 1777 et

872 1794 960 1825 iufra
973 1795 1012 1825 B.
1027 1794 1127 1825 Alex.
1145 1805 1174 1825 c.
1192 1797 1244 1826 26.
1280 1796 1289 1811 ‘
1308 1805 1438 1835 magnae
1458 1794 1580 1826 nobili-

873 1845 954 1875 tatis
967 1845 1055 1875 domi
1066 1844 1086 1875 z’
1106 1854 1209 1885 quare
1224 1845 1251 1875 si
1265 1845 1350 1875 Mss.
1364 1845 1579 1884 addicerent,

873 1893 1106 1933 conjecturam
1145 1894 1317 1924 Ciacconii
1362 1904 1578 1935 nequaquam

873 1943 1069 1975 damnarem
1083 1954 1092 1982 ;
1116 1943 1174 1974 sed
1191 1953 1306 1975 omnes
1322 1945 1389 1975 mei
1406 1945 1508 1976 etiam
1523 1945 1579 1975 lia-

874 1995 958 2026 bent
973 1997 1104 2026 domum.
1150 1995 1290 2026 Scilicet
1329 1996 1434 2036 legati
1462 1997 1582 2027 Massi-

873 2047 1011 2086 lienses,
1043 2047 1173 2077 nobiles
1206 2046 1453 2087 adolescentes,
1481 2052 1580 2079 erant

874 2097 1007 2128 Romae.
1053 2097 1127 2128 Hos
1154 2097 1316 2137 praemisit
1341 2097 1477 2128 domum
1501 2107 1579 2129 cum

873 2147 1041 2179 mandatis
1058 2147 1253 2187 Pompeius.
1286 2147 1380 2177 Male
1396 2147 1484 2177 idem
1499 2156 1580 2189 quo-

873 2208 939 2239 que
955 2207 1154 2238 expungere
1171 2196 1328 2227 tentabat
1343 2197 1470 2236 legatos.

915 2251 936 2280 9
964 2249 1108 2280 Veterum
1128 2258 1251 2279 suorum
1272 2247 1501 2289 beneficiorum]
1522 2248 1580 2280 Sic

874 2299 1009 2340 reposui
1035 2308 1077 2330 ex
1102 2299 1257 2330 omnibus
1280 2299 1365 2329 Mss.
1383 2304 1419 2330 et
1436 2299 1580 2340 antiqui-

873 2354 927 2381 tus
951 2350 1142 2390 impressis:
1176 2349 1258 2380 nihil
1276 2350 1363 2379 enim
1385 2353 1437 2380 est
1453 2358 1577 2388 causae,

873 2409 946 2440 cur,
958 2398 1226 2440 repugnantibus
1241 2398 1434 2439 Codicibus,
1447 2402 1579 2429 veterem

873 2460 949 2483 cum
965 2450 1037 2483 Jos.
1051 2451 1225 2491 Scaligero
1249 2451 1411 2490 legamus.
1444 2450 1577 2481 Vossius.

871 2501 928 2532 Sic
956 2501 1084 2542 optime
1111 2501 1233 2532 iterum
1259 2509 1301 2530 ex
1325 2500 1407 2531 Mss.
1424 2504 1459 2530 et
1482 2499 1575 2529 Edit.

872 2550 969 2582 Vett.
1003 2551 1155 2581 restituit
1191 2549 1362 2580 Davisius.
1423 2548 1577 2587 scaliger

874 2609 990 2631 errore
1025 2599 1138 2631 forsan
1175 2599 1432 2641 typographico,
1469 2596 1577 2628 edidit

873 2653 1020 2686 πείρα-ηις
1036 2650 1134 2691 longe
1146 2650 1447 2688 minuseleganter.
1465 2647 1576 2679 Quem

874 2704 989 2730 tamen
1018 2699 1166 2731 fideliter
1193 2699 1301 2730 secuti
1332 2703 1410 2727 sunt
1446 2697 1575 2727 Recen-

875 2749 990 2780 tiores.
1023 2749 1130 2780 Clark.
1179 2749 1259 2780 Non
1288 2756 1368 2778 vero
1397 2746 1574 2778 Cellarins.

880 2799 1016 2831 Veterem
1031 2803 1086 2831 est
1100 2799 1136 2830 in
1151 2798 1299 2830 Dorvill.
1321 2796 1382 2829 sed
1396 2796 1495 2829 male.
1530 2796 1576 2830 B.
