1818 3131
222 212 338 254 1078

222 315 358 352 Meldis,·
381 321 611 357 praeterqnam
631 313 720 356 quod
737 316 770 346 in
787 314 925 346 Andino

222 371 259 397 et
290 366 478 397 Oxoniensi
517 366 688 397 scribatur
714 366 828 397 Melvis
861 366 924 398 He-

220 417 313 452 duim
336 420 369 446 et
385 416 417 445 in
434 425 492 446 ora
511 416 647 447 Meldis:
681 417 770 458 quod
787 422 823 448 et
846 417 926 448 reti-

221 470 304 495 nent
320 463 437 495 Celsus
460 475 498 495 ac
518 466 785 506 Memphi-astes.
829 467 924 498 Veri-

221 524 268 546 us.
315 515 389 546 Nec
404 516 494 546 enim
511 515 677 548 credibile
698 526 716 547 e
738 516 923 549 notissimis

221 566 334 606 Belgis
361 566 514 598 librarios
544 565 672 599 fecisse
695 568 812 600 Meldis
831 568 923 608 igno-

222 622 256 648 ta
273 615 345 648 fere
359 622 473 658 gente.
519 618 564 650 Et
588 619 689 658 unde,
714 629 840 661 qua-so,
856 620 921 651 scit

220 667 472 706 Hotomaunus,
485 669 666 700 veritatem
679 669 835 701 lectionis
848 670 921 700 Be!-

216 718 270 756 gis
293 727 335 749 ex
365 719 595 760 superioribus
618 721 717 760 plane
746 720 890 760 intelligi
909 720 921 749 ?

218 769 274 799 De
302 768 365 801 hac
397 780 433 802 re
473 780 515 802 ne
541 770 600 811 ’γρὺ
638 771 771 811 quidem
807 780 920 811 supra.

219 818 332 859 Magis
357 821 508 858 stringit,
533 820 622 861 quod
646 820 855 851 Ptolemaeus
885 825 921 851 et

218 867 348 899 Plinius
372 869 495 900 Meldos
531 870 701 901 collocant
738 870 773 900 in
809 869 922 901 Gallia

216 918 438 959 Lugdunensi
455 919 542 950 ultra
558 919 685 951 AEduos
708 924 745 951 et
771 919 920 951 Parisios

217 978 332 1000 versus
370 969 518 1001 Galliam
546 970 826 1009 Narbonensem3
861 971 919 1002 ubi

213 1029 318 1051 naves
345 1018 454 1052 factas
481 1020 523 1052 ad
555 1021 854 1053 transmittendum
886 1022 918 1053 in

214 1070 439 1110 Britanniam,
475 1071 673 1113 neutiquam
721 1073 917 1104 verisimile.

215 1120 265 1152 At
303 1131 382 1153 vero
420 1122 496 1154 huic
525 1121 720 1154 difficultati
747 1123 919 1154 succurrit

212 1170 351 1211 Strabo,
389 1182 407 1203 a
438 1173 638 1204 Rliellicauo
670 1172 836 1204 adductus
866 1182 916 1204 lv.

215 1224 289 1253 194.
308 1221 371 1254 Ed.
387 1222 498 1254 Paris.
516 1224 583 1255 Ubi
601 1224 692 1255 clare
718 1223 811 1254 iufra
822 1224 918 1255 Pari-

214 1271 281 1301 sios
312 1273 421 1312 ponit,
444 1278 479 1304 et
507 1272 549 1303 ad
574 1283 686 1304 mare:
724 1273 789 1304 Εἰσὶ
814 1274 863 1304 καὶ
890 1275 918 1305 οἱ

214 1320 366 1361 Rapiatur,
390 1325 454 1354 δῖε.
479 1323 529 1354 καὶ
546 1322 663 1354 Μέλδοι
685 1324 735 1354 καὶ
749 1324 918 1365 Ληξοουίοι,

215 1372 437 1411 παρωκεανίται
453 1371 548 1404 οὗτοι.

258 1425 278 1452 -1
302 1422 447 1462 Relatas]
485 1423 569 1453 Mss.
602 1424 686 1464 Reg.
723 1424 849 1455 Elieus..
882 1429 918 1455 et

213 1474 337 1514 vossii,
364 1479 399 1505 et
436 1474 544 1506 Editt.
573 1481 657 1507 vett.
685 1476 850 1508 exhibent
872 1487 919 1508 re-

211 1525 350 1556 vertisse.
386 1526 494 1556 Clark.
541 1526 631 1557 Loco
662 1527 754 1558 vocis
786 1527 916 1559 ultimae

210 1576 420 1607 rescribatur
448 1577 631 1613 ret-ortissu
671 1577 761 1618 quod
798 1579 918 1610 volunt

211 1626 378 1668 Bongars.
404 1631 486 1665 tres,
505 1627 627 1658 Petav.
643 1627 785 1659 Norvic.
803 1628 916 1661 Palat.

215 1675 379 1716 Gottorp.
415 1677 512 1707 Voss.
541 1681 577 1707 et
604 1677 770 1717 Egmond.
805 1678 916 1710 Davi-⁹.

212 1736 284 1757 cur.
323 1736 392 1757 sec.
453 1726 567 1757 Etiam
601 1727 765 1758 revertisse
798 1728 915 1768 Cujac.

212 1777 368 1808 Vossiani
392 1781 428 1807 et
451 1777 634 1808 Leidenses
658 1787 787 1816 omnes,
813 1778 917 1809 Scali-

209 1836 285 1867 ger.
303 1827 433 1858 Lovan.
448 1827 582 1858 Duker.
605 1827 754 1857 Dorvill.
777 1832 811 1858 et
827 1828 915 1859 Edd.

212 1877 354 1908 Vascos.
369 1876 503 1907 Stradae
528 1886 567 1908 ac
592 1876 736 1917 Gryphii
760 1876 802 1908 Α.
821 1880 915 1908 1546.

213 1936 287 1958 cum
321 1926 448 1967 primis.
494 1928 610 1959 Quare
637 1927 699 1958 hoc
727 1927 800 1958 loco
829 1928 914 1959 tanti

211 1977 293 2008 mihi
310 1987 375 2008 non
392 1982 470 2008 suut
495 1977 649 2009 Andinus
675 1983 710 2009 et
735 1978 847 2010 Oxon.
877 1984 914 2010 ut

211 2038 286 2059 cum
304 2029 344 2059 iis
367 2029 530 2060 retineam
547 2030 680 2073 relatus:
703 2039 778 2060 cum
796 2040 915 2071 sequa-

213 2085 267 2110 tur
283 2079 416 2119 reliquas
438 2082 577 2120 paratas.
624 2080 722 2111 Licet
739 2081 914 2121 participi-

213 2139 268 2160 um
306 2139 367 2170 per
404 2139 440 2160 se
478 2139 543 2161 non
572 2129 750 2162 damnem:
787 2132 913 2171 passim

208 2179 301 2219 ser-ri,
327 2180 456 2220 deferri,
483 2180 598 2218 referri
623 2190 726 2212 naves
753 2180 832 2222 dici,
855 2191 914 2213 no-

211 2229 378 2261 tissimum
396 2236 458 2262 est.

254 2289 306 2312 vr.
336 2283 356 2311 2
388 2281 498 2312 Secum
532 2281 658 2322 ducere]
695 2282 774 2314 Non
798 2283 910 2321 male3

209 2331 293 2363 licet
321 2331 421 2363 modo
448 2333 677 2373 praecesserit.
722 2333 789 2364 Sed
819 2334 910 2365 aliud

210 2382 350 2414 verbum
375 2383 430 2414 liic
455 2393 619 2425 reponere
643 2384 726 2415 Mss.
744 2382 910 2423 flagitant.

209 2431 307 2463 Abire
329 2433 417 2464 enim
435 2438 489 2464 est
505 2434 538 2464 in
561 2433 687 2474 Scalig.
717 2433 814 2464 Voss.
844 2435 911 2474 pri-

207 2490 275 2521 mo,
291 2482 407 2522 Cujac.
425 2487 460 2514 et
481 2483 603 2514 Petav.
620 2483 732 2524 Marg.
758 2484 854 2523 Egm.
875 2489 911 2516 et

209 2531 318 2564 tribus
334 2533 407 2563 aliis
423 2543 499 2564 cum
513 2534 577 2564 Ed.
595 2534 745 2566 Incerta.
785 2535 911 2568 Habere

209 2591 302 2624 vero,
320 2584 410 2625 quod
427 2584 526 2615 unice
551 2590 683 2616 rectum
707 2590 772 2625 est,
795 2587 910 2618 scribi-

209 2635 314 2665 turin
334 2635 585 2676 Bongarsianis,
609 2635 768 2667 Leidensi
789 2636 911 2677 primo,

208 2685 412 2726 oxoniensi,
431 2686 550 2717 petav.
567 2686 686 2727 Cujac.
710 2686 821 2727 Marg.
838 2688 910 2719 Du-

207 2735 281 2767 ker.
315 2737 469 2778 aliisque,
496 2737 545 2767 uti
573 2742 610 2768 et
640 2736 728 2769 Edd.
767 2738 908 2770 Vascos.

206 2786 353 2827 mmmm,
380 2787 625 2830 stephanique.
652 2797 732 2820 vul.
768 2791 800 2820 6.
836 2799 910 2830 quas

689 221 831 252 NOTAE
864 220 1130 251 VARIORUM
1165 221 1213 251 IN

975 323 1077 345 aecum
1093 314 1232 346 habebat.

1019 368 1038 396 7
1066 365 1171 406 Neque
1185 364 1384 405 deprecandi]
1416 363 1499 396 Mss.
1517 367 1551 396 et
1567 364 1678 397 Etlitt.

977 415 1074 447 Vett.
1104 421 1163 446 aut
1193 415 1395 455 deprecandi;
1420 414 1509 455 quod
1537 415 1678 455 rectius,

976 475 1043 496 non
1059 466 1146 497 enim
1163 466 1372 503 bimembris,
1389 465 1448 496 sed
1464 465 1608 506 simplex
1625 472 1679 498 ent

976 518 1160 548 sententia.
1201 517 1308 547 Clark.
1353 516 1464 548 Etiam
1502 516 1569 546 mei
1606 525 1681 557 sep-

976 567 1158 597 temdecim
1176 567 1230 598 vel
1246 567 1361 607 plures
1377 570 1443 606 aut,
1468 566 1559 608 quod
1582 576 1679 607 repo-

973 617 1038 647 sui.
1084 616 1172 648 Vide
1203 617 1246 648 ad
1277 625 1331 649 1¹1.
1358 621 1408 649 14.
1440 617 1528 649 Edd.
1560 617 1678 658 primae

974 675 1068 706 neque
1090 667 1160 707 dep.
1187 677 1277 698 emma
1297 671 1353 698 aut
1375 668 1546 700 recusandi.
1602 668 1679 708 Lip-

974 716 1054 756 sius,
1092 717 1180 757 qnod
1219 718 1336 756 sciam,
1365 717 1492 758 primus
1525 717 1677 749 exhiberi

974 767 1107 798 curavit
1131 777 1235 807 neque.
1282 768 1438 799 Ciaccon.
1455 767 1548 799 delet
1561 768 1678 799 dictum

973 825 1013 848 ac
1029 819 1131 848 tamen
1150 823 1227 858 post
1243 817 1391 856 ferebant
1407 817 1538 849 inserit.

1019 869 1058 898 12
1082 867 1302 907 Religionibus
1314 877 1379 898 sese
1390 868 1505 898 diceret
1515 867 1677 908 impediri]

972 915 1130 948 Fortasse
1159 917 1248 958 quod
1283 918 1395 948 omina
1431 918 1486 948 vel
1525 917 1678 958 auspicia

973 966 1040 997 sibi
1061 967 1202 998 adversa
1227 977 1301 998 csse
1318 977 1389 1008 prae
1405 976 1440 999 se
1456 966 1574 999 ferret.
1619 969 1675 1000 Sic

972 1016 1165 1049 Pharnaces
1196 1018 1286 1058 apud
1316 1017 1468 1049 Hirtium
1507 1018 1549 1049 de
1589 1019 1675 1051 Bell.

972 1066 1072 1098 Alex.
1089 1077 1118 1099 c.
1134 1071 1189 1100 74.
1205 1070 1213 1085 ‘
1229 1068 1386 1109 auspiciis
1402 1073 1437 1099 et
1455 1068 1673 1109 religionibus

969 1116 1388 1150 inductus—descendere
1400 1124 1577 1160 praerupta
1587 1121 1675 1152 valle

971 1168 1100 1208 coepit.'
1145 1169 1195 1200 Eo
1210 1169 1426 1200 verisimilior
1438 1174 1490 1200 est
1502 1169 1577 1201 hoec
1599 1179 1675 1201 sen-

971 1218 1092 1257 tentia,
1109 1219 1199 1260 quod
1216 1220 1305 1260 apud
1319 1220 1438 1251 Gallos
1452 1224 1549 1251 erant
1565 1225 1675 1260 vates,

970 1268 1027 1309 qui
1043 1268 1092 1299 διά
1106 1281 1142 1299 τε
1156 1271 1213 1306 τῆς
1228 1269 1444 1300 οἰωνοσκοπίας
1466 1269 1517 1300 καὶ
1543 1269 1592 1301 διὰ
1616 1271 1674 1308 τῆς

968 1320 1031 1349 τῶν
1045 1319 1158 1360 ἱερείων
1177 1320 1294 1360 θυσίας,
1316 1320 1357 1352 τὰ
1374 1320 1535 1359 μέλλοντα
1560 1319 1673 1361 προλέ-

968 1381 1072 1411 γουσι,
1098 1371 1149 1401 καὶ
1170 1373 1232 1401 πᾶν
1253 1371 1290 1400 τὸ
1313 1372 1431 1407 πλῆθος
1453 1370 1579 1410 ἔχουσιν
1601 1370 1675 1408 ὑπή-

969 1430 1053 1461 κοον,
1077 1426 1166 1453 teste
1194 1421 1349 1453 Diodoro
1379 1421 1497 1452 Siculo
1520 1421 1543 1452 l.
1575 1429 1609 1453 v.
1635 1430 1672 1462 p.

969 1476 1044 1506 380.
1060 1474 1114 1505 ed.
1131 1474 1297 1505 Rhodom.
1330 1474 1441 1506 Davis.
1495 1474 1551 1506 Ita
1566 1475 1672 1508 etiam

969 1527 1113 1567 exponit
1130 1527 1360 1565 Rhessicanus,
1380 1529 1414 1557 et
1429 1525 1671 1567 Glandorpius.

969 1576 1209 1608 Hotomannus
1237 1577 1330 1618 capit
1353 1576 1396 1607 de
1416 1581 1498 1607 voto
1512 1576 1670 1608 obeundo

968 1627 1023 1658 vel
1058 1627 1161 1667 justis
1196 1626 1377 1658 solvendis.
1422 1627 1536 1658 Minus
1571 1627 1670 1659 bene.

966 1677 1108 1709 Sueton.
1135 1677 1169 1707 in
1187 1678 1322 1709 Caesare
1343 1687 1374 1708 c.
1402 1680 1453 1709 86.
1496 1677 1670 1719 ‘Ideoque

968 1732 1004 1758 et
1019 1738 1094 1768 quae
1112 1727 1292 1768 religiones
1319 1732 1512 1768 monerent,
1537 1732 1574 1760 et
1595 1738 1671 1770 quae

966 1777 1208 1809 renunciarent
1217 1777 1547 1819 amici‚neglexisse.'
1568 1777 1669 1810 Adde

968 1836 996 1857 c.
1014 1829 1067 1857 59.
1091 1827 1100 1843 ‘
1118 1827 1171 1858 Ne
1197 1827 1360 1866 religione
1388 1827 1523 1868 quidem
1552 1828 1623 1858 ulla
1650 1837 1670 1858 a

966 1887 1136 1918 quoquam
1153 1878 1288 1918 incepto
1308 1876 1536 1908 absterritus!
1580 1876 1669 1910 Vide

965 1928 1068 1958 etiam
1086 1929 1157 1960 Liv.
1173 1937 1196 1960 t.
1209 1931 1260 1960 31.
1284 1929 1360 1960 Nec
1374 1937 1472 1959 secus
1488 1927 1558 1959 alii.

1008 1987 1072 2009 vu.
1098 1981 1112 2009 l
1143 1978 1274 2009 Tantum
1288 1978 1411 2008 civitati
1426 1978 1538 2009 AEduae
1563 1977 1668 2017 digni-

963 2030 1041 2060 tatis
1069 2029 1238 2069 tribuebat]
1275 2029 1486 2060 Permutatis
1519 2028 1666 2068 casibus,

963 2080 1122 2112 rescribit
1134 2081 1175 2112 P.
1197 2079 1409 2118 ciacconius,
1430 2079 1439 2095 ⁴
1453 2078 1602 2110 Tantum
1619 2079 1666 2110 ci-

964 2131 1077 2162 vitatis
1107 2130 1226 2162 AEduae
1257 2129 1416 2170 dignitati
1453 2128 1628 2160 tribuebat
1644 2128 1666 2168 ς’

964 2181 1025 2213 sed
1042 2181 1157 2222 priore
1169 2181 1268 2212 modo
1283 2181 1418 2212 locutus
1427 2184 1480 2211 est
1491 2179 1665 2212 Minucius

963 2232 1061 2262 Felix
1077 2232 1202 2263 Octav.
1219 2241 1251 2272 p.
1277 2233 1328 2262 18.
1352 2231 1362 2247 ⁴
1376 2229 1594 2271 Antiquitas:
1615 2229 1665 2261 in-

962 2283 1048 2323 quit,
1071 2283 1080 2300 ⁶
1093 2281 1294 2314 ceremoniis
1308 2284 1411 2323 atque
1425 2279 1512 2312 fanis
1530 2283 1665 2312 tantum

961 2334 1156 2365 sanctitatis
1188 2334 1341 2365 tribuere
1365 2331 1567 2372 consuevit:
1600 2333 1665 2363 &a

961 2375 1047 2415 Ideo
1064 2384 1201 2424 vulgata
1217 2384 1321 2415 lectio
1338 2383 1412 2414 loco
1429 2391 1489 2414 suo
1512 2391 1578 2413 nou
1605 2384 1660 2412 est

961 2433 1141 2464 movenda.
1174 2433 1288 2465 Dacis.

1003 2487 1024 2514 8
1058 2484 1098 2515 In
1120 2484 1170 2515 his
1193 2483 1268 2514 locis
1296 2482 1381 2523 flare
1410 2479 1580 2520 consuevit]
1618 2479 1659 2512 In

961 2534 1047 2566 Mss.
1078 2534 1263 2573 Vossianis,
1292 2534 1454 2572 Bongars.
1487 2531 1599 2571 primo
1624 2536 1661 2563 et

961 2595 1029 2617 sec.
1061 2586 1189 2617 Lovan.
1216 2585 1315 2616 Gott.
1352 2583 1484 2615 Duker.
1513 2582 1661 2614 Dorvill.

960 2637 1059 2670 Leid.
1083 2647 1152 2669 sec.
1167 2646 1208 2668 ac
1223 2639 1305 2668 tert.
1330 2635 1412 2666 item
1444 2634 1531 2666 Edd.
1560 2634 1659 2666 Rom.

958 2688 1056 2720 Med.
1082 2687 1169 2719 Ven.
1195 2691 1232 2718 et
1255 2686 1328 2718 Ine.
1353 2695 1421 2717 non
1445 2685 1659 2726 conspicitur

959 2747 1025 2770 vox
1055 2737 1149 2769 locis:
1186 2737 1221 2767 in
1261 2737 1385 2768 Petav.
1418 2739 1472 2766 est
1504 2734 1660 2775 partibus.

958 2788 1103 2821 doctius.
1148 2786 1217 2819 Adi
1232 2785 1275 2818 ad
1293 2795 1341 2818 vi.
1359 2789 1408 2818 11.
1433 2785 1659 2818 Nihilominus
