1883 3121
257 234 366 274 1404

257 344 324 370 tav.
346 344 379 369 ct
403 339 517 378 cujac.
534 336 691 367 rescribit
706 335 844 366 Vossius
860 345 961 366 sacra-

255 395 387 422 mentum
400 390 512 428 dicere,
528 398 565 420 ac
582 389 630 419 ita
646 398 724 419 saue
740 389 802 419 ΜΞ.
819 388 958 420 Norvic.

257 442 324 471 Sed
346 441 402 471 alii
424 441 509 471 Mss.
533 445 567 471 et
593 445 726 471 veteres
753 440 824 470 cusi
848 440 961 480 miga-

258 497 325 520 tam
344 491 522 521 lectionem
548 491 711 529 retinent,
728 500 765 522 ac
786 491 891 531 proba
907 496 960 521 est

257 540 410 578 locutio;
446 541 531 571 dixit
563 542 650 571 enim
683 542 797 572 Livius
827 550 876 572 lv.
907 544 959 573 53.

255 594 263 607 ⁶
283 591 474 628 auxilioque
490 591 632 622 Tribuni
656 602 752 622 nemo
771 592 894 623 invitus
911 601 960 622 sa-

256 647 429 672 cramento
447 641 600 673 diceret.'
648 643 741 673 Nihil
766 642 872 682 igitur
893 650 960 672 mo-

256 691 413 723 vendum.
446 692 605 723 Davisius.
638 692 726 723 Ibid.
760 696 841 722 metu
865 693 960 723 ceteri

254 745 443 772 sacramento
457 742 612 773 dixerunt.
644 742 742 772 Adde
759 742 900 772 Tennul.
917 743 959 773 ad

256 792 408 824 Frontin.
435 802 484 824 ιν.
514 797 542 823 l.
560 797 591 823 Δ1.
620 798 654 823 et
679 793 711 824 J.
732 793 768 822 F.
794 793 901 824 Gron.
918 794 959 824 ad

256 845 388 875 Livium
406 854 507 875 xxiv.
522 847 551 875 S.
575 847 583 861 ‘
603 843 731 876 Quibus
749 849 959 875 sacramento

256 894 352 925 liberi
380 895 485 925 vestri
510 893 658 924 dicant:’
684 893 739 924 nbi
763 894 862 932 vulgo
885 899 959 925 erat

255 948 460 983 sacramenta,
476 944 525 975 uti
543 944 596 974 hic
613 944 726 974 inveni
745 944 777 974 in
793 944 960 975 Vossiano

256 1000 291 1025 et
311 994 408 1026 Leid.
430 1003 498 1025 sec.
525 993 681 1024 Turbam
699 1003 832 1034 quoque
851 1003 890 1024 ιι.
908 997 960 1026 2-1.

253 1048 260 1060 ‘
282 1049 319 1075 ut
349 1049 561 1076 sacramento
598 1043 774 1075 dicerent!
832 1044 960 1075 Verum

257 1102 368 1124 tamen
386 1100 513 1134 praeter
529 1094 646 1134 anac.
665 1099 699 1125 et
719 1094 839 1124 Petav.
857 1096 960 1125 ctiam

257 1145 376 1185 Scalig.
391 1150 425 1176 et
444 1145 538 1175 Leid.
553 1154 603 1185 pr.
621 1154 694 1175 cum
709 1144 772 1175 Ed.
788 1145 827 1176 R.
840 1144 960 1185 Steph.

256 1195 379 1226 babent
405 1194 658 1226 Sacramentum.-
683 1204 821 1235 quorum
847 1200 960 1226 aucto—

257 1245 339 1276 ritas
353 1251 447 1276 certe
465 1244 727 1286 praeponderare
744 1244 859 1275 debet.
892 1245 960 1275 Ho-

257 1300 321 1325 rat.
346 1295 401 1326 od.
429 1304 466 1326 ιι.
494 1298 542 1326 17.
587 1296 595 1311 ‘
617 1294 695 1325 Non
713 1304 776 1334 ego
793 1293 960 1335 perfidum

258 1345 341 1375 Dixi
365 1344 636 1375 sacramentum!
682 1345 793 1376 Tacit.
821 1343 908 1375 Anu.
935 1354 960 1375 1.

256 1398 310 1426 28.
334 1396 343 1412 ‘
363 1394 595 1426 Percennione
612 1399 648 1426 et
663 1394 832 1425 Vibuleno
848 1404 960 1426 sacra—

257 1450 407 1476 mentum
424 1445 549 1476 dicturi
566 1455 678 1476 sumus
693 1445 714 1475 ?'
742 1445 831 1476 Hist.
845 1454 893 1476 ιν.
908 1448 960 1477 31.

256 1505 263 1512 ·
283 1496 456 1537 Adigente
489 1497 623 1536 Flacco,
654 1496 868 1533 instantibus,
902 1496 962 1527 tri-

257 1548 369 1587 bunis,
387 1547 456 1578 dixi
474 1547 746 1579 sacramentum!
792 1547 848 1577 Sic.
872 1546 960 1577 enim

257 1599 341 1628 Mss.
372 1598 438 1629 illis
467 1598 549 1628 locis
586 1602 793 1629 constanter.
854 1597 960 1628 Immo

232 1642 347 1688 'apud
376 1648 485 1688 ipsum
515 1648 698 1686 Caesarem,
726 1657 756 1678 c.
782 1649 833 1678 23.
866 1646 962 1688 hujus

256 1697 346 1738 libri,
383 1699 392 1714 ⁴
414 1697 544 1729 Milites
591 1698 807 1728 Domitianos
854 1707 962 1729 sacra-

256 1754 407 1780 mentum
424 1748 513 1789 apud
530 1758 565 1778 se
593 1747 707 1779 dicere
725 1747 849 1788 jubet.’
895 1748 959 1779 Ve-

258 1803 326 1840 get.
356 1808 394 1830 11.
417 1803 447 1831 5.
481 1800 490 1816 ‘
507 1799 641 1830 Militiae
668 1803 883 1830 sacramenta
913 1798 960 1829 di-

257 1849 403 1881 eantur!

300 1909 466 1932 Lxxxvn.
487 1904 506 1931 7
530 1901 581 1932 Ad
598 1901 751 1931 Coesarem
773 1900 859 1930 intus
878 1899 960 1930 adie-

256 1949 344 1989 runt]
383 1950 452 1980 Alii
480 1951 732 1981 introduxerunt.
779 1950 894 1981 Laudo
925 1956 961 1981 et

258 2000 420 2031 ambabus
448 2001 600 2031 manibus
624 2002 811 2041 amplector
826 2001 960 2042 conjec-

257 2057 368 2082 turam
405 2051 483 2083 Jani
524 2051 723 2091 Guilielmii,
753 2051 811 2092 qui
846 2062 877 2083 c.
908 2055 961 2083 ll.

258 2101 389 2134 Quaest.
407 2101 440 2131 in
459 2100 664 2132 Aululariam
684 2102 769 2141 legit
784 2101 880 2140 injus
894 2101 961 2132 odi-

258 2156 359 2183 crunt.
406 2152 562 2183 Observo
593 2153 641 2183 sic
670 2153 820 2184 locutum
849 2153 961 2184 Cicer.

258 2201 291 2232 in
313 2202 466 2242 Verrem,
490 2203 588 2233 Orat.
618 2212 666 2233 iv.
694 2206 744 2234 11.
781 2203 789 2219 ‘
809 2203 893 2233 Cum
919 2202 962 2233 ad

256 2258 439 2292 praetorem
456 2252 488 2282 in
500 2253 557 2293 jus
574 2252 771 2291 adissemus,
786 2252 963 2292 excogitat

258 2312 337 2334 sane
353 2303 548 2344 diligenter,
564 2308 600 2334 et
616 2308 716 2334 caute
739 2303 821 2343 quid
845 2302 961 2333 decer-

258 2358 328 2384 nat.
376 2354 460 2385 Nam
493 2358 673 2395 antequam
702 2353 841 2384 verbum
872 2352 962 2384 face-

258 2414 341 2442 rem,
371 2404 414 2435 de
446 2405 528 2435 sella
551 2404 698 2434 surrexit
727 2408 828 2443 atque
853 2403 961 2434 abiit!

258 2454 353 2485 Idem
377 2456 477 2485 Orat.
494 2464 557 2485 vn.
577 2458 627 2486 ll.
651 2455 684 2485 in
710 2454 854 2484 eundem
879 2455 962 2484 Ver-

258 2514 350 2536 rem:
375 2506 384 2521 ‘
405 2504 493 2535 Nam
510 2504 690 2535 Heraclius
708 2508 778 2534 turn
795 2502 963 2543 adfuerat,

258 2564 333 2586 cum
357 2554 499 2594 primum
526 2553 597 2584 dati
631 2558 706 2584 sunt
732 2553 885 2593 judices:
920 2554 962 2585 de

259 2605 334 2644 bac,
349 2605 404 2645 qui
418 2609 598 2646 antequam
611 2605 706 2645 injus
719 2605 846 2635 aditum
858 2610 961 2644 esset,

259 2660 439 2695 antequam
482 2655 626 2696 denique
665 2661 788 2685 mentro
828 2660 961 2686 contro-

258 2705 379 2736 versiae
396 2704 485 2736 facta
503 2712 605 2745 esset,
625 2706 848 2744 discessisset,
865 2711 962 2746 puta-

261 2756 343 2785 bant
372 2755 452 2785 nilril
483 2755 536 2796 agi
569 2755 685 2796 posse!
729 2756 797 2786 Sed
829 2756 962 2788 abunde

258 2806 329 2836 baec
354 2805 396 2836 ad
424 2805 621 2837 firmandam
648 2806 832 2838 Guilielmii
852 2816 963 2838 cincu-

721 241 860 272 No'rAE
894 241 1113 271 VARIORD
1125 242 1158 271 M
1193 241 1243 270 IN

1009 334 1192 367 dationem.
1233 335 1362 366 Vossius.
1400 334 1489 364 Intus
1511 334 1652 364 adierunt
1669 343 1709 364 cx

1010 386 1123 416 Ursini
1147 385 1265 416 codice
1292 384 1423 424 recepit
1447 384 1610 424 Scaliger,
1635 393 1710 414 cum

1009 436 1109 476 vulgo
1127 436 1300 477 legeretur
1323 435 1439 474 inepte
1462 433 1712 472 introdux'enmt,

1009 487 1098 528 quod
1127 492 1239 518 tamen
1269 491 1322 517 est
1353 495 1485 527 quoque
1521 485 1554 515 in
1598 484 1710 516 Palat.

1009 538 1116 577 Bong.
1134 537 1278 567 Dorvill.
1303 541 1338 567 et
1362 536 1454 567 Leid.
1480 546 1548 567 sec.
1578 535 1711 576 Reliqui

1009 588 1075 618 mei
1113 597 1246 628 quoque
1282 587 1367 618 intus
1401 588 1544 618 adierunt
1587 592 1712 628 pr‘aeter

1010 636 1106 668 Leid.
1139 647 1190 677 pr.
1224 638 1279 678 qui
1311 637 1370 668 dat
1406 638 1531 668 dus-tius
1556 638 1711 668 adierunt.

1011 688 1181 727 Corrupte
1211 689 1282 718 sine
1311 688 1412 718 dubio
1443 698 1485 718 ex
1515 688 1635 728 injus,
1661 689 1712 719 uti

1011 739 1096 769 bene
1113 739 1145 769 iu
1171 744 1302 769 textum
1320 738 1392 778 jam
1417 742 1621 776 receperunt
1636 737 1711 768 Cel-

1010 789 1124 827 larius,
1148 794 1182 819 et
1204 788 1372 824 Clarkius,
1389 792 1422 817 ct
1446 787 1540 818 Cort.
1564 786 1605 816 ad
1630 787 1713 817 Sall.

1011 839 1051 869 B.
1075 840 1154 870 Bat.
1179 842 1276 871 c.*12.
1300 838 1443 869 Terent.
1468 837 1606 868 Phorrn.
1631 841 1662 868 5.
1679 840 1710 868 8.

1008 892 1062 920 41.
1085 891 1093 906 ‘
1111 890 1150 920 ln
1163 889 1221 930 jus
1239 887 1397 919 ambula.’
1434 887 1520 918 Vide
1537 887 1580 917 ad
1596 886 1711 918 Aurei.

1009 941 1142 971 Victor.
1174 941 1216 970 de
1248 940 1316 970 Vir.
1345 939 1456 970 lllust.
1482 948 1512 969 c.
1538 941 1591 969 72.
1627 939 1635 955 ‘
1656 938 1713 969 Ne

1011 994 1084 1034 quis
1103 992 1144 1023 ad
1161 1003 1237 1023 cum
1263 992 1295 1022 in
1313 992 1370 1032 jus
1393 991 1458 1022 iret
1478 994 1495 1020 ;“
1518 994 1553 1021 et
1577 990 1712 1030 passim,

1011 1054 1212 1085 quamquam
1234 1053 1300 1074 nou
1325 1051 1412 1083 nego
1436 1042 1518 1072 intus
1532 1040 1712 1081 aliquando

1012 1104 1074 1135 pro
1089 1095 1174 1125 intro
1186 1095 1288 1125 sumi:
1308 1098 1344 1124 ut
1360 1102 1413 1123 ιιι.
1426 1095 1479 1123 26.
1503 1094 1512 1108 ‘
1530 1091 1604 1123 Quo
1617 1091 1714 1121 simul

1012 1150 1115 1186 atque
1133 1145 1222 1175 intus
1235 1149 1287 1174 est
1303 1143 1386 1173 itum
1400 1142 1419 1172 :'
1439 1142 1467 1173 si
1484 1151 1563 1172 sana
1579 1145 1631 1171 est
1648 1141 1713 1171 lec-

1012 1196 1071 1226 tio.
1118 1195 1204 1225 Vide
1234 1194 1334 1225 Fabri
1359 1194 1457 1224 Thes.
1487 1197 1522 1223 et
1549 1196 1645 1222 notas
1670 1191 1711 1222 ad

1011 1245 1135 1275 Vellei.
1158 1253 1197 1274 ιι.
1220 1248 1273 1274 25.
1308 1242 1374 1273 Sed
1402 1247 1514 1272 tamen
1540 1241 1711 1282 plerisque

1011 1294 1094 1324 locis
1110 1293 1212 1324 etiam
1237 1302 1313 1323 cum
1336 1291 1545 1322 Accusativo
1570 1296 1666 1322 notat
1680 1292 1712 1322 in

1012 1344 1107 1374 loco:
1139 1348 1177 1374 ut
1204 1348 1240 1374 et
1266 1342 1312 1373 ibi
1343 1347 1439 1382 patet
1470 1341 1569 1372 etiam
1598 1341 1714 1372 addita

1012 1394 1254 1435 praepositione
1280 1393 1324 1424 in.
1350 1393 1424 1424 Liv.
1451 1401 1568 1424 xxvu.
1598 1396 1650 1424 ll.
1675 1398 1712 1424 ut

1011 1450 1063 1476 est
1088 1444 1121 1475 in
1144 1445 1227 1476 Mss.
1244 1454 1263 1474 a
1280 1453 1333 1474 me
1357 1444 1434 1475 visis
1461 1445 1469 1460 ‘
1488 1444 1605 1475 Romae
1624 1444 1714 1475 intus

1010 1496 1044 1527 in
1060 1497 1180 1527 cellam
1197 1495 1298 1535 aedis,’
1314 1498 1377 1527 stc.
1405 1495 1494 1526 Vide
1517 1500 1552 1526 et
1575 1494 1617 1526 ad
1642 1494 1712 1527 Ob-

1011 1556 1083 1587 seq.
1101 1556 1132 1577 c.
1158 1549 1229 1578 106.
1265 1547 1342 1583 Non
1371 1555 1517 1586 possum,
1545 1546 1623 1587 quin
1650 1546 1713 1578 hac

1011 1598 1188 1629 occasione
1217 1598 1402 1629 emaculem
1427 1597 1547 1638 Virgil.
1572 1597 1606 1627 in
1639 1596 1713 1628 Cul.

1011 1651 1064 1679 76.
1081 1650 1089 1666 ⁸
1103 1649 1247 1680 vallibus
1262 1649 1334 1679 imis
1346 1648 1488 1689 Semper
1505 1657 1608 1688 opaca
1619 1646 1714 1679 novis

1011 1699 1184 1730 manantia
1199 1698 1348 1730 fontibus
1363 1698 1483 1730 antra!
1523 1698 1612 1730 Nam
1628 1698 1713 1730 Mss.

1010 1749 1107 1781 Voss.
1123 1754 1159 1781 et
1176 1749 1296 1781 Petav.
1314 1749 1501 1789 elegantius
1514 1759 1545 1780 υ.
1559 1748 1657 1780 intus.

1053 1802 1074 1830 9
1096 1799 1350 1840 flagitarentur]
1381 1799 1548 1831 Cellarius
1576 1803 1613 1831 et
1635 1798 1714 1830 Am·

1012 1850 1286 1881 staelodamenses
1299 1849 1715 1890 ediderunt‚flagitaretur.

1011 1899 1078 1930 Sed
1098 1899 1197 1939 longe
1213 1900 1400 1940 elegantior
1417 1899 1519 1930 lectio
1536 1905 1601 1938 est,
1614 1898 1713 1939 flugi-

1012 1953 1178 1986 tarentum
1201 1955 1238 1981 ut
1255 1949 1451 1990 Stipendium
1465 1950 1507 1980 sit
1528 1958 1624 1980 casus
1649 1949 1716 1980 Ac-

1012 2000 1167 2032 cusativi.
1191 2001 1297 2031 Clark.
1321 2000 1362 2031 In
1387 1999 1519 2031 Lexicis
1529 2000 1602 2040 jam
1619 2004 1714 2030 nota-

1013 2054 1068 2081 tur
1089 2051 1187 2091 hujus
1210 2051 1390 2082 locutionis
1415 2050 1611 2082 testimonio
1641 2059 1716 2090 pro-

1013 2101 1128 2141 ducto,
1150 2101 1254 2132 etiam
1270 2101 1434 2143 flagitari,
1458 2106 1493 2131 ut
1520 2100 1619 2140 plura
1643 2100 1716 2142 ejus

1014 2151 1147 2191 generis
1170 2151 1285 2191 verba,
1311 2151 1460 2182 retinere
1486 2151 1716 2182 accusativum

1014 2202 1074 2232 rei.
1118 2202 1249 2233 Vereor
1274 2207 1399 2241 tamen,
1422 2211 1463 2232 ne
1487 2200 1618 2232 infirmo
1642 2200 1719 2232 tibi-

1013 2252 1088 2283 cine
1117 2253 1161 2284 sit
1191 2251 1314 2284 fultum
1356 2253 1418 2284 boc
1459 2252 1715 2284 testimonium:

1012 2312 1088 2333 nam
1104 2303 1189 2334 Mss.
1206 2304 1271 2334 mei
1287 2312 1402 2334 omnes
1418 2301 1718 2343 habent—flagitare·

1012 2358 1065 2385 tur
1080 2365 1155 2386 cum
1181 2354 1269 2386 Edd.
1294 2354 1424 2395 primis,
1442 2354 1491 2384 nti
1515 2359 1550 2385 et
1571 2353 1716 2394 Gryphii

1012 2405 1163 2446 aliisque.
1208 2405 1349 2436 Relinui
1386 2410 1498 2437 tannen
1525 2404 1715 2446 flagitaren-

1012 2459 1073 2487 tur.

1055 2511 1095 2538 14
1121 2508 1161 2543 Q.
1182 2507 1305 2550 Fufium
1318 2507 1489 2548 Kalenum]
1513 2507 1570 2539 Sic
1587 2516 1628 2537 cx
1646 2507 1717 2537 Ms.

1012 2558 1127 2589 Ursin.
1157 2563 1193 2589 ct
1223 2558 1362 2590 Schedis
1390 2558 1500 2588 Pulm.
1533 2567 1609 2587 cum
1640 2557 1716 2588 Cel-

1012 2608 1108 2646 lario,
1125 2608 1277 2648 Davisio,
1292 2612 1328 2639 et
1345 2607 1483 2638 Clarkio
1501 2607 1592 2637 edidi
1609 2607 1663 2638 hic
1679 2612 1716 2638 et

1011 2659 1052 2689 B.
1067 2658 1139 2689 Civ.
1157 2667 1212 2688 111.
1226 2661 1256 2689 8.
1274 2660 1326 2688 26.
1343 2661 1396 2688 55.
1415 2660 1487 2688 106.
1504 2668 1522 2687 e
1541 2657 1624 2688 Mss.
1644 2658 1715 2698 plu-

1012 2706 1117 2747 rimis,
1133 2710 1195 2738 «Sec.
1219 2717 1294 2738 cum
1320 2707 1398 2738 olim
1423 2708 1631 2738 scriberetur
1653 2707 1717 2738 Fu-

1011 2759 1101 2789 sium.
1147 2758 1253 2796 Male,
1291 2762 1330 2788 ut
1369 2768 1387 2788 e
1418 2757 1562 2788 nummis
1591 2761 1710 2797 patet:

1013 2818 1115 2850 quare
1151 2808 1203 2839 111.
1244 2807 1403 2838 Heinsius
1433 2817 1566 2849 quoque
1596 2806 1717 2847 Frq-fium

1233 2971 1274 3021 Q
