1818 3131
348 214 440 244 mn.
474 213 517 243 v.
549 211 655 242 cAr.
684 200 754 240 ⁶23.
790 211 850 240 nn
887 211 1039 241 nunno
1071 211 1298 241 GAnnico.

105 307 137 338 in
162 306 323 348 quosdam
346 307 453 338 Mstos
478 315 497 337 e
521 303 726 344 praecedenti
753 303 795 333 ir—

107 357 226 396 repsit,
253 357 302 388 uti
327 356 358 386 in
387 355 555 386 Andinum
587 354 795 393 Orgetorige:

105 406 161 446 qui
178 410 252 436 erat
271 405 500 436 Helvetiorum
517 403 584 433 dux
607 403 625 432 l.
643 411 666 432 ι.

148 459 186 486 12
214 455 382 486 Statuit-set
411 453 538 483 hiemem
567 451 672 491 agere]
709 452 792 483 Mss.

105 507 189 546 Reg.
223 507 348 538 Etiens.
387 509 421 535 et
450 503 558 534 Voss-ii
588 505 795 534 conscientias-et

103 555 246 586 hiemare.
271 555 377 585 Clark.
411 553 626 583 Constituisse!
647 553 795 591 (institu-

101 605 174 635 isset
198 605 304 643 Bong.
344 604 428 643 sec.)
464 604 597 634 hiemare
634 603 795 634 exhibent

103 664 177 685 cum
202 653 354 685 Dd.1nc.
379 654 445 684 mei
469 662 596 691 omnes,
623 657 660 683 ut
683 658 717 683 et
739 653 796 683 ali-

101 713 215 742 orum;
246 710 372 744 praeter
395 705 506 735 Ursin.
530 705 648 744 Cujac.
672 704 794 744 Scalig.

102 753 226 785 Audin.
255 754 348 785 Leid.
372 755 466 794 prim.
495 760 529 784 et
556 754 796 791 Oxoniensem‚

102 805 202 834 solito
218 814 321 835 more.
372 805 501 835 Brautii
526 804 622 842 liber,
645 809 682 835 et
708 804 794 834 Edd.

103 854 244 894 aliquot,
256 854 474 891 utum-oaldi,
489 854 587 884 Vasc.
606 853 695 892 Aldi,
710 854 798 894 Gry-

101 904 184 944 phii,
220 907 284 935 otc.
325 905 482 935 statuisset
517 904 670 935 hiemare:
707 904 797 944 quod

103 953 263 985 Brantius
301 953 455 984 defendit
491 953 618 984 duobus
655 954 798 985 eaesaris

101 1003 196 1042 locis,
211 1003 331 1043 quibus
348 1005 443 1043 plura
458 1003 535 1034 addi
559 1009 713 1044 possent:
739 1003 798 1033 sed

100 1055 211 1085 statuit
241 1053 370 1084 hiemem
401 1063 493 1091 agere
521 1053 705 1092 elegantius
736 1058 800 1091 est,

102 1112 201 1144 quam
216 1108 291 1134 uta
314 1103 449 1134 librario
474 1102 663 1143 profectum
685 1102 799 1142 fuisse,

103 1153 195 1186 credi
211 1152 262 1184 fas
279 1153 333 1184 sit.

147 1206 186 1234 18
210 1203 342 1243 Nocent]
367 1204 482 1244 Cujac.
496 1202 622 1234 Audin.
636 1207 671 1234 et
689 1202 800 1234 Oxon.

103 1262 178 1284 cum
210 1253 295 1283 Edd.
329 1255 488 1293 Romana,
510 1253 651 1284 Mediol.
676 1257 712 1283 et
734 1253 801 1283 Ve-

104 1308 185 1334 neta
213 1302 322 1334 bellum
346 1303 462 1341 saciat.
522 1303 708 1333 Locutioue
735 1304 801 1334 ele·

105 1354 312 1392 gantissima,
342 1362 402 1383 nec
433 1356 564 1382 tantum
595 1352 636 1382 ab
667 1353 801 1391 optimis

106 1403 278 1444 quibusvis
294 1401 531 1442 scriptoribus,
548 1401 606 1431 sed
623 1405 657 1432 et
673 1401 714 1432 ab
730 1401 802 1441 ipso

107 1457 245 1484 auctore
270 1452 421 1484 adhibita
447 1452 468 1482 Ι.
484 1461 539 1483 ιιι.
567 1452 599 1482 in
622 1451 711 1489 fine3
737 1452 804 1483 ‘ci-

105 1502 282 1541 vstatibus,
296 1512 370 1543 quae
396 1502 547 1542 proxime
564 1501 689 1532 bellum
713 1500 803 1532 sece-

105 1552 220 1593 rantj'
261 1552 317 1583 nbi
348 1551 427 1582 vide
460 1551 652 1582 Cellarium.
685 1560 719 1581 v·
749 1553 802 1581 28.

106 1603 257 1643 {populo
273 1603 422 1634 Romano
436 1601 560 1632 benum
576 1600 688 1632 facere
702 1601 720 1639 ;’
739 1611 803 1641 quo

107 1653 182 1683 loco
199 1653 337 1684 consule
359 1652 546 1684 Davisium.
573 1660 638 1682 vn.
662 1654 692 1682 2.
713 1653 722 1667 ‘
738 1651 805 1681 bel-

107 1703 174 1733 lum
192 1701 340 1734 facturos
369 1701 594 1742 pollicentur!
641 1702 681 1732 B.
698 1700 804 1732 Afric.

108 1763 138 1784 c.
154 1756 206 1783 88.
221 1755 229 1770 ‘
244 1753 286 1784 ad
305 1753 428 1783 bellum
444 1751 634 1783 faciendum
649 1751 669 1781 :'
695 1761 734 1782 ac
751 1752 803 1782 Cl.

108 1804 225 1835 Burm.
258 1803 300 1834 ad
335 1803 436 1834 ovid.
470 1803 610 1833 Metam.
642 1811 720 1832 vm.
751 1804 802 1832 58.

108 1853 233 1885 ‘Justa
259 1852 344 1884 facit
371 1858 466 1883 certe
494 1862 554 1892 pro
581 1857 660 1882 nato
689 1852 773 1882 bella
785 1853 804 1889 3’

107 1908 143 1933 et
157 1912 310 1934 socerum
327 1912 436 1934 meum
461 1903 502 1933 ad
524 1903 638 1932 Valer.
665 1902 804 1932 Maxim.

108 1961 142 1983 v.
158 1956 189 1984 4.
206 1956 236 1984 3.
281 1953 433 1984 Curtium
458 1952 502 1982 ad
526 1952 662 1983 Sallust.
687 1952 727 1982 B.
744 1952 806 1983 Ca-

109 2001 159 2033 til.
176 2011 204 2033 c.
220 2005 274 2033 26.
297 2008 306 2020 ⁶
323 2003 508 2034 Constituit
525 2002 649 2033 bellum
666 2001 804 2032 facere.’

109 2051 222 2083 Livius
250 2061 274 2083 1.
304 2055 354 2083 38.
381 2052 491 2083 ‘Inde
523 2052 643 2092 priscis
675 2052 806 2083 Latinis

110 2100 234 2132 bellum
249 2100 353 2132 fecit)
385 2102 504 2132 Cicero
517 2111 580 2141 pro
595 2101 691 2132 Font.
707 2111 737 2132 c.
754 2104 804 2132 12.

111 2142 244 2181 ‘si'iui
276 2151 399 2181 bellum
429 2150 542 2182 facere
571 2150 806 2182 conabuntur!

113 2199 240 2230 Merito
257 2201 359 2240 igitur
376 2200 492 2231 adrisit
508 2201 581 2232 haec
603 2201 705 2232 lectio
721 2211 806 2232 sum-

111 2258 166 2280 mo
181 2250 353 2281 Gronovio
368 2250 410 2280 ad
434 2250 579 2288 Livium,
602 2254 640 2280 ut
663 2256 699 2281 et
721 2260 807 2281 mar-

112 2299 182 2339 gini
198 2299 323 2330 adlevit
341 2299 511 2339 Heinsius,
536 2305 574 2332 et
596 2309 654 2331 nos
677 2300 710 2331 in
736 2306 808 2333 tex-

113 2353 183 2380 tum
200 2349 403 2379 admisimus.

156 2407 265 2429 xxm.
285 2405 305 2430 4
330 2398 459 2429 Duobus
482 2399 697 2429 commeatibus
721 2409 809 2430 eser-

112 2449 210 2480 eitum
230 2453 388 2489 reportare
402 2449 578 2490 constituit]
602 2450 810 2480 Commeatum

115 2500 295 2539 vocabant,
324 2506 358 2531 et
390 2505 482 2531 recte
507 2500 707 2538 Beroaldus,
733 2510 809 2531 cum

116 2551 229 2590 plures
253 2560 318 2581 una
339 2560 440 2581 naves
457 2551 569 2591 aliquo
586 2552 810 2590 appulissent.

117 2599 246 2631 Graecis
262 2600 436 2640 πορευτικὸς
451 2600 577 2639 στόλος,
595 2606 630 2631 ut
647 2610 688 2631 ex
704 2601 809 2632 veteri

115 2648 332 2690 inscriptione
366 2651 468 2682 docet
516 2651 732 2683 casaubonus
769 2651 811 2681 ad

118 2698 267 2731 Suetonii
297 2701 384 2742 Aug.
417 2712 446 2733 c.
474 2705 527 2733 98.
563 2703 677 2733 Brant.
713 2703 811 2733 Hanc

117 2752 297 2780 commeatts
317 2750 596 2792 significationem
618 2751 732 2782 multis
756 2761 812 2782 ex-

1429 200 1540 239 1099

846 305 965 344 emplis
975 305 1144 336 adstruxit
1155 305 1242 336 Phil.
1254 305 1425 336 Rubenius
1436 305 1542 336 Elect.

846 362 885 383 11.
904 356 955 383 13.
983 354 1094 385 Dat-is.
1138 355 1228 385 Hirt.
1255 355 1294 385 B.
1315 353 1423 386 Afric.
1440 365 1470 386 c.
1489 358 1542 386 Sl.

846 403 854 418 ‘
871 403 993 433 Donec
1025 404 1086 434 sibi
1114 409 1350 435 veteranarum
1371 404 1542 444 legionum

846 461 925 492 pars
944 452 1056 493 aliqua
1072 454 1104 483 in
1122 455 1270 485 secundo
1286 460 1475 485 commeatu
1490 464 1545 486 oc·

847 502 1031 533 currisset.'
1056 503 1154 535 Adde
1171 514 1200 535 c.
1218 507 1269 535 37.
1285 510 1318 536 et
1334 507 1386 536 44.

890 554 1075 594 Reporture]
1106 556 1230 587 Rursus
1261 557 1434 596 Cujacian.
1471 557 1544 587 Lei-

846 603 942 634 dens.
958 605 1055 644 prim.
1073 605 1231 636 etOxon.
1244 616 1319 637 cum
1337 607 1400 638 Ed.
1420 608 1459 637 R.
1474 608 1546 638 Ste-

846 654 947 693 phani
959 656 968 670 ‘
983 654 1186 694 deportare!
1201 655 1320 686 Recte.
1332 665 1385 686 111.
1400 659 1450 686 12.
1466 659 1473 673 ‘
1488 666 1547 687 sua

847 704 958 734 omnia
984 703 1221 744 deportabant'
1251 715 1297 737 sc.
1329 707 1481 737 navibus.
1506 708 1545 738 B.

848 753 920 784 (Σίν.
939 763 964 785 ι.
981 757 1033 785 27.
1051 756 1059 770 ¹
1074 755 1198 795 Names,
1216 766 1292 797 quae
1309 757 1454 796 priorem
1472 766 1547 796 par-

848 808 915 834 tem
927 805 1095 836 exercitus
1106 814 1146 835 eo
1157 804 1444 845 deportaverant!
1460 805 1547 836 Vide

848 859 882 885 et
896 855 936 884 B.
956 855 1027 885 Civ.
1045 863 1085 885 11.
1102 858 1155 885 43.
1186 856 1356 895 Deportari
1379 860 1548 896 praeterea

849 904 1050 935 dicebantur
1068 914 1117 944 ea,
1133 915 1207 946 quae
1232 915 1273 935 ex
1304 905 1473 945 provincia
1491 905 1547 935 ad-

848 955 1067 986 vehebantur.
1115 956 1260 986 Consule
1299 956 1447 987 Gronov.
1478 956 1547 988 Ob-

849 1014 936 1034 serv.
955 1013 978 1034 1.
995 1007 1046 1035 12.

895 1052 1080 1092 Constituit]
1118 1054 1201 1084 Mss.
1242 1055 1326 1093 Reg.
1359 1055 1484 1085 Eliens.
1515 1060 1550 1085 et

850 1103 961 1134 Vossii
989 1103 1136 1133 instituit.
1164 1103 1274 1134 Clark.
1317 1103 1461 1134 Instituit
1484 1103 1552 1135 effi-

851 1153 962 1184 cacius
998 1153 1082 1183 Mss.
1122 1153 1262 1184 aliorum
1293 1158 1327 1183 et
1360 1155 1437 1193 mei,
1462 1154 1550 1195 quod

852 1202 968 1240 sciam,
990 1211 1103 1233 omnes
1121 1211 1195 1233 cum
1215 1202 1276 1233 Ed.
1298 1203 1449 1242 Incerta,
1465 1213 1550 1243 pra*-

851 1257 905 1283 ter
921 1252 1165 1284 Oxoniensem.
1203 1254 1232 1284 E
1250 1254 1393 1284 Caesaris
1411 1255 1500 1295 stylo
1517 1254 1552 1285 id

853 1302 997 1342 reposui.
1036 1303 1125 1334 Vide
1147 1302 1189 1333 ad
1217 1312 1272 1334 111.
1290 1306 1340 1335 23.
1356 1306 1364 1320 ‘
1383 1304 1554 1335 Commea-

853 1353 943 1384 tibus
958 1358 1089 1384 nostros
1103 1355 1333 1386 intercludere
1344 1355 1552 1395 instituunt,'

854 1408 889 1434 et
906 1403 996 1434 alibi.

895 1457 915 1484 6
943 1455 1014 1485 Ulla
1043 1454 1146 1496 natis]
1182 1455 1356 1495 Cujacian.
1388 1456 1553 1495 Bongars.

855 1509 889 1534 et
924 1503 1082 1535 Leidens.
1113 1504 1224 1545 prim,
1252 1506 1370 1546 optimi
1401 1506 1554 1544 Codices,

854 1553 980 1584 habent
1009 1553 1103 1585 nulla.
1164 1554 1261 1585 More
1302 1555 1424 1585 Groeco
1459 1565 1553 1595 neque

854 1604 965 1642 nullus,
982 1603 1233 1634 vehementiore
1251 1605 1439 1643 negatione.
1470 1605 1552 1635 Pro-

857 1658 944 1693 pert.
972 1662 1012 1684 11.
1045 1657 1095 1685 15.
1122 1658 1153 1684 5.
1182 1655 1190 1670 ‘
1210 1655 1312 1685 Nulla
1337 1664 1446 1694 neque
1474 1660 1553 1684 ante

856 1707 930 1733 tuas
956 1703 1085 1733 orietur
1116 1704 1190 1734 rixa
1212 1704 1391 1734 tabernas:
1431 1705 1554 1735 Neme-

855 1752 936 1782 sian.
953 1753 1026 1782 Ecl.
1044 1760 1084 1782 11.
1100 1755 1153 1783 46.
1179 1754 1188 1769 ‘
1210 1753 1329 1783 Nullos
1346 1762 1408 1783 nec
1424 1759 1554 1793 myrtus

855 1811 918 1832 nec
937 1802 1048 1831 laurus
1072 1802 1179 1841 spirat
1202 1802 1346 1833 odores!
1383 1802 1471 1833 Vide
1488 1803 1556 1833 lau-

856 1851 952 1881 datos
980 1850 1022 1881 ad
1048 1851 1175 1882 Lucan.
1200 1860 1224 1883 1.
1248 1855 1321 1883 642.
1347 1857 1381 1883 et
1404 1852 1554 1883 aCortio

855 1900 899 1931 ad
913 1901 1047 1932 Sallust.
1078 1901 1118 1932 B.
1143 1901 1223 1942 Jug.
1251 1910 1282 1932 c.
1306 1904 1356 1932 13.
1373 1906 1409 1931 et
1426 1902 1554 1941 Nepet.

856 1951 932 1983 Att.
954 1961 985 1982 c.
1007 1954 1059 1982 11.
1086 1952 1094 1967 ‘
1114 1952 1235 1992 Neque
1258 1961 1323 1982 uon
1340 1952 1490 1983 malebat
1507 1953 1556 1982 ul-

857 2001 963 2032 cisci!
998 2001 1104 2032 Immo
1132 2002 1222 2042 apud
1243 2006 1394 2032 nostrum
1422 2011 1487 2033 vn.
1504 2005 1554 2033 77.

859 2055 867 2067 ⁸
879 2051 1019 2090 Nolite‚’
1031 2053 1095 2082 ἃς.
1104 2052 1231 2092 ‘neque
1242 2058 1456 2092 prosternere
1469 2052 1489 2083 :'
1499 2052 1556 2083 ubi

856 2101 932 2131 vide
958 2101 1096 2131 Davis.:
1121 2111 1320 2142 quamquam
1341 2102 1386 2132 ibi
1406 2102 1556 2132 secundo

856 2151 932 2181 loco
949 2151 1051 2181 velitis
1066 2156 1181 2191 potest
1193 2151 1414 2192 subintelligi.
1427 2153 1468 2182 B.
1483 2153 1556 2183 Civ.

857 2210 898 2232 11.
921 2204 972 2232 17.
999 2202 1008 2218 ⁶
1025 2211 1134 2242 neque
1160 2211 1196 2232 se
1218 2202 1253 2232 in
1280 2203 1405 2232 nullam
1421 2208 1555 2243 partem

857 2251 1026 2282 movebat'
1041 2252 1073 2282 in
1091 2252 1193 2282 Msto.

901 2304 941 2332 10
956 2301 1070 2332 Locum
1084 2301 1242 2341 caperent]
1257 2301 1311 2333 Ad
1328 2303 1438 2333 locum
1455 2302 1558 2333 desti-

858 2355 974 2381 natum
991 2351 1218 2391 pervenirent.
1249 2352 1306 2382 Sic
1320 2361 1424 2392 supra
1438 2362 1487 2383 xv.
1503 2355 1556 2384 26.

859 2401 945 2431 dixit
959 2401 1092 2432 insulam
1106 2411 1224 2441 capere.
1249 2402 1305 2433 Fr.
1321 2407 1435 2432 tamen
1452 2403 1559 2434 Hoto-

859 2460 998 2482 mannus
1025 2452 1192 2482 Caesarem
1208 2460 1274 2482 non
1292 2451 1486 2489 intellexit3
1511 2452 1559 2483 ait

859 2501 949 2531 enim
964 2503 1141 2532 obscuram
1158 2501 1223 2532 sibi
1240 2511 1313 2532 esse
1341 2502 1558 2540 sententiam,

859 2549 921 2580 nisi
933 2549 1021 2581 forte
1034 2551 1129 2581 Iocum
1145 2560 1252 2590 capere
1267 2551 1424 2582 dicantur
1440 2560 1557 2589 naves,

860 2608 936 2639 quae
952 2608 1084 2630 cursum
1101 2604 1242 2637 tenent;
1267 2609 1342 2631 cum
1372 2601 1398 2630 is
1421 2601 1464 2630 sit
1486 2609 1559 2630 sen-

861 2658 926 2686 suS‚
942 2659 1040 2689 quem
1057 2659 1160 2690 supra
1175 2649 1257 2681 dixi.
1295 2650 1405 2680 Dat-is.

903 2701 942 2729 11
967 2700 1195 2739 Rey'icerentur]
1224 2701 1346 2740 Inepte
1372 2701 1458 2730 Mss.
1484 2698 1558 2731 fere

861 2758 976 2780 omnes
988 2759 1064 2781 cum
1079 2749 1144 2780 Ed.
1161 2750 1300 2780 Incerta
1314 2749 1441 2781 habent
1454 2750 1558 2792 refice·
