1818 3131
218 214 334 259 1214

216 321 369 363 Tumque.
387 330 504 351 sensus
529 321 608 360 erit,
627 321 763 356 Quorum
786 322 920 363 quisque,

216 376 271 404 aut
287 373 424 403 oratione
447 371 584 411 subdola,
600 375 654 402 aut
680 372 833 413 amicitia,
849 375 922 414 plu·

218 423 338 452 rimuui
373 424 488 461 posset.
547 421 614 452 Sed
654 426 793 461 praestat
831 423 921 463 prior

218 472 333 503 lectio.
359 472 466 502 Clark.
495 470 562 502 Aut
577 482 623 504 or.
650 473 733 504 Mss.
756 473 823 504 mei
853 483 921 504 om-

218 531 278 553 nes
305 526 341 553 et
366 521 453 552 Edd.
481 526 561 553 ante
576 522 700 563 Scalig.
736 523 826 554 Dein
853 525 922 563 capi

218 571 314 602 abest
339 581 358 601 a
383 572 517 603 Carrar.
548 576 584 603 et
612 582 731 604 novem
759 583 802 604 ex
828 574 922 612 meis,

217 631 360 663 quorum
375 627 486 652 tamen
503 623 747 654 vetustissimus
760 629 812 655 est
825 624 922 656 Voss.

217 671 357 713 primus,
382 673 506 704 Fraudi
523 672 587 705 fuit
603 674 746 705 librariis
759 684 823 705 vox
841 675 922 714 quis-

218 733 274 763 quc
291 733 391 764 quam
408 732 484 754 cum
500 734 627 764 quorum
645 729 920 755 construxerunt.

220 771 332 804 Aliam
347 774 435 804 enim
447 784 520 805 esse
536 775 822 805 constructionem
836 774 922 805 bene

218 830 298 865 post
313 825 490 856 Brantium
503 826 620 856 docuit
631 825 796 855 Clarkius.
822 825 923 856 Caus-

219 884 290 906 sam
313 876 398 906 hanc
416 876 602 906 omissionis
617 885 669 906 me
683 884 762 906 vere
779 875 923 907 subodo-

221 929 332 956 ratum
356 934 442 964 esse,
461 930 557 965 patet
575 934 616 956 ex
635 926 796 966 Bongars.
813 926 922 966 primo

220 981 257 1007 et
279 976 406 1008 Lovan.
435 976 493 1017 qui
521 976 602 1007 daut
626 985 745 1016 capere.
799 977 923 1008 Melius

220 1030 328 1067 certe,
344 1036 443 1068 quam
469 1026 496 1057 si
523 1031 633 1058 totum
659 1026 800 1058 verbum
826 1027 923 1058 omit-

221 1081 326 1109 tatur.

264 1135 390 1158 xxxii.
423 1129 439 1157 l
478 1126 624 1166 Avarici]
666 1126 832 1167 Bongars.
869 1136 921 1167 pr.

218 1176 316 1208 Voss.
336 1176 432 1217 prim.
455 1177 579 1208 Lovau.
603 1177 770 1217 Egmund.
796 1182 831 1208 et
848 1187 923 1218 sep-

219 1231 289 1259 tem
307 1228 515 1259 recentiores
529 1238 604 1259 cum
622 1227 709 1259 Edd.
723 1228 820 1268 prim.
839 1229 925 1259 aliis-

219 1287 284 1319 que
300 1279 446 1310 Acarico.
491 1278 594 1311 Quod
608 1283 758 1309 meretur
771 1278 922 1317 adtendi,

220 1328 305 1360 licet
319 1338 386 1359 nou
398 1328 510 1359 statim
527 1328 561 1358 iu
579 1332 709 1359 textum
725 1327 852 1358 intrudi
869 1338 922 1358 ve-

219 1376 290 1417 lim,
310 1377 497 1418 praesertim
515 1377 830 1408 contradicentibus
849 1377 923 1408 aliis

219 1426 356 1466 optimae
389 1436 520 1467 quoque
550 1431 640 1457 notae
672 1427 856 1465 codicibus,
888 1431 924 1458 et

219 1476 293 1507 loco
308 1485 337 1507 c.
358 1478 412 1506 47.
449 1475 653 1506 Posterioris
671 1481 764 1507 certe
781 1476 845 1507 aevi
863 1477 924 1507 La-

218 1525 335 1557 tinitas
364 1524 447 1564 fuit;
474 1526 524 1556 uti
549 1526 627 1556 oliin
647 1526 719 1566 jam
743 1526 855 1557 monui
881 1526 923 1557 ad

218 1575 253 1608 J.
269 1575 398 1616 Obseq.
416 1586 446 1607 c.
464 1579 537 1607 114.
574 1577 582 1593 ‘
597 1575 722 1607 Asculo
740 1586 800 1617 per
827 1576 924 1608 ludos

221 1626 361 1658 Romani
389 1625 576 1658 truci‹lati.’
622 1626 748 1659 Justin.
774 1627 852 1659 l.11.
872 1630 923 1659 13.

216 1677 225 1693 ⁴
259 1677 408 1708 Pontem
448 1675 570 1717 Abydo
604 1676 758 1709 fecerat.'
823 1676 924 1708 Adde

220 1726 383 1759 Arntzen.
403 1726 445 1758 ad
462 1727 579 1759 Aurel.
595 1728 689 1758 vict.
714 1727 808 1768 Epit.
825 1738 854 1760 c.
872 1730 923 1759 37.

217 1779 227 1794 ‘
245 1777 367 1808 Sirmio
395 1778 428 1808 iu
460 1777 546 1808 turri
571 1776 701 1809 ferrata
729 1778 923 1810 occiditur.’

218 1828 362 1858 Variant
387 1828 490 1858 etiam
517 1827 600 1859 Mss.
616 1829 656 1858 B.
670 1828 708 1859 C.
722 1837 744 1859 1.
760 1830 811 1859 12.
851 1829 924 1859 Iino

219 1876 305 1908 Mss.
322 1881 357 1906 et
374 1876 460 1907 Edd.
475 1885 499 1906 1.
517 1879 570 1906 33.
594 1878 603 1892 ‘
619 1876 768 1907 Corfinio
785 1883 924 1917 captum

219 1925 417 1965 dimiseras
448 1934 513 1955 uuo
551 1926 726 1967 alteroque
762 1933 923 1966 excepto.

218 1976 308 2008 Item
339 1985 393 2006 111.
431 1979 461 2006 5.
497 1976 505 1992 ‘
531 1976 679 2006 hiemare
718 1977 923 2016 Dyrrachio,

218 2026 493 2068 Apolloninque!
529 2037 558 2057 e.
589 2030 660 2059 105.
684 2027 694 2044 ‘
716 2028 849 2067 Epheso
866 2038 925 2068 pe-

218 2078 334 2109 cunias
351 2087 391 2108 ex
409 2077 487 2107 fano
506 2078 627 2108 Diana)
645 2077 717 2108 toni
730 2077 747 2116 ;’
772 2083 808 2109 at
824 2087 854 2110 c.
869 2080 921 2110 34.

218 2131 271 2158 est
285 2127 411 2167 Ephesi.
457 2127 524 2158 Sed
543 2127 588 2157 ibi
612 2131 728 2167 potest
752 2133 864 2158 motus
881 2127 923 2159 (le

216 2178 293 2209 loco
310 2177 466 2215 intelligi.
493 2178 535 2208 B.
550 2175 624 2208 Afr.
638 2187 668 2208 c.
683 2180 734 2208 3⁷1.
749 2177 758 2193 ‘
772 2178 924 2218 Lilybaeo

219 2225 356 2268 inponit
378 2227 552 2266 legiones.¹
596 2228 653 2258 Sic
673 2231 707 2258 et
725 2227 808 2259 Mss.
833 2229 923 2268 Nep.

218 2276 253 2308 in
277 2277 401 2308 Chabr.
421 2288 449 2308 c.
467 2280 499 2308 2.
523 2283 558 2309 et
582 2277 673 2309 alibi.
718 2277 924 2310 AdiA.va11

218 2327 383 2359 Staveren
399 2327 441 2359 ad
460 2329 580 2368 Epam.
597 2337 628 2359 c.
647 2331 697 2359 10.
715 2329 774 2368 §3-

260 2379 282 2409 2
305 2378 432 2418 Reliqui
455 2378 596 2418 comm.]1
613 2379 724 2410 Deest
750 2380 863 2420 reliqui
890 2380 923 2411 in

220 2427 352 2459 Carrar.
370 2434 406 2458 ut
423 2438 513 2469 swpe
523 2428 717 2466 frumentum
736 2433 765 2460 et
778 2441 924 2461 commea-

217 2477 446 2518 tusjungitur.
471 2477 538 2509 Adi
556 2479 598 2509 ad
615 2488 670 2510 ιιι.
686 2483 738 2510 7,;
765 2480 824 2511 sed
842 2491 923 2513 uu.

218 2530 251 2559 7.
288 2527 581 2560 ‘frumentatione
611 2535 646 2560 et
677 2530 802 2572 reliquo
833 2541 923 2562 coin-

218 2581 332 2608 meatu
351 2578 529 2618 prohibere
546 2579 738 2610 Romanos!

262 2630 303 2659 16
331 2628 524 2669 Vedeliacus]
547 2629 588 2660 V.
613 2640 642 2660 c.
663 2630 844 2671 Valetiacus,
866 2630 922 2661 ha-

220 2677 295 2709 bet:
320 2677 354 2709 iu
378 2678 503 2709 Graeco
527 2679 630 2710 etiam
652 2685 703 2710 est
720 2680 922 2718 Βαλητιακός.

219 2727 286 2758 Ms.
303 2733 419 2760 noster
445 2729 628 2761 Valetiacus.
659 2731 793 2763 Vossius.
835 2731 921 2762 Valc-

219 2777 318 2808 uacus
342 2779 503 2821 rescripsi
532 2780 730 2813 auctoribus
754 2782 838 2814 Mss.
856 2783 920 2814 Pe-

686 227 827 258 NOTAE
862 227 1123 260 vAluoRUM
1158 229 1208 259 IN

972 326 1040 355 tav.
1067 323 1191 363 Scalig.
1216 324 1343 354 Lovan.
1367 322 1671 364 Cujac.Egmund.

972 379 1007 405 et
1034 375 1141 406 tribus
1170 374 1257 414 aliis,
1285 373 1439 414 E(ld.que
1456 374 1551 405 Rom.
1574 372 1671 405 Med.

973 425 1058 456 Vcn.
1084 426 1183 456 Vasc.
1211 425 1280 455 Str.
1305 424 1421 464 Steph.
1445 429 1480 455 et
1505 422 1671 464 pluribus.

978 474 1149 506 Valetialus
1185 475 1237 505 vel
1271 474 1444 505 Valccialus
1479 474 1586 513 Bong.
1620 482 1672 514 pr.

974 524 1072 555 Voss.
1098 534 1149 563 pr.
1174 524 1266 554 Leid.
1286 534 1335 564 pr.
1355 529 1390 554 et
1412 528 1480 554 tres
1508 523 1674 554 recentio-

975 583 1038 604 res.
1069 574 1238 604 l'alicialus
1251 574 1363 605 Ortel.
1384 574 1558 605 t'elccae'acus
1574 573 1672 604 Leid.

975 628 1054 654 tert.
1105 623 1278 654 Velut-iocus
1305 624 1368 654 Ed.
1397 624 1468 655 lnc.
1499 625 1674 655 Valetiacus

975 673 1070 704 Carr.

1018 726 1057 754 18
1083 723 1235 762 Populum
1260 723 1291 752 in
1314 732 1385 753 suas
1407 722 1547 762 cujusque
1573 733 1674 755 eorum

973 773 1142 812 clientelas]
1182 773 1236 804 Ita
1267 772 1405 813 prinum,
1436 772 1524 812 quod
1559 772 1675 812 sciam,

975 823 1081 854 edidit
1107 823 1282 863 Scaliger;
1318 823 1369 854 cui
1402 822 1600 863 adstipulari
1632 823 1678 854 vi-

974 873 1098 905 dentur
1114 875 1316 905 membranae
1330 873 1486 914 Andinae,
1500 878 1534 905 et
1551 874 1679 906 oxoni-

975 934 1083 956 enses.
1131 924 1218 955 Nam
1247 925 1327 955 nihil
1344 924 1542 954 variationis
1571 933 1612 954 ex
1635 924 1676 956 iis

973 974 1169 1006 adnotatum
1187 976 1220 1005 in
1239 974 1411 1015 excerptis
1430 975 1572 1014 reperio.
1609 975 1678 1006 Ve-

974 1033 1047 1054 rum
1079 1025 1310 1069 reliquths.
1340 1030 1373 1055 et
1400 1024 1487 1056 Edd.
1515 1024 1678 1056 exhibent

970 1077 1129 1115 populum.-
1152 1085 1222 1106 suas
1236 1076 1377 1116 cuiusque
1395 1085 1496 1106 corum
1511 1075 1679 1116 clientelas,

973 1124 1007 1155 id
1034 1130 1098 1165 est,
1125 1135 1200 1156 suos
1229 1126 1349 1166 cuique
1374 1125 1491 1156 farere
1515 1125 1676 1157 clientes:

973 1179 1075 1216 atque
1098 1176 1146 1206 ita
1171 1175 1253 1215 legit
1272 1176 1522 1216 Memphi-astes
1539 1175 1676 1218 διῄρηται

972 1224 1028 1263 μὲν
1043 1227 1060 1255 ὀ
1073 1227 1175 1263 δῆμος·
1201 1225 1338 1266 διῄρηται
1365 1225 1397 1257 δὲ
1422 1227 1471 1257 καὶ
1489 1226 1506 1263 ἡ
1522 1226 1676 1268 ’γερουσῖω

974 1274 1128 1317 διῄρηνται
1145 1275 1176 1307 δὲ
1197 1277 1246 1307 καὶ
1261 1278 1368 1313 πᾶσαι,
1385 1276 1423 1308 ὡς
1439 1277 1544 1317 εἰπεῖν,
1561 1277 1591 1308 αἱ
1608 1276 1675 1308 ἑκά-

974 1337 1051 1356 στου
1067 1325 1166 1357 οῖκίαι.
1205 1327 1420 1358 Hom-nanno
1437 1328 1594 1367 placebat
1609 1338 1679 1359 suas

974 1376 1079 1416 cuique
1092 1386 1118 1407 c.
1136 1386 1198 1407 csse
1212 1376 1250 1407 cl.
1294 1376 1360 1407 Sed
1378 1377 1439 1407 uisi
1459 1382 1554 1408 vetus
1572 1378 1678 1409 lectio

974 1434 1055 1456 sana
1071 1431 1134 1465 est,
1145 1426 1346 1457 verosimilis
1363 1432 1414 1457 est
1428 1427 1590 1466 Scaligeri
1607 1438 1680 1460 cor-

975 1476 1095 1516 rectio,
1119 1476 1198 1517 quia
1221 1476 1321 1508 facile
1350 1478 1381 1508 in
1410 1484 1552 1519 propter
1574 1488 1677 1520 praec.

970 1527 1116 1566 populum
1131 1525 1290 1557 excidere
1308 1527 1432 1566 potuit.

1019 1578 1058 1606 19
1075 1576 1157 1606 Pars
1168 1586 1235 1606 cum
1244 1579 1334 1616 parte
1347 1576 1500 1616 cirilalis]
1522 1577 1576 1609 Sic
1594 1578 1677 1611 Mss.

975 1625 1060 1665 Reg„
1089 1624 1214 1656 Eliens.
1240 1629 1275 1656 et
1294 1625 1418 1657 Vossii.
1473 1627 1576 1667 Editi,
1604 1638 1679 1668 pars

974 1685 1042 1706 cum
1057 1675 1199 1706 cit-itatis
1219 1679 1330 1716 partu
1364 1676 1481 1707 ordine
1499 1677 1676 1709 verborum

975 1725 1073 1765 longe
1090 1726 1391 1768 miuusconciuno.
1418 1728 1524 1758 Clark.
1549 1729 1597 1760 l't
1613 1728 1679 1760 dis-

976 1776 1091 1816 posuit
1121 1776 1226 1807 verba
1256 1777 1427 1817 Clarkius,
1456 1777 1562 1809 edunt
1594 1779 1677 1810 Mss.

976 1826 1142 1867 plerique.

1018 1884 1153 1906 xxxru.
1170 1878 1186 1906 l
1208 1876 1488 1917 Detrimcutosum]
1507 1878 1572 1909 lis.
1591 1878 1678 1920 Reg-

974 1925 1158 1956 delrimcnto
1182 1935 1247 1956 suo.
1275 1927 1384 1957 Clark.
1418 1927 1480 1957 Suo
1509 1937 1568 1968 pro
1586 1929 1679 1959 varia

975 1975 1055 2007 lect.
1072 1981 1126 2007 est
1143 1986 1274 2017 quoquc
1291 1976 1323 2006 iu
1342 1977 1472 2008 Duker.
1497 1979 1577 2008 Δεῖν.
1599 1988 1680 2009 sum-

975 2035 1057 2055 mum
1073 2030 1126 2056 est
1143 2025 1176 2056 in
1196 2026 1292 2056 Voss.
1310 2037 1379 2057 sec.
1398 2031 1556 2067 suspecta
1578 2027 1680 2058 liabe-

975 2078 1032 2106 tur
1042 2085 1106 2105 vox
1123 2085 1142 2105 a
1153 2075 1349 2116 quibusdam
1366 2076 1443 2107 viris
1458 2076 1584 2108 doctis:
1600 2077 1679 2119 quia

975 2129 1027 2155 est
1044 2123 1124 2164 ἅπαξ
1139 2124 1319 2164 λεγόμενον,
1363 2126 1429 2157 Sed
1447 2131 1481 2158 et
1499 2127 1597 2168 plura
1613 2126 1678 2159 sin-

975 2175 1104 2215 gularia
1120 2176 1220 2207 habet
1234 2177 1358 2208 Cmsar.
1404 2177 1564 2218 Alioquin
1577 2176 1678 2210 facile

975 2231 1066 2257 esset
1082 2236 1245 2267 reponere
1262 2228 1446 2259 detrimento
1460 2228 1520 2259 sibi
1531 2229 1583 2259 vel
1598 2237 1680 2260 sum-

974 2287 1032 2307 ma:
1061 2278 1108 2308 rei
1131 2287 1158 2309 e.
1214 2277 1263 2310 At
1291 2288 1406 2309 sanum
1434 2278 1515 2309 milii
1541 2278 1677 2310 videtur

974 2328 1170 2368 vulgatum:
1202 2327 1387 2360 ἐπικίνδυιίον
1412 2327 1580 2368 ἡγούμενος
1602 2329 1676 2361 Me-

974 2378 1086 2418 taphr.

1019 2431 1058 2459 10
1075 2429 1125 2460 De
1135 2429 1207 2469 jure
1222 2433 1277 2461 aut
1293 2430 1423 2470 legibus]
1439 2431 1523 2461 Mss.
1541 2429 1625 2469 Reg.
1639 2432 1675 2459 et

974 2477 1101 2509 Eliens.
1123 2480 1160 2510 de
1176 2479 1261 2518 jure,
1277 2482 1332 2510 aut
1349 2479 1391 2510 de
1413 2479 1539 2519 legibus.
1564 2479 1673 2510 Clark.

975 2529 1227 2561 Convenienter
1255 2530 1397 2562 Caesaris
1423 2530 1512 2569 stylo
1545 2529 1675 2560 iterant

975 2588 1107 2620 quoque
1124 2580 1233 2620 Bong.
1251 2580 1349 2620 prim.
1367 2579 1520 2610 Vossiani
1547 2588 1676 2619 omueS,

974 2629 1141 2669 Egmund.
1167 2635 1203 2661 et
1226 2634 1295 2661 tres
1312 2629 1367 2660 alii
1384 2639 1460 2660 cum
1485 2628 1573 2660 Edd.
1599 2629 1673 2662 Inc.

974 2683 1009 2710 ct
1023 2679 1066 2710 R.
1082 2678 1244 2720 Stephani
1261 2678 1530 2719 praepositionem
1545 2679 1592 2710 de.
1630 2678 1672 2710 Id

972 2730 1035 2762 boc
1058 2730 1131 2770 ipso
1159 2729 1274 2769 capite
1300 2728 1457 2760 vidimus.
1502 2727 1604 2760 Adde
1630 2727 1673 2760 ad

972 2789 1013 2813 11.
1030 2783 1081 2812 10.
1099 2789 1147 2812 xv.
1173 2782 1226 2811 34.
1260 2778 1355 2810 Infra
1379 2789 1410 2810 c.
1433 2781 1486 2809 37.
1521 2780 1530 2796 ‘
1546 2778 1588 2810 de
1612 2788 1673 2810 suo
