1883 3121
203 195 318 238 1374

202 295 342 329 lectioni
368 295 422 326 Ill.
454 294 620 334 Schelius‚
643 294 701 335 qui
726 302 828 335 super
856 293 907 324 his

204 345 351 378 Coesaris
387 344 601 383 antesignanis
628 343 763 374 omnino
791 352 908 374 consu-

203 396 333 435 lendus,
357 406 389 436 p.
408 398 461 425 38.
486 395 518 425 in
544 394 670 435 Hygin.
691 393 840 434 progredi
859 393 908 425 ita

205 448 239 478 in
257 447 339 477 Mss.
357 445 450 476 alibi.
474 445 562 477 Vide
580 445 621 476 ad
639 455 673 476 v.
689 448 742 477 35.

250 499 287 528 14
311 496 493 538 submissis]
519 497 603 527 Mss.
620 501 656 528 et
673 496 766 527 Editi
781 495 908 526 habent

204 546 361 577 submissis
397 546 554 577 subsidiis.
601 546 702 579 Quod
742 546 908 587 posterius

205 595 406 627 vocabulum
423 596 457 627 in
471 596 630 628 Editione
647 597 845 635 Davhsiaua,
858 605 908 626 er-

205 656 296 686 rore,
333 651 371 678 ut
393 647 525 687 opinor,
548 647 808 689 typographico,
836 649 908 676 crat

203 696 374 730 omissum.
414 697 522 728 Clark.
562 697 600 728 In
627 698 748 728 erratis
776 704 909 737 quoque

204 747 336 779 monuit
368 748 552 780 Davisius:
591 749 718 781 summis
750 747 844 779 Lcid.
875 751 911 778 et

204 798 303 830 Voss.
323 799 482 840 praesidiis
498 800 594 830 Leid.
616 809 685 830 sec.
707 799 783 828 Pal.
801 798 910 836 Bong.

205 851 242 879 et
258 848 347 879 Edd.
371 859 485 880 omncs
511 854 590 880 ante
613 850 823 889 Scaligerum
843 860 849 878 :
875 853 912 878 ut

207 903 325 939 pateat
342 899 450 930 minus
467 905 628 931 accurate
651 900 817 931 evolvisse
834 899 912 930 Edi-

207 948 317 980 tiones
349 949 532 981 Clarkium.
568 951 725 982 Glossam
751 949 794 981 de
819 959 911 981 more

207 999 353 1039 putabat
378 1001 559 1032 Gruterus.
604 1002 670 1032 Sed
693 1002 792 1032 male.
838 1001 913 1031 Sub-

206 1051 332 1081 mittere
357 1050 495 1082 subsidia
522 1051 682 1093 frequens
707 1056 761 1082 est
783 1056 913 1089 nostro,

209 1104 248 1131 ut
271 1100 372 1131 docui
396 1101 437 1131 ad
466 1102 507 1132 B.
527 1102 570 1134 G.
599 1111 638 1133 11.
656 1105 687 1134 6.
719 1103 728 1119 ‘
747 1102 820 1133 Nisi
838 1102 914 1132 sub-

208 1150 330 1182 sidium
354 1151 610 1184 submittatur?
634 1157 736 1194 atque
757 1153 806 1184 ita
831 1153 913 1191 scio,

210 1210 251 1232 ex
269 1202 351 1232 meis
367 1203 492 1233 habere
517 1204 638 1234 Petav.
655 1203 779 1244 Scalig.
797 1204 913 1244 Cujac.

212 1251 308 1282 Leid.
327 1261 378 1291 pr.
397 1262 465 1283 sec.
483 1258 517 1284 et
534 1254 642 1286 Dorv.

255 1309 354 1333 xmv.
377 1305 396 1333 4
425 1303 506 1333 Loco
531 1304 615 1343 extu]
645 1304 733 1335 Edd.
751 1306 916 1342 Romana,

211 1353 298 1384 Yen.
315 1359 350 1384 et
368 1354 509 1384 Mediol.
535 1356 652 1385 Iocum:
678 1360 714 1386 ut
736 1365 827 1395 saepe
853 1356 915 1386 lioc

209 1402 351 1434 verbum
379 1404 598 1436 construitur.
630 1405 670 1436 V.
697 1415 772 1446 quae
799 1406 917 1436 laudat

212 1453 264 1484 Cl.
283 1453 392 1483 Drak.
410 1453 451 1484 ad
469 1454 542 1485 Liv.
560 1463 600 1486 11.
616 1457 668 1485 37.
693 1455 702 1471 ‘
721 1455 837 1486 urbem
861 1465 916 1486 cx-

211 1502 399 1534 cederent.’
445 1504 511 1535 Sed
539 1504 638 1535 aliter
666 1505 750 1536 Mss.
778 1505 812 1536 in
842 1506 915 1536 Cae-

212 1562 311 1584 sare:
336 1558 374 1584 nt
392 1554 432 1584 B.
450 1555 492 1586 G.
510 1564 548 1585 ιι.
564 1558 614 1586 35.
633 1565 682 1587 iv.
698 1558 748 1588 19.
764 1558 827 1587 &c.

256 1606 275 1635 8
290 1605 421 1635 Nostros
432 1606 611 1646 perturbat]
628 1607 692 1637 ΜΞ.
708 1606 847 1638 Norvic.
859 1607 915 1637 ha-

211 1654 273 1687 bet
298 1659 418 1686 nostros
440 1657 659 1697 perturbavit;
681 1656 769 1698 quod
798 1657 917 1687 melius

212 1707 371 1738 ,convenit
396 1717 473 1738 cum
496 1718 551 1747 eo,
575 1708 664 1749 quod
688 1707 842 1748 sequitur
857 1707 917 1738 cir-

216 1756 327 1787 cumiri
362 1757 442 1788 enim
468 1768 500 1788 se
529 1761 634 1797 aperto
660 1759 756 1788 latere
785 1757 919 1787 arbitra-

213 1806 336 1838 bantur.
360 1808 472 1839 Daris.
497 1809 591 1839 Editi
615 1819 731 1840 omnes
744 1808 917 1848 perturbat.

204 1857 316 1893 *Quod
332 1867 399 1888 non
416 1857 485 1889 fert
508 1863 697 1899 temporum
719 1859 805 1889 ratio
821 1868 919 1898 prop-

215 1910 268 1938 ter
284 1914 483 1948 sequentem
497 1908 741 1939 arbitrabantur.
778 1908 919 1939 Davisio

214 1957 365 1988 conciuit
402 1958 468 1988 Ms.
491 1959 574 1999 Reg.
595 1959 801 1998 perturbavit.
845 1959 918 1998 Ego

215 2008 356 2050 propius
372 2019 391 2039 a
403 2009 559 2049 Vulgtitis
570 2009 787 2049 perturbabat.
811 2010 917 2040 Clarlc.

214 2059 401 2099 Perperam
431 2059 554 2099 passim
582 2059 644 2090 boc
673 2068 823 2099 praesens
848 2068 918 2089 mu-

216 2114 291 2141 tare
315 2115 482 2141 conantur
498 2109 599 2149 Angli
615 2110 719 2141 docti.
764 2110 852 2140 Vide
876 2109 917 2140 ad

216 2169 246 2191 e.
273 2162 327 2190 41.
376 2159 451 2191 Hoc
480 2165 591 2191 tamen
623 2162 698 2191 loco
726 2160 920 2200 perturbat-it

218 2214 272 2241 est
293 2209 326 2240 in
351 2210 416 2242 Ms.
434 2211 510 2242 Urs.
527 2211 690 2252 meisque,
712 2211 835 2242 Petav.
856 2212 919 2242 Cu-

210 2259 281 2300 jac.
298 2260 389 2291 Scal.
405 2261 499 2292 Leid.
519 2272 570 2302 pr.
587 2272 654 2293 sec.
672 2263 751 2293 Lov.
767 2263 867 2293 Voss.
884 2266 919 2293 et

217 2309 306 2341 Edd.
323 2310 424 2342 Vasc.
446 2312 514 2342 Str.
540 2312 658 2352 steph.
682 2312 812 2353 Grypli.
839 2312 920 2342 Vul-

219 2371 312 2401 gare,
327 2362 415 2402 quod
435 2368 469 2393 ct
486 2363 517 2393 in
534 2363 666 2394 Bromii
684 2368 736 2393 est
753 2363 835 2394 Cod.
853 2363 918 2394 vle-

218 2411 353 2452 gantius
371 2412 514 2446 videtur.
550 2412 758 2443 Fertur-habat
773 2412 919 2452 alioquin

219 2461 322 2493 estin
337 2461 447 2492 palat.
476 2469 511 2493 et
534 2463 681 2504 conjecit
706 2463 808 2494 ctiam
826 2463 920 2494 Ciac-

216 2520 344 2544 conius.

260 2571 344 2594 va.
367 2567 387 2594 4
414 2563 602 2604 Supprimit]
644 2564 824 2604 Περι-ἰωὴ,
855 2575 921 2596 mo-

218 2618 323 2644 ratur.
349 2614 461 2645 Caesar
477 2615 617 2655 hujusce
634 2615 709 2644 libri
725 2618 816 2646 0015.
842 2616 850 2632 ‘
867 2616 920 2647 Ne

221 2663 262 2694 ab
279 2664 433 2704 equitatu
459 2666 603 2696 Caesaris
629 2665 660 2695 iu
685 2667 850 2702 angustiis
873 2670 920 2696 te-

219 2720 394 2753 nerentur,
421 2715 487 2746 iter
525 2716 761 2756 supprimunt.’
804 2717 860 2747 sic
887 2721 921 2747 et

220 2763 353 2796 Hirtius
377 2765 419 2797 B.
435 2765 479 2798 G.
495 2774 576 2797 viu.
592 2769 647 2798 42.
671 2769 680 2783 ‘
698 2767 748 2798 Eu
764 2766 869 2797 vincis
887 2771 922 2798 et

672 201 814 230 NOTAE
848 199 909 229 x'A
919 198 1110 230 RIORL’M
1147 199 1197 228 IN

960 302 1083 334 aggere
1108 295 1296 334 suppressa’
1323 291 1421 331 dixit,
1445 300 1520 332 quoe
1552 289 1594 322 ab
1621 283 1661 322 lis

959 349 1058 374 erant
1073 348 1220 382 retenta,
1235 342 1292 373 ubi
1306 351 1341 373 v.
1364 341 1478 372 Dacis.

1004 397 1041 425 15
1078 394 1215 425 Dec-licis
1243 394 1324 424 locus
1350 393 1434 423 tenui
1455 391 1591 432 fastigio
1616 390 1664 432 m]

959 445 1013 476 Sic
1037 449 1130 476 recte
1154 444 1307 484 Scaliger
1330 453 1370 474 ex
1398 442 1512 474 Ursini
1542 442 1662 474 codiee

960 495 1114 535 recepit:
1138 504 1212 525 cum
1241 495 1342 534 vulgo
1369 493 1590 525 exhiberetur
1615 494 1666 524 de-

959 544 1329 583 clici‚r'‹1saeigio„cetcris
1348 544 1489 575 omissis.
1534 542 1666 574 Ursini·

960 605 1024 626 auo
1042 595 1153 625 codici
1169 595 1389 626 consentiunt
1405 595 1522 635 anac.
1539 593 1663 626 Petav.

960 645 1049 675 Scal.
1068 644 1162 675 Leid.
1182 654 1232 684 pr.
1249 654 1268 674 a
1281 654 1323 674 m.
1341 654 1392 684 pr.
1414 644 1461 675 At
1478 645 1566 675 idem
1584 654 1603 675 a
1617 653 1663 675 ιιι.

962 704 1030 725 sec.
1055 694 1104 724 uti
1119 699 1155 724 et
1172 694 1283 724 Palat.
1299 694 1408 733 Bong.
1424 694 1554 725 Buslid.
1569 693 1664 725 Leid.

963 754 1028 775 sec.
1047 744 1193 775 Dorvill.
1210 744 1350 775 Hotom.
1376 749 1412 774 et
1436 743 1570 774 Carrar.
1588 751 1665 774 cum

963 795 1052 826 Edd.
1077 795 1192 835 primis
1208 794 1309 825 editus
1332 794 1414 824 locus
1433 793 1520 824 tenui
1537 792 1568 831 f.
1586 803 1615 823 υ.
1631 792 1666 824 iu

962 847 1059 878 Voss.
1085 847 1229 882 ‹leditus;
1263 845 1360 884 adeo,
1385 850 1423 876 ut
1447 845 1502 875 hic
1530 851 1665 885 quoque

962 897 1118 928 videatur
1149 895 1363 928 scribendum
1391 895 1535 926 declivus.
1579 893 1666 925 Vide

964 947 1005 978 ad
1023 956 1090 978 vu.
1107 950 1159 978 88.
1207 946 1458 984 Hotomaunus,
1474 945 1528 976 cui
1547 944 1596 975 sui
1615 952 1667 975 co-

964 998 1048 1030 dicis
1069 998 1174 1030 lectio
1199 997 1417 1038 displicebat,
1437 995 1584 1036 conjecit
1607 995 1669 1027 leni

955 1049 1112 1089 fastigio:
1141 1048 1231 1090 qnod
1258 1052 1353 1079 certe
1375 1046 1497 1079 crebro
1520 1045 1669 1077 occurrit

964 1102 1053 1142 apud
1078 1105 1241 1132 nostrum.
1287 1099 1355 1130 Adi
1379 1099 1478 1130 modo
1499 1097 1542 1128 ad
1565 1098 1606 1128 Β.
1625 1096 1667 1128 G.

964 1161 1003 1182 11.
1019 1155 1047 1183 8.
1071 1151 1079 1167 ‘
1090 1149 1236 1181 frontem
1254 1149 1373 1181 leniter
1385 1147 1562 1188 fastigatus
1575 1146 1668 1187 paul-

964 1203 1060 1234 latim
1077 1202 1119 1232 ad
1143 1201 1318 1241 planitiem
1337 1199 1494 1230 redibat.’
1540 1199 1668 1229 Verum

966 1260 1036 1286 tum
1051 1254 1160 1284 declivi
1169 1253 1306 1292 fastigio
1319 1261 1386 1282 non
1403 1250 1487 1290 opus
1502 1255 1575 1280 erat
1598 1260 1669 1280 mu-

967 1309 1049 1335 tare.
1080 1304 1136 1334 Sic
1153 1302 1240 1333 euim
1257 1303 1357 1342 plane
1375 1301 1507 1332 Hirtius
1525 1308 1604 1330 νιιι.
1618 1302 1669 1330 14,

967 1353 1026 1384 sed
1042 1353 1126 1384 tenui
1149 1353 1202 1382 hic
1226 1357 1278 1382 est
1300 1354 1381 1389 orto,
1398 1360 1461 1381 uon
1479 1355 1620 1380 extenso
1637 1349 1670 1380 in

965 1403 1193 1441 latitudinem,
1210 1407 1247 1433 ut
1271 1412 1311 1432 ox
1337 1406 1411 1432 tota
1433 1400 1499 1431 loci
1523 1399 1673 1440 descrip-

966 1455 1058 1486 tione
1086 1458 1194 1494 patet.
1229 1452 1332 1483 Ovid.
1362 1451 1503 1483 Heroid.
1533 1452 1596 1492 Ep.
1622 1459 1673 1483 xv.

968 1508 1040 1537 106.
1085 1506 1094 1522 ‘
1113 1504 1158 1536 Et
1182 1503 1290 1535 tenuis
1315 1503 1413 1534 tellus
1435 1502 1530 1533 audit
1547 1506 1673 1532 utrum-

967 1565 1032 1597 que
1060 1553 1176 1585 mare!
1208 1554 1229 1584 l.
1253 1563 1278 1584 1.
1303 1553 1408 1584 Trist.
1436 1555 1486 1584 10.
1514 1555 1564 1584 16.
1599 1553 1607 1569 ‘
1629 1552 1671 1583 Et

967 1605 1062 1638 tenui
1078 1606 1215 1644 longum
1239 1604 1348 1635 limite
1373 1603 1457 1634 fecit
1473 1602 1561 1634 iter!
1607 1603 1671 1633 Lu-

967 1666 1043 1688 can.
1069 1665 1108 1688 u.
1125 1658 1200 1686 614.
1245 1655 1362 1685 ‘Hinc
1382 1654 1471 1684 latus
1495 1658 1672 1694 angustum

963 1707 1035 1747 jam
1064 1716 1099 1737 se
1125 1705 1277 1746 cogentis
1302 1706 1335 1736 in
1360 1710 1470 1736 artum
1494 1704 1671 1744 Hesperiae

968 1762 1104 1789 tenuem
1124 1756 1279 1797 producit
1291 1756 1335 1786 vin
1352 1765 1488 1796 aequora
1504 1753 1673 1794 linguam?

970 1807 1026 1839 Ita
1049 1809 1057 1824 ‘
1076 1812 1176 1838 tenue
1199 1806 1335 1837 fretum'
1362 1807 1461 1837 Floro
1478 1814 1516 1837 11.
1541 1808 1572 1835 8.
1597 1805 1611 1845 §
1642 1807 1674 1836 9.

969 1859 978 1875 ‘
995 1858 1118 1888 'renuis
1144 1857 1279 1888 trames’
1313 1856 1435 1886 Vellei.
1454 1865 1495 1887 ιι.
1514 1858 1544 1887 3.
1568 1860 1602 1886 et
1626 1855 1672 1886 sic

969 1908 1023 1939 alii
1041 1907 1173 1939 crebro.

1012 1961 1050 1989 21
1101 1957 1306 1996 Augebantur
1346 1957 1410 1988 illis
1443 1956 1553 1997 copiae]
1605 1955 1672 1989 Ms.

971 2008 1111 2040 Norvic.
1142 2008 1280 2039 exhibet
1301 2007 1473 2047 augebatur
1492 2007 1555 2037 illis
1575 2006 1674 2047 copia,

971 2069 1069 2100 quam
1098 2059 1280 2090 lectionem
1311 2061 1483 2088 mutarunt
1521 2055 1675 2096 Librarii‚

971 2109 1048 2150 quia
1069 2109 1222 2140 nesciere
1236 2110 1355 2150 copiam
1377 2117 1437 2148 pro
1453 2107 1550 2151 copiis
1572 2106 1674 2138 inter-

971 2160 1049 2191 dum
1077 2160 1166 2200 poni.
1213 2158 1346 2191 Auctor
1360 2160 1402 2191 de
1426 2159 1513 2190 Bell.
1531 2158 1675 2199 Hispan.

972 2222 1002 2243 c.
1019 2215 1051 2243 ὓ.
1076 2212 1084 2228 ‘
1103 2212 1149 2242 Ut
1167 2211 1334 2252 pedestris
1350 2212 1449 2251 copia
1472 2211 1505 2241 in
1526 2209 1674 2241 statione

972 2267 1007 2292 et
1028 2262 1060 2292 iu
1083 2262 1246 2292 excubitu
1272 2261 1393 2292 eastris
1418 2259 1579 2301 praesidio
1601 2267 1675 2291 esse

972 2312 1136 2354 possent)
1183 2312 1237 2342 Ita
1253 2313 1340 2343 enim
1358 2313 1424 2352 leg.
1437 2321 1486 2342 -ex
1502 2310 1568 2342 Ms.
1587 2310 1674 2342 Nor-

973 2364 1035 2394 vic.
1053 2373 1128 2394 cum
1145 2363 1177 2394 in
1195 2364 1305 2403 vulgg.
1322 2364 1331 2380 ‘
1351 2363 1528 2403 pedestres
1543 2358 1676 2402 copiae.¹

973 2415 1088 2445 Caesar
1115 2414 1155 2444 B.
1174 2414 1217 2445 G.
1244 2423 1268 2445 1.
1292 2416 1344 2444 48,
1369 2414 1377 2429 ‘
1394 2414 1485 2447 Quos
1513 2421 1554 2443 ex
1582 2410 1672 2442 omni

971 2465 1069 2505 copia
1107 2465 1229 2505 singuli
1260 2459 1672 2505 singulos—delegerant,’

971 2515 1027 2546 ubi
1042 2515 1118 2546 vide
1129 2526 1203 2556 quan
1216 2516 1414 2546 notavimus.
1441 2513 1571 2544 Hirtius
1583 2511 1672 2544 Bell.

972 2565 1127 2598 Africae.
1148 2570 1198 2597 10.
1221 2569 1229 2583 ‘
1248 2567 1392 2597 Classem
1416 2565 1477 2595 sub
1496 2573 1671 2604 vesperum

972 2626 1048 2647 cum
1064 2626 1103 2647 ea
1121 2616 1220 2656 copia
1232 2615 1453 2647 conscendit?
1479 2615 1522 2645 Et
1539 2616 1674 2654 iterum,

973 2669 982 2683 ⁴
1000 2667 1113 2698 Parva
1128 2667 1216 2697 euim
1239 2675 1313 2696 cum
1338 2666 1445 2705 copia,
1461 2671 1495 2696 et
1513 2674 1553 2695 ea
1574 2664 1673 2695 Tiro-

972 2727 1131 2748 num—-se
1161 2717 1334 2757 expositos
1364 2715 1549 2747 videbant.'
1606 2715 1674 2752 Adi

973 2768 1075 2801 etiam
1089 2767 1242 2808 ejusdem
1258 2767 1337 2799 libri
1351 2777 1381 2799 c.
1394 2770 1447 2799 80.
1472 2767 1584 2799 Davis.
1608 2766 1676 2799 Ae.
