1818 3131
231 205 342 246 1060

226 312 335 344 Immo
359 310 471 342 Livius
495 318 550 341 ιιι,
570 312 621 340 14.
644 309 653 326 ‘
676 309 722 340 ibi
748 309 927 350 plurimum

226 360 419 402 profectum
447 359 522 390 est!
548 367 652 390 xxxr.
669 362 701 390 6.
746 360 755 376 ‘
770 359 861 390 Satis
885 359 928 391 ad

225 419 406 453 utrumque
431 410 623 451 profectum
650 411 764 442 ratus!
802 411 929 442 Noster

226 473 290 494 ιιι.
307 465 358 492 65.
382 463 391 478 ‘
408 461 463 492 Ad
480 461 603 502 reliqui
628 462 789 502 temporis
809 470 926 502 pacem

227 521 342 553 panum
360 511 499 552 profici!
535 512 575 543 B.
592 512 630 543 C.
648 521 671 543 1.
688 515 740 543 24.
776 513 786 529 ‘
806 513 926 553 Neque

225 565 314 593 idem
332 561 452 603 profici
475 562 576 603 longo
596 563 726 594 itineris
749 563 872 603 spatio,
888 572 928 593 ac

225 614 251 642 ,si
276 622 388 643 coram
406 611 620 653 disceptetur
637 612 656 650 ;'
683 613 732 643 uti
749 612 928 652 legendum

226 674 243 691 e
264 664 344 693 Mss.
362 663 403 694 B.
421 663 459 694 C.
478 671 536 694 ιιι.
555 666 606 695 15.
629 664 638 680 ‘
656 661 854 694 Profectum
872 662 930 692 ali-

226 713 305 754 quid
341 713 601 745 existimabant!
642 722 697 745 ιιι.
724 716 777 743 59.
808 714 817 729 ⁶
837 711 930 743 Nihil

226 763 342 803 profici
360 763 538 804 equitatu.’
568 765 609 795 B.
622 763 721 794 Alex.
736 773 764 793 e.
776 765 806 793 3.
837 763 845 778 ‘
862 762 929 792 Ne-

226 824 290 854 que
318 815 501 855 quidquam
537 814 728 854 profectum
743 813 761 844 :’
798 822 874 852 cap.
899 815 931 842 3.

225 866 233 880 ‘
252 874 361 904 neque
389 865 529 895 multum
549 863 688 904 profici.'
725 862 825 893 Adde
842 861 930 892 Clar.

227 914 407 946 Diakeiib.
426 913 468 943 ad
483 914 558 944 Liv.
576 922 635 944 111.
647 916 699 944 61.
717 913 734 952 ξ
751 915 801 943 12.

270 971 330 994 xx.
357 966 377 994 2
403 964 452 993 Ad
468 963 738 1004 septemtrionem]
768 963 931 1002 Bongars.

225 1014 326 1055 print.
364 1013 523 1045 Leidens.
563 1023 614 1054 pr.
652 1013 778 1053 Scalig.
819 1014 931 1044 Oxou.

229 1065 365 1096 Ait-ordi
380 1069 416 1096 et
432 1065 473 1096 R.
490 1064 654 1103 Stephani
676 1062 933 1103 Septemtriones:

226 1115 413 1145 verissime.
446 1114 485 1144 B.
512 1113 555 1144 G.
578 1122 602 1143 1.
634 1116 663 1144 l.
701 1116 710 1129 ⁶
740 1112 863 1152 Vergit
891 1112 933 1142 ad

225 1164 520 1206 septemtriones!
565 1163 682 1205 Atque
712 1163 762 1195 ita
795 1173 814 1194 e
848 1163 933 1194 Mss.

226 1215 408 1257 legendum
427 1224 461 1246 v.
476 1218 527 1246 13.
557 1217 566 1232 ‘
584 1214 737 1246 Tertium
751 1218 803 1244 est
816 1217 934 1244 contra

225 1264 526 1306 septemtriones?
539 1264 596 1295 ubi
608 1263 765 1295 similiter
776 1268 933 1303 peccant.

228 1324 291 1346 vn.
309 1318 361 1346 83.
388 1316 397 1331 ‘
416 1316 500 1346 Erat
516 1325 534 1346 a
549 1313 856 1354 Septemtrionibns
869 1313 935 1343 col-

225 1365 289 1396 lisu'
330 1365 446 1405 Nepos
460 1365 493 1395 iu
518 1365 609 1395 Milt.
629 1373 656 1394 c.
673 1367 702 1394 l.
739 1365 747 1379 ‘
766 1363 897 1393 Ventus
915 1371 935 1391 a

224 1414 535 1454 Septemtriouibus
551 1414 664 1444 oriens
678 1413 696 1443 :'
714 1417 750 1443 et
768 1412 835 1442 alii.

268 1468 287 1494 3
319 1466 408 1500 Quod
431 1465 568 1495 omnibus
584 1464 656 1502 sere
682 1464 815 1494 Gallicis
838 1462 934 1501 bellis,

225 1516 364 1546 hostibus
379 1515 491 1546 nostr-is
507 1515 577 1545 inde
593 1513 828 1545 subministrata
843 1513 934 1543 nusi-

226 1567 269 1596 liu
280 1565 487 1604 intellig-ebat]
501 1564 682 1595 Suetonius
693 1563 762 1595 Jul.
772 1573 802 1594 c.
821 1564 872 1592 47.
887 1562 935 1593 ait

226 1616 329 1646 fuisse
343 1615 399 1656 qui
415 1615 642 1655 prodiderint,
655 1614 826 1645 Caesarem
842 1615 850 1628 ‘
861 1612 933 1642 Bri-

227 1667 378 1697 tanniam
408 1667 535 1706 petisse
570 1674 630 1704 spe
662 1663 935 1703 margaritarum,

227 1726 368 1758 quarum
397 1715 654 1756 amplitudinem
684 1712 935 1750 conferentem,

226 1767 396 1799 interdum
413 1777 473 1797 sua
489 1775 587 1796 manu
611 1764 763 1804 exegisse
781 1761 935 1802 pondus.'

227 1818 365 1858 Quippe
382 1817 579 1847 deliciarum
603 1812 768 1855 ejusmodi
787 1811 934 1851 cupidis-

226 1870 347 1900 simum
361 1870 531 1900 Caesarem
549 1865 664 1897 fuisse.
695 1863 794 1895 Unde
810 1867 846 1893 et
861 1861 936 1892 sub-

227 1919 279 1951 dit
293 1918 496 1950 Suetonius:
521 1918 531 1934 ‘
546 1916 720 1954 Gemmas,
734 1916 935 1949 toreumata,

227 1971 336 2010 signa,
352 1968 485 2000 tabulas
503 1966 614 2007 operis
638 1964 782 2005 antiqui,
802 1972 936 2002 semper

228 2019 472 2051 animosissime
484 2014 720 2058 comparasse.'
753 2014 860 2044 Miror
873 2022 936 2051 ego

227 2071 283 2102 hic
298 2070 365 2101 loci
391 2069 558 2100 nemiuem
575 2068 752 2098 doctorum
769 2073 852 2095 voce
869 2063 935 2094 ani-

229 2120 396 2151 mosissime
433 2118 608 2150 offensum.
660 2115 795 2146 Etenim
827 2114 937 2144 aliena

230 2176 295 2202 est.
340 2169 491 2200 Emendo
513 2176 652 2208 prorsus
675 2163 870 2196 avidissime.-
901 2167 936 2193 et

230 2222 350 2263 nequis
367 2220 519 2252 audaciae
531 2221 584 2251 hic
599 2220 673 2259 plus
687 2226 786 2259 quam
796 2216 935 2247 rationis

230 2273 336 2312 dicat,
351 2272 493 2303 eandem
511 2279 627 2301 vocem
646 2267 756 2309 reperi
774 2268 806 2298 in
824 2267 936 2307 Celso,

231 2322 287 2364 qui
299 2321 487 2362 Tranquilli
513 2319 688 2360 complura
711 2321 842 2348 tantum
870 2327 935 2347 non

231 2373 274 2406 ad
291 2373 429 2404 verbum
450 2371 643 2411 exscripsit.
689 2370 736 2400 Et
758 2368 861 2409 siquis
886 2373 935 2399 at-

231 2424 363 2462 tendat,
380 2423 479 2454 facile
496 2421 625 2453 videbit
641 2429 792 2451 caussam
810 2419 934 2459 lapsus.

230 2474 426 2514 Scripserat
447 2472 603 2503 librarius
631 2469 820 2507 avidissime,
847 2468 935 2499 unde

231 2524 319 2555 alter
327 2525 419 2564 (narn
432 2522 563 2553 facilen
575 2526 609 2553 et
621 2531 640 2551 η,
651 2519 811 2552 confundi
822 2518 937 2558 solita)

231 2573 452 2605 animosissime
467 2571 559 2611 fecit,
575 2572 684 2603 solum
700 2572 720 2601 d
736 2570 836 2601 litera
854 2569 887 2600 in
903 2579 936 2599 os

231 2625 382 2655 resoluta
396 2634 405 2662 ;
429 2628 463 2654 et
477 2622 601 2654 lineola
613 2623 656 2660 τῷ
668 2622 701 2652 in
714 2620 934 2662 superducta.

237 2674 371 2706 Vossius.

275 2728 297 2755 6
327 2725 445 2764 Magno
459 2723 518 2755 sibi
532 2721 617 2764 usui]
643 2722 723 2754 Usus
736 2721 794 2754 hic
808 2721 935 2753 utilita-

693 214 833 245 NOTAE
867 212 1130 250 VARIORUM
1166 214 1216 246 IN

980 315 1049 341 tem
1073 310 1225 342 denotat.
1268 310 1324 341 Sic
1342 319 1418 340 cum
1442 309 1534 350 alibi,
1549 313 1620 342 tum
1638 310 1679 345 Β,

982 362 1019 394 C.
1032 371 1073 393 u.
1098 364 1127 393 8.
1162 363 1172 378 ‘
1186 361 1366 392 Inventum
1388 365 1439 392 est
1461 370 1582 400 magno
1605 370 1680 395 esse

980 414 1051 443 usui
1069 422 1181 454 posse,
1192 412 1219 443 si
1231 412 1304 443 haec
1317 416 1407 442 esset
1420 411 1452 441 iu
1466 410 1681 443 altitudinem

980 463 1083 494 turris
1099 462 1214 493 elata!
1243 462 1405 493 Similiter
1421 461 1521 492 Corn.
1537 460 1683 491 Severus

979 514 1012 545 in
1043 513 1143 544 AEtna
1168 523 1254 545 vers.
1285 516 1360 544 260.
1411 513 1420 530 ‘
1441 512 1576 543 Callent
1604 520 1684 543 rure

981 573 1110 601 manus,
1127 563 1298 602 glebarum
1317 572 1413 594 usum
1435 561 1683 602 experiuntur!

983 612 1023 643 Id
1048 617 1112 652 est,
1134 612 1358 653 commodum,
1381 611 1470 653 quod
1494 621 1535 642 ex
1559 610 1685 642 diversi

983 663 1118 703 generis
1140 662 1248 703 glebis
1271 662 1450 702 provenire
1476 666 1603 702 potest,
1627 669 1684 692 ex-

982 714 1153 754 perientia
1179 717 1388 754 compertum
1417 712 1556 743 habent.
1590 712 1687 743 Usum

982 769 1095 794 autem
1111 763 1374 802 emendavimus,
1389 770 1467 792 cum
1483 761 1584 792 editt.
1601 765 1685 792 vett.

982 813 1131 844 habeant
1146 814 1154 830 ‘
1171 813 1356 844 Glebarum
1370 821 1429 842 usu
1440 810 1686 852 experiuntur:

985 864 1147 904 Nuperus
1159 863 1295 904 quidem
1312 862 1491 902 interpres,
1514 861 1563 892 vir
1578 860 1689 892 erudi·

985 913 1148 951 tissimus,
1162 913 1246 953 legit
1267 912 1276 929 ‘
1294 912 1491 953 Giebasque
1507 921 1568 943 usu
1585 921 1688 952 expe·

984 963 1146 1001 riuntur;’
1172 963 1230 993 sed
1247 962 1377 994 minore
1393 962 1580 993 mutatione
1595 962 1688 992 locus

985 1013 1096 1043 sanari
1114 1017 1242 1053 potest,
1258 1017 1295 1043 ut
1312 1012 1471 1043 vidimus.
1509 1011 1620 1043 Duris.

1027 1067 1044 1094 7
1071 1063 1109 1094 Si
1129 1065 1215 1095 modo
1232 1064 1363 1094 insulam
1379 1061 1508 1101 adisset]
1539 1061 1687 1093 Insulam

986 1121 1085 1147 vocat
1096 1115 1306 1147 Britanniam
1318 1114 1405 1145 fama
1416 1118 1548 1144 tantum
1558 1117 1669 1143 motus
1680 1121 1690 1150 ;

985 1176 1060 1197 naun
1079 1175 1148 1196 rem
1165 1166 1213 1196 ita
1230 1174 1264 1195 se
1279 1163 1404 1195 habere
1421 1172 1486 1194 nou
1503 1162 1567 1193 nisi
1583 1161 1690 1193 multo

985 1222 1062 1257 post
1074 1216 1220 1247 Caesaris
1234 1219 1388 1255 tempora
1400 1218 1612 1254 compertum
1624 1216 1687 1254 est.

985 1267 1074 1297 Vide
1089 1270 1157 1296 not.
1180 1265 1221 1296 ad
1240 1266 1280 1296 B.
1299 1265 1342 1296 G.
1361 1275 1394 1296 v.
1413 1267 1465 1296 13.
1480 1265 1579 1295 Idem.

1027 1320 1047 1348 9
1073 1318 1130 1348 Illo
1147 1318 1214 1348 adit
1229 1315 1403 1357 quisquam]
1436 1315 1492 1346 Sic
1511 1324 1553 1345 ex
1569 1313 1686 1346 Ursini

986 1367 1168 1399 Codicibus
1196 1367 1360 1407 deinceps
1385 1369 1480 1396 recte
1504 1363 1688 1404 rescripse-

987 1422 1067 1448 runt
1093 1417 1246 1457 Scaliger
1277 1424 1316 1447 ac
1345 1415 1444 1446 multi
1470 1413 1545 1444 Viri
1572 1413 1691 1446 Docti.

986 1467 1101 1498 Antea
1127 1466 1295 1497 edebatur
1318 1465 1418 1505 vulgo
1445 1464 1513 1495 adit
1538 1464 1578 1494 ad
1598 1463 1692 1505 illos,-

985 1517 1077 1557 quod
1093 1516 1204 1547 inveni
1222 1517 1329 1547 solum
1346 1515 1380 1546 in
1397 1514 1508 1546 Oxon.
1523 1512 1635 1545 forsan
1654 1518 1691 1544 et

986 1567 1019 1597 iu
1045 1566 1164 1606 Cujac.
1181 1575 1220 1597 ac
1245 1565 1389 1596 Audino.
1437 1564 1503 1595 Sed
1528 1565 1595 1595 adit
1622 1564 1691 1595 illos

986 1617 1038 1647 vel
1069 1617 1137 1647 illos
1165 1617 1231 1646 adit
1261 1625 1337 1646 cum
1366 1614 1429 1646 Ed.
1461 1614 1535 1646 Ine.
1564 1613 1690 1644 liabent

987 1671 1131 1707 quatuor
1151 1667 1205 1697 vel
1230 1666 1377 1707 quinque
1400 1665 1481 1703 mei,
1507 1664 1542 1695 in
1569 1663 1689 1704 quibus

987 1717 1165 1748 Leidensis
1193 1717 1322 1756 primus
1345 1718 1381 1747 et
1408 1715 1532 1746 l'etav.
1562 1714 1691 1746 Verum

986 1766 1154 1805 Bongars.
1171 1765 1328 1796 Vossian.
1354 1774 1405 1804 pr.
1429 1762 1596 1804 Egmund.
1618 1762 1690 1793 alii-

987 1825 1052 1856 que
1078 1825 1152 1846 cum
1178 1815 1263 1845 Mss.
1287 1814 1400 1846 Ursini
1425 1819 1459 1845 et
1482 1812 1615 1844 Brantii
1638 1813 1690 1844 illo

986 1867 1072 1896 adit:
1107 1865 1197 1905 quod
1224 1865 1352 1896 idcirco
1383 1868 1511 1895 temere
1540 1863 1572 1894 in
1601 1862 1688 1895 Edd.

987 1915 1131 1946 Amstel.
1155 1925 1194 1947 ac
1212 1914 1368 1955 Lugdun.
1392 1918 1562 1945 mutatum
1578 1922 1690 1946 rursus

987 1966 1019 1996 in
1037 1967 1076 1997 ad
1089 1966 1159 1996 illos
1170 1966 1258 2002 (τάξω
1281 1966 1361 1996 licet
1375 1974 1588 2006 nequaquam
1599 1964 1689 1998 dam·

987 2025 1117 2055 narem,
1131 2016 1158 2046 si
1175 2016 1259 2047 Mss.
1271 2015 1482 2047 addicerent.
1495 2015 1536 2046 V.
1548 2014 1592 2045 ad
1604 2018 1689 2046 1.46‚

986 2065 995 2081 ‘
1017 2064 1072 2096 Ad
1097 2070 1288 2096 extremum
1313 2066 1392 2097 vitm
1422 2064 1608 2105 periculum
1632 2064 1688 2096 ad-

986 2115 1058 2147 ire.'
1078 2116 1119 2146 13.
1133 2115 1206 2146 civ.
1221 2124 1245 2147 1.
1257 2118 1308 2146 87.
1333 2117 1341 2132 ‘
1357 2114 1410 2146 Ad
1423 2116 1591 2146 Caesarem
1600 2114 1688 2146 adie-

986 2171 1076 2197 runt.
1115 2167 1156 2196 B.
1179 2167 1252 2197 Civ.
1269 2175 1309 2197 11.
1330 2168 1362 2196 7.
1386 2169 1421 2197 et
1438 2165 1563 2205 passim
1581 2165 1650 2197 alii.

1030 2219 1067 2247 ll
1104 2215 1257 2256 Galliam]
1285 2215 1413 2247 Clarkii
1437 2215 1585 2253 codices,
1608 2214 1688 2246 mei-

987 2276 1051 2307 que
1080 2275 1217 2296 uumero
1244 2265 1401 2296 undecim
1424 2264 1479 2295 vel
1502 2264 1626 2304 plures,
1653 2264 1687 2297 in

987 2316 1107 2357 quibus
1125 2316 1246 2356 optimi
1269 2317 1434 2353 Bongars.
1453 2315 1578 2346 Lovan.
1602 2313 1686 2346 Vos-

986 2368 1069 2398 sian.
1084 2367 1279 2408 primus,uti
1289 2371 1323 2396 et
1334 2365 1420 2397 Edd.
1433 2366 1529 2396 Rom.
1541 2364 1685 2396 Mediol'.

986 2419 1073 2449 Ven.
1091 2419 1243 2455 Incerta,
1268 2417 1409 2457 aliaeque
1432 2415 1586 2456 praebent
1611 2414 1687 2445 Gal·

985 2469 1063 2499 lias:
1089 2468 1177 2508 quod
1195 2476 1285 2507 saepe
1309 2470 1361 2497 est
1383 2466 1416 2496 in
1435 2464 1546 2496 Celso.
1566 2464 1686 2498 Recte.
1711 2472 1715 2476 ·

985 2518 1041 2549 Sic
1077 2518 1193 2557 dictae,
1225 2521 1264 2547 ut
1287 2514 1467 2555 Hispaniae.
1513 2513 1568 2544 Ita
1594 2513 1685 2545 Hirt.

987 2571 1133 2600 vnn-19.
1159 2569 1298 2599 Sueten.
1323 2565 1412 2597 Caes.
1430 2574 1459 2596 c.
1477 2565 1528 2595 12.
1557 2568 1594 2594 et
1610 2572 1685 2604 pas-

986 2620 1061 2651 sim.

1030 2671 1071 2700 12
1103 2664 1300 2705 Convocatis]
1324 2664 1409 2696 Mss.
1436 2663 1580 2703 Clarkii,
1602 2664 1684 2696 item

985 2721 1052 2753 mei
1079 2723 1209 2752 tantum
1233 2727 1299 2750 non
1324 2725 1438 2750 omnes
1467 2715 1583 2748 vocatis
1606 2721 1684 2747 cum
