1818 3131
361 200 454 231 [ιιι.
489 200 532 229 v.
565 198 671 228 CAP.
701 187 742 227 1.
778 198 838 227 ιιι-ι
875 198 1028 228 immo
1061 197 1288 229 GAhmco.

102 301 154 330 tas
182 305 244 338 per
268 296 447 338 Syntliesin
472 296 647 335 eleganter
675 292 801 323 refera-

1443 189 1459 228 1
1468 183 1554 229 073

855 297 991 323 veteres
1007 292 1098 324 libri.
1145 293 1233 324 Nam
1260 291 1366 333 primo
1394 300 1460 323 vox
1485 301 1553 331 per-

103 355 171 387 mr,
199 348 241 380 de
271 358 337 390 quo
364 347 441 379 vide
468 346 510 376 ad
538 354 592 376 ιιι.
618 348 649 376 9.
685 354 723 375 ac
748 344 798 375 (ΣΙ.
846 342 940 381 fugio
971 353 1035 374 non
1063 344 1205 384 adparet
1237 344 1271 375 in
1303 344 1471 385 Bongars.
1501 354 1554 384 pr.

102 399 219 430 Rurm.
236 399 276 429 ad
294 397 393 429 Ovid.
411 397 494 427 Mel.
513 404 537 427 1.
558 398 629 426 160.
677 395 721 426 Et
752 394 800 425 ita

101 448 193 480 clare
217 449 256 479 B.
278 448 350 478 Civ.
380 455 433 477 111.
454 447 508 476 24.
531 446 539 460 ‘
557 443 800 478 Quadriremes

103 508 122 530 v
152 498 262 529 misit:
287 506 375 538 quae,
403 505 505 537 quum
535 494 800 534 adpropinquas-

103 552 189 588 sent,
213 546 318 578 nostri
332 544 555 586 refugerunt3
581 545 630 575 illi
646 543 800 583 incitati,¹

101 603 164 630 &a
199 606 251 629 111.
268 600 320 629 87.
348 597 357 614 ‘
375 596 512 637 Copiae,'
535 598 599 627 ἃς.
624 599 632 613 ‘
651 599 686 626 et
702 595 801 636 pleri-

101 646 185 690 que’
212 657 230 678 e
260 647 343 678 Mss.
389 645 489 677 Adde
517 645 557 676 B.
584 645 683 677 Alex.
711 655 740 676 c.
767 647 799 676 2.

98 697 311 729 ‘Cohortes’
338 703 374 728 et
390 698 399 713 ‘
418 696 626 737 obportuni.'
671 696 711 727 In
738 696 800 728 Ed.

100 747 238 780 Incerta
250 749 259 765 ‘
275 746 437 788 reliquis)

117 809 119 811 ·
143 802 342 830 xxxv11.10
365 798 508 838 Amplius
523 796 621 837 horis]
638 796 802 839 Praefem,

101 848 193 891 quod
207 853 319 880 exstat
337 849 369 879 in
388 849 511 879 Lovan.
529 852 564 879 et
584 848 731 880 Dorvill.
748 858 803 880 co-

100 899 234 931 dicibus
244 909 282 930 ac
292 898 506 930 Editionibus
515 899 630 940 primis
639 900 801 939 Romana,

101 950 241 982 Mediol.
259 955 294 981 et
310 951 456 989 Veneta,
481 950 581 982 horas.
625 950 683 981 Sic
701 951 801 990 enim,

102 999 342 1031 subintellecto
365 1010 468 1041 quam,
501 1009 576 1032 cum
610 1001 684 1032 aliis
710 1002 801 1042 loqui

101 1059 168 1081 non
184 1059 260 1080 raro
275 1053 366 1080 amat
382 1049 506 1081 Caesar.
551 1050 639 1082 Vide
661 1051 702 1081 ad
718 1060 800 1082 vul.

102 1102 154 1131 10.
200 1099 298 1131 Adde
315 1100 430 1131 Davis.
454 1099 496 1130 ad
514 1100 605 1131 Hirt.
623 1101 664 1132 B.
691 1100 800 1132 Afric.

101 1159 131 1182 c.
149 1153 201 1182 45.
226 1155 262 1181 et
278 1149 376 1181 Viros
398 1150 518 1181 doctos
534 1150 577 1181 ad
595 1150 686 1181 Vell.
712 1160 753 1182 ιι.
772 1155 801 1182 1.

99 1201 156 1232 Sic
169 1201 179 1218 ‘
196 1200 327 1240 longius
343 1201 436 1232 milia
452 1209 521 1232 vm
536 1201 544 1214 ¹
563 1211 598 1232 v.
615 1204 668 1233 53.
694 1201 751 1233 ubi
768 1202 801 1232 in

102 1251 176 1283 aliis
201 1251 325 1282 milibus
351 1260 543 1292 perperam.
589 1252 655 1283 Sed
686 1256 802 1283 tamen

101 1310 127 1333 ι.
144 1305 197 1333 15.
220 1303 230 1319 ‘
248 1301 402 1342 Amplius
420 1311 439 1332 v
464 1302 613 1333 millibus
642 1311 801 1342 passuum

103 1351 286 1383 interesset
301 1355 318 1382 :’
344 1356 379 1383 et
396 1351 487 1382 alibi.
525 1360 604 1383 vm.
621 1354 673 1383 16.
697 1352 706 1368 ‘
725 1352 803 1382 Non

102 1401 246 1442 amplius
283 1406 457 1442 patentem
496 1401 651 1442 passibus
688 1401 803 1433 mille!

102 1450 170 1482 Sed
189 1451 256 1483 Ms.
279 1451 375 1482 Leid.
399 1460 450 1491 pr.
466 1460 585 1492 passus.
622 1452 664 1483 B.
682 1451 757 1483 Civ.
776 1460 801 1482 ι.

103 1505 156 1533 82.
180 1502 189 1518 ‘
205 1511 273 1533 non
299 1502 442 1542 amplius
484 1510 512 1532 ιι
540 1501 675 1532 milibus
699 1500 802 1532 dista-

103 1552 186 1583 bant
198 1553 218 1583 :'
241 1552 337 1583 etita
353 1551 384 1581 in
402 1551 577 1592 plerisque
594 1550 678 1581 Mss.
698 1550 804 1581 Hirtii

103 1601 178 1633 loco
191 1601 341 1632 indicato
356 1601 364 1616 ⁴
379 1601 520 1641 amplius
538 1609 656 1632 xxxvi
672 1601 791 1632 annis.'

147 1654 342 1684 xxxvur.4
368 1652 436 1686 Quo
463 1651 607 1691 perfugio
631 1661 657 1683 s.
686 1662 716 1684 α.
736 1652 807 1690 fue-

105 1705 176 1733 rant
192 1701 250 1743 usi,
264 1701 334 1741 qma]
357 1701 588 1733 Vehementer
600 1701 652 1733 hie
670 1701 808 1734 turbant

854 401 921 423 sec.
953 394 1029 423 Pet.
1061 395 1159 425 Gott.
1189 404 1208 425 a
1233 404 1277 425 m.
1306 404 1355 435 pr.
1384 395 1553 436 Egmund.

854 444 977 474 Lovan.
1003 445 1096 475 Duk.
1123 446 1266 476 Dorvill.
1289 450 1324 476 et
1350 447 1457 478 tribus
1472 446 1559 485 aliis,

855 497 959 534 atque
977 494 1063 524 Edd.
1084 494 1179 525 Rom.
1207 495 1347 527 Mediol.
1373 497 1506 528 Veneta
1521 503 1557 528 et

855 544 1006 575 Incerta.
1062 545 1101 575 In
1125 546 1288 578 Vossiano
1320 548 1427 587 primo
1454 549 1557 580 etiam

856 604 922 626 non
960 600 1024 635 est,
1053 595 1111 626 sed
1140 606 1281 628 vacuum
1316 599 1472 631 relictum
1504 606 1557 632 est

856 646 1013 687 spatium.
1061 646 1150 677 Dein
1180 647 1360 687 perfuerunt
1392 650 1555 691 Bongare.

856 697 955 738 prim.
982 706 1050 728 sec.
1068 698 1164 728 Voss.
1191 707 1243 738 pr.
1269 708 1337 730 sec.
1360 701 1559 740 sempersue-

855 751 928 778 rant
946 749 1072 779 Lovan.
1101 752 1135 779 et
1161 758 1219 780 sex
1247 749 1304 780 alii
1329 759 1406 781 cum
1435 751 1553 783 iisdem

856 798 986 830 Editis:
1013 802 1101 830 erant
1128 800 1175 830 usi
1203 800 1318 840 anac.
1337 806 1373 832 et
1398 802 1556 834 Leidens.

856 849 996 889 primus.
1041 849 1191 881 Tandem
1207 850 1387 889 omnesfere
1402 852 1560 883 exsulant

857 908 876 929 a
892 899 1009 939 Cujac.
1026 900 1150 940 Scalig.
1168 900 1281 932 Oxou.
1307 906 1342 932 et
1365 901 1463 934 Leid.
1490 903 1558 943 pri-

854 958 921 988 mo,
947 949 1006 980 sed
1030 955 1220 989 agnoscunt
1243 960 1299 982 eas
1317 961 1417 983 voces
1439 953 1558 984 celsus

856 1008 990 1040 quoque
1007 1003 1043 1030 et
1057 1000 1116 1031 Gr.
1148 1000 1256 1032 Iidem
1274 1002 1393 1042 scripti
1411 1003 1560 1034 retinent

855 1053 1012 1081 venerunt.
1058 1050 1106 1081 At
1136 1051 1242 1082 ceteri
1270 1061 1386 1084 omnes
1413 1056 1451 1084 et
1466 1053 1554 1084 Edd.

856 1100 971 1140 primae
996 1104 1202 1140 pervenerunt
1222 1101 1377 1132 sollemni
1401 1101 1559 1133 variatio-

857 1159 909 1181 ne.
955 1150 1047 1183 Quid
1072 1151 1150 1182 hinc
1175 1151 1415 1183 extricandam
1429 1153 1486 1193 sit,
1511 1152 1559 1184 vi-

858 1202 959 1233 deant
984 1203 1165 1234 acutiores,
1211 1203 1266 1234 An
1286 1214 1344 1244 per
1369 1204 1559 1244 superiorem

856 1263 970 1284 annum
986 1253 1119 1290 fuerant
1136 1251 1210 1286 usi?
1255 1254 1345 1286 Vide
1371 1255 1413 1285 ad
1439 1263 1489 1287 νι,
1506 1257 1558 1287 36.

857 1303 866 1320 ‘
885 1312 946 1343 per
957 1313 1072 1334 omnes
1089 1304 1280 1345 superiores
1293 1305 1398 1337 dies?
1422 1315 1462 1337 an
1473 1306 1561 1337 latet

857 1353 997 1384 verbum
1020 1353 1225 1394 perfugerant
1240 1354 1295 1386 vel
1317 1354 1562 1396 superfuerant?

859 1402 945 1433 Mihi
963 1413 1028 1435 non
1049 1404 1168 1445 liquet.
1212 1405 1299 1436 Tota
1321 1405 1481 1445 periodus
1497 1407 1562 1436 sal-

857 1463 899 1483 vo
913 1462 1012 1484 sensu
1029 1453 1148 1485 abesse
1166 1458 1320 1494 potera23
1345 1463 1450 1495 quare
1466 1455 1562 1486 uncis

860 1503 993 1534 inclusi.
1499 1520 1501 1522 ·

905 1557 944 1584 10
970 1554 1006 1583 ln
1023 1554 1148 1594 Belgis]
1172 1554 1242 1585 Aut
1257 1555 1368 1595 potins
1390 1564 1465 1585 cnm
1483 1555 1562 1586 Clu-

859 1603 951 1633 verio
969 1603 1084 1634 Germ.
1103 1603 1223 1646 Antiq.
1242 1613 1281 1635 ιι.
1298 1607 1329 1635 2.
1346 1605 1355 1620 ‘
1368 1605 1401 1634 in
1417 1605 1561 1645 Belgio?

859 1654 893 1685 id
911 1659 975 1693 est,
993 1655 1193 1687 Bellovacis.
1239 1656 1328 1688 Vide
1344 1656 1424 1688 ibid.
1443 1661 1478 1688 ct
1501 1666 1562 1687 sae-

861 1703 935 1744 pius
950 1701 1047 1735 infra.

341 2107 458 2156 DE
525 2108 833 2157 BELLO
894 2110 1332 2159 GALLICO·

745 2262 843 2300 LlB.
877 2264 933 2322 V.

153 2409 241 2440 CAP.
256 2411 309 2440 1.2
328 2409 530 2450 Instituerat]
550 2410 632 2441 Mss.
645 2411 810 2452 plerique,

113 2463 149 2491 et
157 2460 348 2493 Edd.Vett.
363 2465 568 2493 consueverat.
593 2462 736 2494 Graecus
749 2462 811 2493 εἰώ-

112 2512 165 2541 θει.
191 2511 294 2543 Clark.
339 2511 479 2544 Scilicet
494 2513 676 2543 instituerat
691 2522 734 2544 ex
747 2514 812 2544 Ur-

116 2560 320 2593 sini-Codice
347 2568 521 2602 receptum
539 2568 603 2602 est,
624 2563 682 2604 qui
699 2568 813 2595 tamen

114 2619 175 2650 pro
184 2611 274 2642 varia
286 2612 432 2643 lectione
445 2613 653 2654 adscriptum
665 2613 814 2646 habebat

116 2665 328 2694 consueverat:
352 2672 462 2704 neque
479 2663 577 2694 aliter
594 2664 753 2696 exstabat
779 2665 814 2695 in

116 2709 340 2751 Scaligerano.
386 2712 483 2753 Saepe
507 2713 623 2744 Caesar
637 2715 646 2731 ‘
665 2714 814 2746 instituit

117 2769 218 2801 agere
229 2761 237 2774 '
252 2762 388 2794 adhibet
405 2773 412 2797 ς
436 2764 599 2803 quotannis
616 2775 696 2796 vero
722 2766 813 2796 insti·

202 2815 315 2854 Delph.
331 2820 361 2848 et
384 2818 457 2849 l'ur.
477 2818 559 2849 Clas.

800 2820 826 2850 C
827 2829 906 2850 ‹esar-

864 2416 950 2445 tuere
974 2414 1060 2446 mira
1081 2417 1134 2446 est
1158 2413 1294 2446 locutio.
1339 2413 1454 2447 Quare
1472 2422 1564 2455 repo»

865 2464 928 2504 sui,
944 2474 1010 2496 non
1027 2464 1164 2507 quidem
1179 2468 1386 2503 consueverat,
1402 2464 1494 2506 qnod
1509 2473 1565 2494 an·

867 2518 902 2546 te
917 2515 1080 2547 Ursinum
1096 2516 1197 2556 vulgo
1210 2515 1351 2555 editum,
1372 2514 1431 2546 sed
1446 2522 1566 2545 consue-

866 2567 937 2600 ml,-
953 2569 991 2596 ut
1007 2570 1164 2597 servatur
1179 2566 1214 2597 in
1230 2566 1293 2596 ΜΞ.
1307 2564 1454 2602 Brantii,
1470 2563 1569 2594 meis·

868 2624 933 2656 que
969 2616 1154 2648 Codicibus
1193 2616 1387 2659 quindecim
1426 2620 1462 2646 et
1503 2613 1566 2645 Ed.

869 2665 1019 2698 Incerta.
1077 2667 1167 2699 Vide
1198 2667 1240 2698 ad
1271 2677 1295 2697 1.
1328 2669 1382 2696 43.
1450 2661 1567 2696 Ceteri

867 2714 1075 2759 consueverqze.
1114 2718 1188 2749 Nisi
1201 2717 1307 2747 velles
1322 2714 1484 2756 quotannis
1490 2714 1568 2755 jun-

869 2775 948 2806 gere
964 2764 1076 2807 poti-'us
1104 2769 1148 2805 τῷ
1163 2765 1281 2804 facere.
1327 2764 1497 2796 Instituta-e
1512 2774 1567 2795 cx·

1417 2821 1435 2848 3
1452 2818 1482 2850 Y
