1818 3131
380 212 472 243 mn.
505 212 550 240 ν.
582 208 689 240 οΛΡ.
719 199 790 238 55.
825 208 886 237 nu
921 207 1076 238 unum
1109 208 1336 239 GAmeo.

137 315 209 338 rum
233 305 361 347 optimc
386 305 419 337 id
444 303 626 336 vindicavit
649 303 830 334 Davisius:

136 362 171 387 et
188 364 278 396 saepc
296 365 354 387 nos
370 354 555 386 monuimus
572 354 739 384 Caesarem
757 363 833 383 eum

136 415 311 437 numerum
350 412 490 435 amasse.
549 402 616 433 Adi
653 403 752 433 inodo
791 403 832 433 ad

134 465 164 486 c.
181 459 234 486 45.
280 454 353 485 Nec
368 453 457 484 enirn
474 456 568 493 puto,
586 453 672 483 velle
687 453 832 493 aliquem

134 505 288 545 recipere
307 506 489 535 voluntatem
506 514 524 534 c
541 504 638 535 Voss.
665 514 715 544 pr.
735 505 831 545 Egm.

134 556 254 587 Petav.
271 559 306 586 ct
321 555 590 585 commutationum
608 565 625 585 e
642 556 752 595 Bong.
781 565 831 596 pr.

133 609 171 636 ut
184 605 228 636 sit
243 606 427 636 voluntatem
443 606 727 645 commutationum,
752 616 832 647 quo-

131 655 232 687 modo
256 657 356 696 plane
373 661 425 687 est
441 657 473 687 in
491 657 655 697 Bongars.
674 667 739 689 sec.
763 657 832 699 qui-

131 705 193 736 bus
231 706 490 747 significaretur,
537 712 574 738 ut
613 707 833 748 interpolavit

132 755 264 796 Celsus,
278 766 381 787 rerum
395 767 538 787 notarum
554 757 720 797 cupiditas.
759 758 832 797 Ego

131 808 290 839 revocavi
308 817 382 838 cum
407 807 543 838 Clarkio
570 808 706 838 omnibus
730 810 832 839 volun-

129 859 241 888 tatum.
288 858 378 890 Quid
409 858 435 888 si
468 862 578 889 tamen
613 857 831 889 admittamus

129 911 307 948 utramque
324 908 518 947 lectionem,
540 908 676 939 omnium
691 909 831 938 coluntu-

128 955 222 989 tum?
254 958 367 988 Omnes
394 958 566 988 voluntates
592 968 654 998 pro
683 957 831 989 omnium

128 1006 298 1037 homimum
317 1007 439 1045 auimo,
459 1009 504 1038 uti
523 1018 623 1048 supra
641 1008 751 1038 Omnis
766 1009 830 1048 opi-

127 1056 178 1086 nio
193 1059 278 1088 1¹.3.
296 1057 352 1087 ubi
372 1057 462 1088 vide.
507 1057 606 1089 Quod
627 1063 738 1088 tamen
764 1067 830 1087 non

129 1105 280 1138 adfirmo.
304 1107 344 1138 B.
359 1107 433 1138 Civ.
451 1116 475 1138 1.
492 1109 544 1137 20.
562 1108 571 1123 ‘
588 1107 640 1137 Ne
658 1117 724 1148 qua
742 1116 830 1138 com-

127 1157 270 1188 mutatio
286 1156 386 1188 fieret
407 1157 614 1188 voluntatis?

172 1211 212 1239 16
234 1209 299 1239 Pro
314 1212 416 1239 vetere
431 1218 467 1239 ac
479 1210 628 1249 perpetua
644 1217 719 1247 erga
732 1218 830 1249 popu-

128 1259 191 1291 lum
206 1259 296 1290 Rom.
311 1259 395 1300 fide]
423 1258 511 1290 Vide
528 1263 647 1290 notata
663 1259 705 1290 ad
728 1260 769 1290 B.
785 1259 828 1291 G.

128 1317 153 1340 1.
170 1311 221 1341 43.
245 1309 358 1341 Dacis.

170 1364 213 1392 20
238 1362 337 1401 Quod,
352 1362 417 1401 qui,
439 1361 508 1401 §sc-'J
546 1361 612 1392 Ms.
639 1361 728 1402 Reg.
753 1363 830 1401 quod

127 1411 162 1441 hi
179 1411 242 1451 qui,
257 1412 308 1450 ὅτ.
335 1411 418 1441 Mss.
444 1411 568 1442 Eliens.
586 1416 621 1442 et
646 1412 772 1451 Vossii,
795 1416 830 1443 et

129 1463 222 1494 Edit.
241 1463 338 1494 Rom.
357 1467 538 1504 corrupte;
555 1465 634 1503 quod
650 1463 679 1494 ei
696 1464 760 1504 qui,
777 1465 829 1503 &a

130 1512 237 1543 Clark.

173 1565 217 1594 22
241 1563 355 1604 Populi
372 1564 413 1595 R.
440 1563 592 1604 Imperia]
635 1564 746 1604 Bong.
779 1573 830 1604 pr.

130 1613 308 1653 sec.Egm.
334 1614 459 1644 Lovan.
485 1618 520 1644 et
536 1616 566 1644 7.
593 1613 648 1644 alii
672 1622 749 1644 cnm
766 1613 830 1643 Ed.

127 1661 269 1693 Incerta
285 1673 302 1693 a
320 1664 430 1702 populo
449 1663 506 1693 Ro.
523 1663 621 1694 Voss.
636 1672 686 1703 pr.
705 1671 773 1694 sec.
797 1667 832 1693 et

128 1711 221 1743 Duk.
238 1722 273 1756 eg
286 1721 337 1751 po.
357 1712 416 1743 Ro.
434 1716 467 1743 et
484 1712 554 1752 quia
576 1722 626 1752 po.
653 1713 713 1742 Ro.
736 1712 832 1752 impe-

127 1761 177 1792 ria
193 1760 317 1799 ferrent
334 1761 423 1793 Edd.
449 1762 548 1792 Rom.
567 1763 651 1792 Ven.
674 1762 770 1792 Med.
795 1771 831 1792 eu

123 1811 230 1851 populi
247 1811 301 1841 Re.
318 1811 391 1851 imp.
409 1811 504 1842 Carr.
527 1812 664 1852 Imperia
680 1822 698 1841 α
718 1814 830 1852 populo

126 1860 188 1891 Ro.
204 1860 332 1891 dictum
350 1866 413 1900 est,
440 1861 535 1902 quasi
561 1861 712 1901 imperata
736 1871 755 1891 α
778 1871 830 1901 po-

122 1911 206 1952 pulo,
222 1911 273 1942 vel
293 1911 470 1952 jungendo
492 1911 667 1952 perferrent
695 1922 713 1942 a
734 1921 832 1952 popu·

126 1961 176 1993 10.-
203 1962 274 1993 sive
290 1973 308 1993 α
325 1962 458 1993 Romani
473 1973 505 2002 p.
524 1966 626 2002 parte.
671 1962 761 1993 Vide
787 1963 829 1993 ad

130 2020 196 2043 vn.
224 2015 274 2044 82.
329 2012 395 2043 Sed
428 2013 540 2052 potius
568 2012 656 2043 malo
687 2012 829 2052 primam

127 2063 401 2103 explicationem.
433 2063 571 2102 Imperia
585 2073 604 2093 a
623 2063 734 2103 populo
751 2067 830 2093 suut

126 2113 257 2154 imperia
278 2113 394 2153 populi.
439 2114 487 2144 Ut
514 2114 523 2130 ‘
539 2113 689 2153 legiones
715 2123 735 2144 a
759 2114 829 2144 De-

124 2161 252 2202 jotaro’
279 2163 319 2193 B.
335 2162 503 2194 Alexand.
521 2173 551 2194 c.
569 2165 622 2194 34.
646 2164 655 2180 ⁸
672 2163 795 2194 litterae
811 2173 830 2194 a

129 2212 274 2244 Caesare*
286 2214 363 2253 pro‘
377 2213 522 2244 Caesaris
537 2213 556 2243 :’
572 2214 625 2244 vel
642 2223 715 2254 quae
732 2214 773 2245 ab
788 2224 829 2246 eo

128 2266 305 2301 venerant,
321 2266 357 2293 ut
372 2262 426 2293 hic
451 2262 604 2302 imperia,
629 2273 704 2303 quae
729 2273 749 2294 a
772 2273 830 2304 po-

128 2312 209 2353 pulo
231 2312 292 2343 Ro.
311 2312 463 2343 veniunt.
510 2313 565 2344 De
591 2322 656 2354 quo
682 2313 737 2344 adi
761 2323 829 2344 om·

127 2360 208 2392 nino
234 2361 276 2392 ad
303 2361 343 2392 B.
362 2362 436 2393 Civ.
459 2371 484 2392 1.
507 2365 535 2392 1.
581 2362 688 2392 Plura
713 2362 830 2394 videre

128 2415 227 2452 potes
245 2411 335 2451 apud
360 2411 514 2443 Cortium
532 2411 575 2442 ad
600 2412 748 2444 Plinium
765 2413 829 2453 Ep.

127 2470 177 2493 ιν.
194 2464 247 2493 22.
270 2461 367 2493 ‘Hoc
391 2472 410 2492 a
433 2462 588 2493 Maurico
614 2471 736 2492 novum
762 2472 830 2493 non

130 2510 208 2542 est.'

171 2570 229 2593 ΙΝ.
252 2565 271 2593 8
297 2561 468 2593 Fortunam
491 2562 621 2603 amplius
646 2562 831 2602 tentaturos]

129 2609 244 2643 Primo
260 2612 342 2644 Mss.
359 2622 442 2653 quos
455 2612 608 2644 consului
622 2617 753 2643 tantum
764 2622 829 2642 non

130 2669 256 2701 omnes,
267 2663 391 2704 aliique
411 2667 446 2693 et
462 2662 549 2695 Edd.
567 2663 721 2704 quaedam
735 2663 831 2702 ampl.

124 2709 206 2748 sort.
242 2713 333 2745 Dein
349 2714 432 2746 Mss.
450 2713 574 2755 Scalig.
592 2713 719 2745 Audin.
732 2712 828 2745 Leid.

1474 199 1587 242 1133

885 304 982 342 prim.
999 308 1034 335 et
1053 305 1139 336 Eud.
1158 305 1324 343 Romana,
1339 303 1483 336 Mediol.
1499 304 1585 336 Ven.

885 361 923 383 ac
951 353 993 383 R.
1017 355 1181 395 Stephani
1208 356 1397 386 tentandam.
1446 355 1584 387 Rectius

885 403 991 433 multo
1007 409 1041 433 et
1059 406 1232 435 nervosius
1250 417 1258 441 ;
1276 405 1441 446 quomodo
1457 410 1492 437 et
1509 415 1585 437 con-

877 453 1013 493 jecerat
1030 455 1208 486 Gruterus.
1256 456 1413 487 offendit
1430 457 1530 487 etiam
1548 457 1586 486 τὸ

884 507 1058 534 tentaturos
1072 506 1289 536 Ciacconium
1307 518 1314 543 ;
1332 517 1434 547 quare
1450 507 1586 538 dicerent

884 554 991 585 voluit
1023 560 1098 595 post
1126 556 1207 586 illud
1231 558 1447 596 participium
1479 566 1586 588 remo-

884 614 964 636 vere
980 616 986 635 :
1015 605 1104 646 quod
1123 606 1149 636 si
1167 607 1318 637 retinere
1346 608 1451 647 magis
1472 608 1587 648 placu-

884 655 963 693 erit,
980 656 1098 686 melius
1114 655 1214 695 foret,
1229 667 1287 687 non
1303 667 1378 687 sese.
1425 658 1585 688 Ceterum

884 707 1059 739 Manutius
1075 709 1301 739 venustiorem
1319 714 1416 749 putat
1432 710 1503 741 fore
1521 711 1588 742 lec·

884 757 1023 797 tionem,
1039 758 1153 790 deleto
1167 762 1301 799 partem.
1350 759 1426 790 Hoc
1443 761 1498 800 qui
1516 770 1588 792 cre-

883 808 945 848 dit,
983 810 1128 840 Caesaris
1158 810 1366 850 locupletem
1397 811 1521 851 stylum
1549 815 1585 842 et

883 859 983 898 plene
1012 860 1172 900 loquendi
1189 870 1316 891 morem
1334 871 1400 892 non
1427 861 1586 892 observa-

882 908 951 938 vit:
979 909 1067 949 quod
1096 910 1260 940 monitum
1285 911 1358 950 jam
1387 911 1586 951 saepissime,

882 962 917 988 et
943 958 1023 989 alibi
1048 959 1233 990 innumeris
1259 961 1424 1000 exemplis
1448 960 1587 992 demon-

882 1012 1038 1040 stratum.

923 1061 944 1089 9
968 1059 1108 1099 Exigere
1128 1070 1147 1090 a
1160 1060 1324 1101 finitimis,
1347 1070 1438 1100 equos
1457 1060 1585 1100 parare]

880 1110 937 1140 Sic
969 1111 1098 1150 optime
1135 1111 1251 1141 Ursini
1291 1110 1420 1141 Codex.
1459 1111 1585 1141 Caeteri

882 1160 965 1191 Mss.
983 1164 1019 1190 et
1036 1160 1142 1192 Editt.
1160 1165 1247 1192 vett.
1278 1170 1432 1199 exercere,
1447 1171 1467 1190 a
1479 1160 1586 1201 finiti-

880 1211 939 1241 mis
956 1220 1044 1250 equos
1055 1220 1181 1250 parare.
1212 1210 1355 1242 Graecus
1371 1211 1465 1249 item,
1479 1209 1586 1241 ἀσκεῖν

879 1271 926 1291 τε.
990 1260 1076 1293 Quae
1115 1264 1230 1291 tamen
1270 1261 1371 1291 lectio
1407 1259 1587 1291 manifesto

881 1313 1056 1349 corrupta.
1083 1309 1192 1342 Clark.
1238 1309 1386 1341 Accedit
1411 1311 1501 1342 solus
1525 1311 1589 1342 Co-

881 1358 948 1389 dex
968 1360 1192 1400 Stephanicus
1215 1360 1257 1391 ab
1281 1360 1501 1391 Hotomanno
1518 1361 1587 1391 lau-

882 1409 993 1449 datus,
1015 1411 1071 1451 qni
1089 1411 1193 1442 etiam
1209 1410 1346 1450 probat.
1393 1410 1530 1441 Primus
1553 1411 1586 1441 in

882 1462 1013 1489 textum
1039 1459 1175 1489 admisit
1190 1459 1354 1500 Scaliger,
1379 1459 1468 1500 quod
1487 1459 1585 1490 avide

881 1509 1014 1549 reliqui,
1034 1515 1163 1549 praeter
1179 1508 1361 1539 Cellarinm
1382 1514 1505 1549 tamen,
1529 1509 1587 1540 ad-

882 1559 1073 1599 ripuerunt.
1119 1558 1249 1589 Verum
1267 1559 1402 1590 codices
1428 1559 1496 1590 mei
1519 1568 1587 1590 om-

882 1617 954 1647 neS,
988 1618 1054 1639 uno
1084 1617 1249 1639 consensu
1276 1608 1404 1639 habent
1431 1617 1588 1646 exercere,

881 1669 911 1689 a.
940 1659 972 1698 f.
1011 1664 1158 1699 excepto
1190 1659 1424 1699 Egmnndano,
1453 1659 1489 1690 in
1519 1669 1587 1700 quo

882 1709 976 1749 legas
992 1719 1146 1740 eaearare:
1170 1709 1456 1741 unde'conficere
1479 1711 1587 1750 possis

881 1769 1019 1790 exorare.
1067 1760 1194 1791 Verum
1219 1770 1285 1791 non
1311 1761 1423 1800 video,
1445 1770 1588 1792 exercere

881 1818 953 1839 esse
970 1809 1153 1840 lectionem
1170 1809 1348 1840 manifesto
1365 1814 1561 1850 corruptam
1576 1822 1586 1850 ;

881 1859 981 1889 immo
998 1859 1112 1899 potius
1130 1867 1170 1890 ea
1185 1869 1251 1890 vox
1269 1861 1428 1890 convenit
1444 1861 1586 1892 consilio

881 1909 1198 1950 Inducioruari,qui
1217 1910 1305 1940 serio
1332 1910 1364 1940 in
1393 1911 1505 1941 animo
1532 1912 1588 1942 ha-

881 1959 997 1999 bebat,
1018 1960 1179 1991 Romanis
1195 1960 1321 1991 bellum
1337 1959 1463 2000 facere,
1488 1961 1587 1993 adec-

881 2019 946 2050 que
964 2015 1120 2041 recentes
1138 2011 1252 2051 copias
1273 2020 1314 2041 ex
1332 2011 1470 2042 militari
1496 2012 1587 2043 insti-

880 2064 955 2091 tuto
973 2060 1126 2100 quotidie
1143 2061 1326 2092 exercebat
1341 2072 1348 2091 :
1372 2071 1477 2102 quare
1492 2071 1588 2093 revo-

881 2110 955 2141 cavi
981 2115 1132 2141 veterem
1160 2111 1367 2150 lectionem;
1391 2111 1500 2143 donec
1528 2121 1587 2152 pa-

881 2164 966 2200 teat,
984 2161 1124 2192 tolerari
1140 2170 1206 2192 non
1223 2170 1332 2201 posse.

924 2217 964 2245 10
989 2215 1107 2245 Exules
1129 2215 1347 2255 damnatosque
1369 2218 1436 2246 tota
1463 2215 1586 2256 Gallia]

879 2264 936 2296 Sic
967 2264 1059 2295 edidi
1090 2274 1134 2295 ex
1165 2274 1331 2296 consensu
1362 2265 1586 2296 vetustiorum

881 2314 1043 2346 Codicum
1059 2325 1067 2352 ;
1092 2315 1299 2346 recentiores
1316 2315 1404 2345 enim
1420 2324 1503 2346 voce
1519 2317 1587 2345 tota

881 2364 1007 2404 deleta,
1032 2365 1151 2406 legunt
1174 2375 1190 2396 e
1208 2365 1326 2396 Gallia.
1372 2365 1541 2396 Nimirum
1566 2374 1586 2395 a

881 2415 1125 2447 Grammaticis
1148 2415 1299 2455 decepti,
1326 2415 1500 2455 regionum
1527 2423 1585 2445 no-

881 2466 1027 2497 minibus
1058 2466 1317 2507 praepositiones
1344 2475 1479 2506 semper
1505 2463 1584 2495 addi

881 2516 1006 2548 debere
1044 2520 1261 2548 censuerunt.
1326 2515 1439 2547 Julius
1477 2513 1585 2544 Obse-

882 2576 987 2608 quens
1010 2567 1052 2599 de
1078 2567 1216 2607 Prodig.
1244 2576 1274 2598 c.
1303 2568 1357 2598 63.
1381 2564 1582 2595 ‘Adversus

882 2617 1050 2650 Caesarem
1075 2617 1257 2657 Pompeius
1278 2613 1483 2647 Macedonia
1505 2621 1582 2643 cum

880 2665 1034 2698 invitatis
1064 2666 1224 2707 gentibus
1254 2665 1370 2696 amicis
1401 2664 1585 2693 instrueret

880 2716 1012 2758 aciem‚’
1039 2716 1098 2748 ubi
1115 2717 1242 2757 absque
1259 2723 1361 2746 causa
1376 2712 1508 2745 sontica
1531 2720 1584 2743 re-
