1818 3131
304 237 507 267 {An.v1h
539 224 833 265 υΑΡ.14.οκ
870 236 1022 266 nunno
1055 237 1283 267 GALLnn»

72 335 181 375 Bong.
210 345 261 376 pr.
290 334 385 365 Voss.
412 343 462 374 pr.
489 332 610 363 Petav.
639 331 764 362 Lovan·

75 387 215 428 aliisque
238 395 297 417 nex
313 390 348 416 et
366 384 450 415 Edd.
468 381 603 424 primis:
634 386 670 412 ut
686 392 714 412 c.
731 384 763 412 4.

74 439 83 454 ¹
100 438 176 468 Non
195 442 305 467 tamen
322 435 466 474 destitit,
491 438 592 474 atque
617 434 650 464 in
676 434 764 472 agris

73 487 176 519 lmbct
202 484 406 543 dilectumff'
431 484 486 515 ubi
512 483 602 523 vide,
626 489 660 516 et
685 485 763 515 alibi

73 539 206 578 saepius.
403 529 415 548 ⁸

114 590 132 618 3
161 586 354 624 Biturigum,
372 584 507 625 positum
530 584 561 615 in
586 585 636 616 riu
654 585 766 616 Not-io-

70 635 198 676 dunum]
221 634 328 667 Quale
344 635 505 675 oppidum
527 636 590 666 boc
615 636 657 666 sit
673 636 768 666 Rieu-

70 687 182 726 rigum,
205 686 390 726 ignoratur.
419 686 596 716 Novioduni
613 685 662 716 bis
676 695 766 717 men-

69 737 196 768 tionem
213 736 292 766 alibi
319 735 403 767 facit
425 736 552 776 Caesar,
573 737 710 767 alterins
732 737 766 767 in

69 785 303 818 suessionibus
315 795 354 816 11.
371 788 420 818 12.
438 785 576 818 alterius
590 787 623 817 in
637 786 766 827 AEduis,

71 837 165 877 cujus
180 836 279 867 situm
295 836 456 867 describit
480 837 544 868 hoc
561 836 647 869 libro
664 848 694 869 c.
711 842 764 869 55.

70 887 78 903 ‘
96 886 333 918 Noviodunum
368 891 442 918 erat
474 888 637 929 oppidum
662 888 765 920 AEdn-

70 946 165 968 orum
180 937 222 967 ad
239 937 329 978 ripas
342 937 472 978 Ligeris
486 944 676 980 opportuno
692 941 766 972 loco

72 987 239 1028 positum!
284 988 371 1019 Vide
400 989 501 1020 etiam
533 989 654 1021 Galliae
682 992 767 1022 noti·

71 1038 161 1070 tiam.
206 1038 321 1071 Quare
341 1039 395 1069 hic
413 1039 628 1071 Hotomanno
652 1041 766 1082 place-

69 1088 127 1119 bat
144 1088 283 1119 rescribi
300 1089 510 1129 Novidunum,
527 1091 648 1131 vicum,
665 1101 765 1132 quem

70 1137 244 1169 Aimoinus
309 1139 517 1180 Biturigibus
577 1142 764 1182 conjungit.

70 1188 278 1219 Nociodinmn
342 1188 452 1221 Celso.
528 1190 766 1222 Nohoiodunum

72 1238 166 1269 Leid.
183 1247 235 1279 pr.
280 1238 327 1270 At
344 1243 438 1270 recte
462 1249 497 1271 se
521 1240 626 1272 habet
650 1241 765 1274 Not-io-

69 1290 203 1321 dunum.-
224 1292 262 1320 ut
277 1293 312 1320 et
327 1299 359 1320 c.
376 1292 426 1320 14.
445 1290 660 1333 arbitrorque
675 1291 766 1323 idem

67 1347 140 1369 esse
165 1338 340 1379 oppidum,
372 1338 415 1371 de
444 1350 510 1381 quo
540 1342 654 1373 Caesar
679 1342 768 1373 infra

70 1388 227 1428 loquitur,
250 1388 352 1429 idque
372 1388 421 1420 ibi
444 1390 639 1430 rebellasse,
661 1396 695 1422 et
723 1392 765 1423 ab

70 1438 187 1469 incolis
201 1442 271 1469 tum
286 1439 458 1470 incensum
471 1449 544 1471 esse
556 1440 667 1472 docet.
686 1441 766 1472 Om-

69 1487 126 1518 nia
151 1488 240 1519 enim
260 1488 363 1520 verba
385 1489 570 1529 Biturigum
590 1491 721 1531 positum
733 1493 765 1523 in

71 1537 120 1568 ria
136 1537 226 1579 (quae
244 1539 335 1569 uncis
350 1539 486 1580 inclusi)
504 1541 554 1571 nti
570 1550 634 1572 uec
651 1542 766 1573 Novio-

69 1588 142 1619 duni
164 1597 285 1620 nomen
307 1595 495 1630 agnoscunt
515 1591 678 1631 Bongars.
702 1593 766 1625 Pe-

69 1643 137 1670 tav.
155 1639 280 1670 Lovan.
297 1640 463 1681 Vossiani‚
489 1641 652 1682 Egmoud.
682 1644 767 1675 Got-

71 1694 158 1730 torp.
177 1690 274 1721 Leid.
298 1701 366 1721 sec.
392 1692 523 1723 Duker.
539 1693 682 1724 Dorvill.
710 1703 765 1726 ne-

70 1749 136 1781 que
154 1741 240 1772 Edd.
259 1742 353 1773 Rom.
370 1743 456 1774 Ven.
472 1743 614 1775 Mediol.
648 1745 688 1776 Iu
705 1746 767 1777 Lo-

71 1799 146 1821 van.
176 1795 254 1822 tert.
283 1796 320 1821 et
345 1792 406 1824 Ed.
432 1793 571 1824 Incerta
594 1794 692 1826 adest
708 1805 765 1826 no·

69 1850 157 1880 men,
179 1841 237 1872 sed
253 1841 375 1872 desunt
393 1843 579 1882 Biturigum
598 1854 631 1883 μ.
652 1845 686 1874 in
700 1845 767 1875 via:

70 1900 143 1932 quae
162 1891 296 1922 omnino
313 1891 498 1923 resecanda
513 1892 641 1933 judico.
686 1894 766 1926 Non

69 1945 143 1972 erat
167 1941 328 1982 oppidum
352 1942 557 1983 Biturigum,
580 1943 641 1974 sed
663 1944 765 1976 AEdu-

69 2000 176 2031 orum,
206 1992 238 2022 in
266 1991 387 2022 finibus
415 1992 618 2034 Biturigum.
664 1995 765 2034 Nam,

67 2040 131 2072 hoc
145 2047 326 2082 occupato,
349 2042 427 2073 dein
451 2043 491 2074 ad
518 2044 690 2085 Biturigas
718 2047 765 2076 nl-

69 2091 171 2122 terius
188 2092 359 2132 profectns
376 2095 428 2123 est
439 2098 475 2124 et
489 2093 671 2125 Avaricum
688 2106 764 2136 cap.

68 2143 222 2182 sequenti
248 2143 432 2174 etiamnum
455 2144 488 2174 iu
504 2143 625 2175 finibus
641 2145 766 2177 Bituri-

69 2201 147 2232 gum
177 2192 408 2232 obpugnatum
436 2193 507 2224 ivit.
543 2194 596 2225 De
620 2195 765 2227 Avarico

70 2240 147 2271 vide
165 2241 216 2272 Cl.
231 2242 431 2282 Wesseiing.
448 2243 491 2273 ad
508 2243 631 2275 Anton.
646 2244 765 2277 Itiner.

71 2294 193 2331 p„fflu

100 2349 181 2371 xnr.
193 2344 220 2371 1.
231 2342 435 2383 Proeliumque
442 2349 539 2384 equesl
545 2355 576 2376 re
583 2348 719 2377 commiti
724 2347 764 2387 it]

70 2390 124 2422 Fr.
151 2390 387 2423 Hotonmnnns
415 2395 540 2426 mavult
568 2396 765 2437 proeliumque

69 2444 205 2480 equestre
220 2444 384 2482 committi,
399 2444 476 2484 quia
491 2445 606 2476 Caesar
618 2446 764 2477 nondum

70 2491 254 2532 pugnabat,
292 2498 329 2523 nt
359 2500 504 2534 apparet
534 2505 575 2526 ex
605 2506 644 2527 eo
675 2497 765 2538 quod

71 2540 258 2573 Germanos
282 2544 414 2584 equites
445 2551 564 2585 postea
590 2547 765 2578 submitte-

72 2594 135 2622 ret.
176 2592 242 2623 Sed
275 2594 336 2624 boc
360 2604 425 2625 nnn
448 2596 602 2637 impedit,
625 2608 691 2638 quo
708 2599 766 2629 mi-

71 2648 132 2670 nus
160 2642 297 2682 vulgata
327 2645 426 2675 lectio
470 2647 578 2685 possit
606 2646 763 2679 defendi:

72 2697 161 2728 nam,
175 2693 354 2732 cnmjussu
368 2695 512 2726 Caesaris
525 2698 680 2736 proelium
693 2704 766 2730 erat

74 2740 296 2781 commissum,
318 2743 401 2785 ipse,
426 2756 485 2786 pro
510 2748 639 2779 solenni
662 2750 764 2790 scrip-

74 2791 184 2820 10111111
212 2799 286 2831 usu,
310 2802 456 2834 pugnam
485 2795 600 2830 facere
627 2798 764 2830 dicitur.

156 2841 270 2883 Delph.
285 2847 316 2875 et
336 2846 410 2879 Var.
424 2849 524 2882 Cluss.

741 2853 767 2883 C
768 2862 847 2884 aesar

1400 228 1511 269 1201

817 330 871 360 Sic
899 331 989 370 apud
1016 331 1213 363 Sallustium
1233 332 1394 373 Jugurth.
1411 342 1442 364 c.
1460 336 1512 365 20.

815 381 823 396 ‘
841 381 1013 418 Jngnrtlia
1030 399 1111 404 ——-
1129 391 1242 412 omncs
1269 383 1414 423 puberes
1442 385 1513 415 Nu-

814 429 920 460 midas
936 437 1036 471 atquc
1055 433 1281 471 negotiatores
1300 434 1512 474 promiscue;

816 480 865 511 nti
883 481 1022 521 quisque
1037 483 1174 513 armatis
1191 482 1309 513 obvius
1323 483 1446 524 fuerat,
1467 484 1516 515 in·

816 528 974 569 terfccit‚'
999 531 1087 571 quod
1106 531 1192 561 idem
1215 533 1305 563 valet
1327 543 1365 564 ac
1381 533 1515 575 interfici

806 579 914 618 jussit.
960 580 1046 610 Vide
1064 586 1098 611 et
1115 581 1155 611 B.
1172 583 1214 613 G.
1246 591 1277 613 ν.
1296 586 1348 614 56.
1402 584 1513 616 Daris.

818 631 1031 661 Committitur
1046 635 1097 661 cst
1113 631 1146 661 in
1164 632 1257 662 Leid.
1283 642 1348 663 sec.
1364 634 1516 664 committi

809 680 880 721 jam
898 681 1080 712 ediderunt
1096 682 1195 712 vase.
1220 682 1285 713 Str.
1309 683 1427 723 steph.
1444 684 1515 714 alii-

817 741 892 772 que.
924 732 1050 763 Verum
1069 732 1239 763 Infinitivo
1256 743 1321 764 non
1338 744 1421 773 opus
1439 744 1513 765 esse

815 787 909 813 recte
933 787 1048 814 censet
1073 782 1244 824 Davisius,
1266 783 1429 824 hujusque
1457 794 1515 825 ge-

814 833 904 864 neris
920 833 1125 864 locutionem
1143 843 1233 874 saepe
1255 834 1297 865 ab
1318 834 1514 865 auctoribus

815 882 1001 914 adhibitam
1033 892 1119 923 esse,
1156 884 1270 915 multis
1307 885 1440 916 ostendi
1471 885 1515 916 ad

816 935 970 966 Frontin.
998 944 1037 966 11.
1061 940 1092 966 5.
1117 937 1133 977 ξ)
1156 940 1208 967 46.
1256 937 1343 968 Vide
1360 941 1395 968 et
1411 945 1515 978 supra

817 994 849 1016 v.
867 988 917 1017 11.
937 986 988 1017 Cl.
1005 986 1122 1017 Burm.
1141 987 1182 1017 ad
1199 986 1292 1018 Suet.
1310 987 1395 1018 Caes.
1412 996 1442 1018 c.
1460 990 1490 1017 1.

859 1039 878 1067 8
894 1037 1131 1077 Perduxerune]
1145 1037 1266 1068 Placet
1280 1037 1384 1077 magis
1398 1048 1406 1076 ;
1425 1035 1515 1077 qnod

815 1085 986 1117 invenitur
1010 1087 1043 1117 iu
1071 1086 1205 1118 Carrar.
1226 1087 1350 1127 Scalig.
1365 1091 1400 1117 et
1418 1086 1514 1117 Leid.

815 1146 882 1167 sec.
905 1137 1130 1177 produxerunt,
1165 1137 1295 1168 scilicet
1326 1147 1344 1168 e
1375 1136 1516 1169 latebris

815 1191 1008 1227 protractos
1035 1187 1076 1217 ad
1115 1187 1283 1218 Caesarem
1311 1187 1448 1227 publico
1479 1186 1516 1218 in

815 1243 1000 1278 conspectu
1029 1237 1253 1269 deduxerunt.
1278 1247 1307 1268 c.
1324 1241 1376 1268 50.
1412 1237 1518 1269 ‘Pro-

815 1287 987 1319 ducuntur
1002 1287 1047 1319 ii.’
1071 1297 1102 1319 c.
1120 1290 1173 1318 89.
1199 1287 1322 1328 ‘jubet
1338 1297 1431 1318 arma
1447 1292 1516 1318 tra·

815 1338 862 1378 di,
884 1337 1052 1378 principes
1069 1337 1238 1378 produci:'
1263 1338 1309 1368 ‘ii
1326 1337 1515 1378 producun-

815 1387 881 1418 tur’
913 1392 948 1418 et
969 1388 1104 1428 passim.
1125 1396 1206 1418 vm.
1223 1390 1276 1418 38.
1311 1389 1319 1405 ‘
1335 1387 1376 1418 In
1402 1393 1515 1420 castra

816 1438 1046 1478 producitnrz'
1068 1442 1106 1469 ut
1123 1438 1204 1469 Mss.
1223 1438 1370 1479 quidam.
1402 1438 1515 1478 Vulgo

815 1489 916 1520 eliam
929 1490 1016 1529 perd.
1034 1489 1076 1519 B.
1094 1488 1131 1519 C.
1150 1497 1174 1519 ι.
1192 1491 1243 1519 23.
1268 1489 1277 1505 ‘
1295 1487 1351 1519 Ad
1375 1497 1410 1519 se
1440 1497 1516 1528 pro·

816 1539 895 1570 duci
917 1538 1038 1579 jubet.’
1070 1539 1109 1570 B.
1127 1540 1165 1571 C.
1182 1548 1235 1570 111.
1252 1542 1306 1570 28.
1339 1539 1347 1556 ‘
1366 1538 1420 1570 Ad
1437 1548 1515 1570 enm

816 1588 997 1630 producti!
1038 1590 1094 1621 Sic
1109 1590 1196 1621 enim
1214 1591 1295 1621 Mss.
1333 1589 1434 1621 Adde
1457 1598 1515 1622 111.

816 1643 868 1671 71.
915 1640 958 1671 V.
987 1640 1090 1671 etiam
1129 1641 1170 1671 ad
1199 1641 1323 1671 Lucan.
1351 1649 1407 1672 111.
1438 1643 1514 1672 105.

817 1692 963 1723 Consule
981 1696 1093 1722 tamen
1111 1692 1163 1723 cl.
1182 1691 1361 1722 Drakenb.
1380 1690 1422 1721 ad
1438 1691 1515 1724 Liv.

816 1750 850 1771 v.
872 1744 923 1773 15.
950 1742 966 1781 ξ
992 1745 1023 1772 8.
1060 1744 1068 1759 ⁶
1086 1741 1141 1773 Ad
1167 1742 1413 1783 Imperatorem
1436 1751 1515 1783 per-

816 1793 963 1824 ductus.’

858 1852 933 1874 xiv.
949 1847 970 1874 6
997 1844 1087 1878 Quod
1101 1853 1148 1883 eq.
1162 1843 1232 1882 θα]
1260 1844 1368 1884 Bong.
1386 1853 1434 1884 pr.
1450 1843 1514 1875 Lo-

815 1903 888 1924 van.
902 1893 1068 1933 Egmund.
1081 1898 1117 1924 et
1132 1902 1190 1923 sex
1202 1893 1258 1923 alii
1273 1903 1348 1924 cum
1362 1892 1426 1924 Ed.
1437 1894 1513 1925 Ine.

816 1946 849 1973 ut
865 1953 909 1983 eq.
926 1943 1013 1974 Edd.
1031 1944 1129 1974 Rom.
1146 1943 1231 1974 Ven.
1248 1943 1389 1975 Mediol.
1411 1947 1514 1985 alque.

814 1994 961 2025 Videtur
985 1995 1099 2025 Caesar
1122 1994 1294 2034 scripsisse
1319 1997 1350 2025 et
1372 1996 1451 2034 quod
1466 2005 1514 2035 eq.

814 2044 874 2083 ipsi
901 2044 951 2074 ab.
975 2047 1006 2074 et
1031 2044 1120 2084 quod,
1146 2046 1208 2075 ἃς.
1230 2043 1280 2074 uti
1303 2044 1384 2075 alibi
1399 2044 1515 2086 saepis-

815 2093 909 2124 sime.

857 2147 877 2174 9
900 2145 1010 2176 Deleri
1022 2144 1124 2185 posse]
1158 2146 1225 2177 Ms.
1243 2145 1331 2186 Reg.
1359 2149 1396 2176 et
1419 2145 1513 2179 Edit.

816 2196 912 2226 Rom.
941 2195 1043 2235 diripi
1069 2205 1168 2236 posse.
1219 2196 1302 2227 Mss.
1327 2195 1452 2228 Eliens.
1477 2200 1516 2228 et

813 2246 937 2285 Vossii‚
960 2252 1119 2285 corrupte
1143 2245 1238 2286 diligi
1257 2256 1358 2286 posse.
1406 2247 1515 2280 Clark.

814 2296 922 2327 Deleri
938 2306 1005 2327 non
1022 2297 1109 2327 male
1131 2295 1265 2335 quiden]
1282 2301 1419 2328 servant
1435 2297 1514 2337 Cuj.

814 2345 935 2376 Petav.
954 2346 1081 2377 Audin.
1106 2347 1218 2377 Oxou.
1241 2346 1330 2378 Scal.
1358 2352 1393 2378 et
1415 2347 1514 2378 Leid.

815 2397 912 2436 prim.
929 2396 1009 2437 (nisi
1025 2397 1112 2437 qnod
1130 2397 1156 2427 is
1173 2397 1295 2428 habeat
1307 2396 1421 2438 delere)
1437 2407 1515 2429 cum

815 2446 902 2477 Edd.
918 2448 1053 2478 veneta
1070 2450 1165 2478 1517.
1193 2447 1286 2486 Aldi‚
1311 2448 1445 2488 Gryph.
1462 2457 1514 2488 pr.

816 2503 851 2529 et
881 2498 994 2530 Plant.
1021 2500 1171 2540 aliisque.
1217 2500 1305 2531 Vide
1331 2500 1452 2531 Heius.
1478 2503 1515 2530 et

815 2548 992 2580 Drakenb.
1020 2549 1062 2580 ad
1083 2550 1202 2580 Silium
1226 2558 1277 2581 1x.
1295 2552 1348 2581 39.
1371 2549 1382 2565 ‘
1397 2548 1514 2580 stratis

816 2597 930 2629 deleto
946 2599 1053 2630 milite
1071 2601 1221 2640 campis.‘
1244 2601 1285 2631 B.
1304 2600 1402 2631 Alex.
1418 2609 1448 2630 c.
1460 2601 1516 2631 2⁷.

815 2648 823 2663 ‘
840 2647 992 2680 funditus
1021 2650 1127 2682 deleti
1154 2650 1294 2681 fuissent
1309 2651 1328 2680 ι’
1366 2650 1444 2680 item
1470 2649 1515 2681 B.

816 2697 923 2730 Afric.
948 2709 979 2730 c-
1003 2703 1055 2732 52.
1101 2701 1147 2732 At
1166 2701 1252 2732 Edd.
1271 2700 1399 2739 primae,
1424 2704 1461 2729 ut
1477 2702 1514 2730 et

815 2749 916 2780 Vasc.
939 2751 1006 2782 Str.
1032 2752 1150 2793 Steph.
1174 2758 1208 2782 et
1233 2752 1307 2781 aliae
1329 2760 1404 2781 cum
1426 2750 1513 2781 Mss.

816 2804 962 2840 quatuor
987 2803 1095 2844 diripi.
1149 2802 1263 2842 Dz'rigi
1275 2801 1386 2834 Ortel.
1416 2799 1513 2832 Leid.

1350 2856 1371 2885 4
1394 2853 1428 2885 G
