1818 3131
443 196 536 228 mn.
570 197 600 227 ι.
633 185 801 227 mina,
836 197 896 226 nn
932 198 1084 228 nunno
1116 198 1285 227 civim.

136 298 237 329 quam
274 292 434 320 nostrum.
497 289 659 321 Eumdem
698 291 834 320 consule

138 338 219 370 ibid.
250 340 291 370 ad
321 349 367 370 ιν.
399 343 431 370 9.
458 344 493 370 ot
520 340 590 371 Nos
613 339 654 370 ad
673 339 834 370 13.G.1v.

137 392 188 421 17.
216 398 249 421 v.
277 393 330 420 36.
375 390 383 406 ‘
418 391 503 422 Quae
534 389 576 419 de
605 398 640 419 re
667 389 835 419 communi

134 438 249 470 dicere
266 440 405 477 vellent,
431 438 552 479 quibus
580 437 678 468 rebus
703 443 834 469 coutro-

133 489 258 519 versias
275 489 377 519 minui
401 487 603 528 sperarent.’
646 487 741 519 Infra
757 498 785 519 c.
802 491 833 518 8.

134 540 142 554 ‘
171 538 297 568 Eadem
339 537 411 568 fere
456 542 557 578 atque
591 538 716 569 eisdem
747 538 837 569 rebus

133 587 236 628 agit:'
263 588 318 618 ubi
344 588 400 618 alii
424 589 540 627 diebus,
558 589 614 620 alii
637 589 737 619 rerbis
760 589 834 619 sub-

132 641 273 677 ponunt.
324 638 459 678 Apulei.
489 640 511 669 1.
540 647 574 670 x.
607 649 640 679 p.
665 642 738 669 215.
769 639 833 670 Ed.

133 688 225 720 Pric.
257 690 266 706 ‘
283 689 416 722 Quibus
429 690 541 720 verbis
553 695 728 721 accusator
743 700 834 721 urse-

131 740 198 772 rit'
237 742 303 782 (sic
336 741 423 773 bene
452 742 514 774 Ed.
546 741 650 782 Elm.)
678 742 687 758 ‘
711 741 832 782 quibus

130 789 218 820 rebus
255 790 394 822 diluerit
422 791 526 823 reus:'
566 791 621 822 ubi
660 790 832 822 rationibus

129 838 255 870 frustra
283 840 440 871 substitui
478 852 497 871 a
533 841 734 881 stewechio,
759 842 831 882 jam

128 891 259 921 monuit
272 890 409 931 Sciopp.
428 892 538 922 Veris·
556 892 577 922 l.
595 900 618 922 1.
637 893 700 931 Ep.
716 895 748 922 4.

171 943 209 971 17
238 941 367 972 Terrore
379 942 539 982 proesentis
558 941 730 981 exercitus]
764 942 831 972 Vo-

131 998 204 1020 cem
216 992 379 1030 proesentis
392 997 485 1023 recte
500 992 734 1031 praetermittit
748 992 829 1023 Lov.

133 1040 250 1071 Duris.
278 1051 348 1072 cur.
363 1051 433 1072 sec.

176 1091 215 1118 21
242 1090 424 1131 Inter-cedit]
450 1090 609 1131 Impedit,
632 1100 675 1121 ne
701 1091 765 1121 hac
788 1091 830 1121 de

129 1148 165 1169 re
178 1137 237 1169 fiat
249 1139 608 1178 Senatusconsultum;
627 1145 724 1171 tanta
741 1141 828 1171 enim

129 1187 195 1219 fuit
214 1189 439 1220 Tribunorum
469 1194 634 1231 potestas.
689 1190 830 1221 Liviana

130 1238 223 1278 Epit.
247 1247 319 1270 crx.
343 1239 352 1255 ‘
370 1240 418 1270 M.
445 1239 609 1278 Antonio,
633 1240 676 1272 Q.
696 1239 827 1276 Cassio,

125 1288 240 1319 Tribb.
266 1289 386 1329 plebis,
403 1290 562 1331 quoniam
579 1290 828 1321 intercessioni-

127 1338 191 1369 bus
232 1339 266 1369 id
307 1340 644 1370 Senatusconsultnm
669 1338 829 1378 impedie-

126 1387 222 1428 bant,
246 1388 328 1419 urbe
359 1389 488 1429 pulsis.’
532 1388 599 1419 Adi
620 1394 655 1420 et
680 1389 826 1420 Diouem

126 1437 147 1468 l.
167 1446 238 1469 xm.
269 1448 302 1478 p.
322 1441 392 1469 153.
450 1438 526 1469 Hoc
554 1448 629 1469 cum
661 1439 825 1478 eveniret,

126 1488 305 1528 sententia,
331 1498 430 1529 quam
458 1489 607 1518 tulerant
629 1488 825 1527 Senatores,

123 1539 294 1568 auctoritas
320 1537 452 1569 Senatus
473 1538 611 1578 proprie
627 1538 824 1569 vocabatur.

124 1587 212 1618 Vide
245 1588 347 1620 Joan.
377 1588 510 1618 Sarium
542 1587 751 1618 Zamoscium
782 1588 824 1619 de

124 1637 204 1668 Sen.
233 1637 331 1668 Rom.
359 1646 398 1669 11.
432 1641 482 1668 ll.
507 1642 543 1669 et
568 1638 670 1668 Barn.
694 1638 824 1669 Brisso-

123 1687 215 1718 nium
233 1687 276 1718 de
294 1689 406 1718 Form.
434 1688 456 1718 l.
476 1697 517 1719 11.
534 1698 567 1728 p.
589 1691 662 1718 192.
712 1688 823 1719 Daris.

124 1737 334 1768 Intercedunt.
361 1737 504 1769 Codices
533 1739 699 1778 plerique,
724 1739 824 1769 Inter-

123 1788 214 1818 cedit.
261 1787 362 1820 Quod
380 1792 491 1818 tamen
506 1788 613 1819 minus
629 1788 764 1828 elegans
778 1788 823 1819 vi-

124 1837 235 1868 detur.
284 1838 391 1868 Clark.
456 1837 495 1868 In
529 1837 657 1868 Plurali
687 1837 823 1878 quidem

123 1886 306 1918 ediderunt
341 1896 474 1928 quoque
510 1887 649 1918 Vascos.
688 1887 823 1928 Strada,

123 1937 239 1978 steph.
265 1941 300 1968 et
325 1937 458 1977 Gryph.
481 1942 568 1977 post.
613 1937 679 1968 Sed
703 1943 823 1969 contra

123 1987 235 2018 Mstos
266 1988 400 2018 omnino
421 1997 546 2026 omnes,
578 1988 669 2029 quod
697 1996 822 2029 nequa-

123 2048 222 2079 quam
239 2039 362 2070 mutari
389 2038 513 2076 debet3
540 2038 623 2069 licet
649 2038 738 2068 aliud
765 2038 822 2069 do-

122 2093 198 2119 ceat
223 2089 530 2119 Grammaticorum
562 2088 689 2128 regula.
734 2087 821 2119 Vide

123 2138 166 2168 ad
186 2139 223 2169 Β.
240 2138 283 2169 G.
300 2147 348 2168 ιν.
366 2141 416 2168 17.
444 2138 452 2154 ‘
472 2137 649 2178 Principes
673 2148 711 2168 ac
728 2147 821 2168 sena-

123 2192 175 2218 tus
192 2186 353 2226 fecisset,'
375 2192 410 2217 et
425 2187 562 2227 passim.
608 2187 708 2219 Adde
725 2188 820 2219 cort.

120 2236 163 2267 ad
188 2237 323 2268 Sallust.
350 2238 390 2268 B.
411 2238 512 2269 Catil.
538 2247 569 2269 e.
590 2240 644 2269 47.
675 2239 710 2269 in
741 2238 818 2269 fine.

123 2288 215 2319 Hinc
237 2292 345 2328 patet,
377 2287 616 2319 emendatione
640 2298 706 2320 non
737 2298 820 2329 opus

122 2347 196 2369 esse
223 2338 311 2378 apud
330 2339 456 2369 Lucan.
485 2338 506 2368 l.
527 2347 576 2368 lv.
607 2339 679 2370 init.
713 2339 820 2371 ‘Jure

123 2388 197 2429 pari
222 2393 334 2419 rector
361 2388 482 2418 castris
499 2387 659 2419 Afranius
682 2389 747 2420 illis
767 2389 819 2420 Ac

122 2438 279 2469 Petreius
304 2443 379 2469 erat
396 2437 416 2468 :'
455 2438 513 2469 ubi
543 2439 739 2470 Markland.
775 2440 818 2470 ad

121 2487 210 2519 Stat.
239 2487 320 2519 Silv.
352 2497 392 2519 11.
421 2491 453 2518 2.
479 2491 533 2519 60.
562 2489 716 2529 reponit:
750 2490 819 2520 ‘Et

123 2537 219 2568 Petr.
247 2538 365 2569 erant.'
401 2539 442 2569 B.
460 2538 530 2570 Civ.
559 2548 613 2570 ιιι.
636 2542 667 2570 7.
706 2542 715 2556 ⁴
736 2541 819 2570 Erat

123 2586 219 2617 Orici
237 2587 386 2628 Vespillo
402 2594 438 2619 et
456 2588 561 2619 Rufus
578 2599 654 2620 cum
669 2589 820 2629 navibus,

122 2636 244 2677 quibus
266 2638 463 2678 praeerant?
500 2639 556 2670 ubi
576 2639 731 2670 Clarkius
753 2649 820 2670 ma-

81 2718 84 2719 .
122 2685 196 2716 vult
211 2686 324 2718 Erant.
368 2689 495 2720 Contra
511 2689 567 2719 ubi
591 2690 706 2730 plures
721 2690 821 2720 Codi-

124 2743 182 2766 ces
206 2741 343 2769 servant
368 2739 550 2780 pluralem,
582 2739 686 2771 nolim
715 2740 820 2771 incul-

1478 187 1590 232 1335

885 300 964 321 care
982 293 1186 332 singularem
1209 301 1395 323 numerum.
1441 291 1508 322 Adi
1533 293 1585 325 Cl.

887 341 997 371 Drak.
1016 343 1057 372 ad
1078 344 1252 374 Liv.1.3i.

929 394 1014 420 ιιι.1
1044 392 1155 422 Omnes
1184 393 1236 432 qui
1259 393 1327 422 sunt
1360 391 1424 429 agius
1450 392 1584 433 ordinis]

890 438 997 470 Putat
1015 441 1248 471 llotomaunus·
1281 452 1341 482 per
1357 441 1509 472 ordinem
1531 442 1585 473 hic

885 499 950 519 non
980 497 1131 522 senatum
1167 492 1292 530 notari,
1332 493 1390 523 sed
1432 492 1584 525 inimicos

885 539 1054 570 Caesaris:
1093 545 1141 579 ut,
1175 550 1277 571 omnes
1304 542 1437 579 (juulem
1467 542 1587 573 ordinis

884 588 972 619 idem
991 589 1049 628 sit,
1074 598 1112 620 ac
1132 590 1156 620 si
1174 590 1317 622 dixisset
1335 592 1461 630 Car-sar,
1485 602 1586 623 omnes

883 639 934 678 qui
947 640 1071 669 eandem
1086 641 1268 671 sententium
1285 641 1446 680 habebunt,
1463 643 1515 673 vel
1533 644 1585 682 qui

882 691 1044 720 earundem
1056 693 1145 720 erant
1157 693 1308 730 partium.
1345 692 1411 722 Sed
1430 693 1531 723 nolim
1549 691 1583 723 id

882 739 931 770 ita
945 740 1123 780 accipere:
1149 745 1233 780 puto
1250 740 1393 781 intelligi
1418 751 1479 781 per
1497 742 1584 773 ordi-

881 799 958 821 nem
984 791 1176 822 universum
1203 796 1369 830 senatum,
1398 802 1496 833 quem
1524 792 1585 823 fal-

882 850 954 871 sum
972 845 1024 871 est
1041 839 1143 872 fuisse
1161 851 1267 882 prope
1291 842 1460 873 hominum
1477 843 1582 882 mille,

882 890 972 930 quod
1010 890 1153 930 putabat
1194 891 1451 930 Hotomannus3
1507 902 1585 923 nam

883 940 997 971 Caesar
1024 940 1175 973 dictator
1197 941 1245 973 ita
1269 951 1445 973 numerum
1473 943 1584 981 auxit5

882 995 982 1021 antea
998 991 1112 1031 plures
1136 991 1307 1032 aliquanto
1324 992 1583 1033 quadringentis

882 1044 989 1079 erant,
1014 1045 1051 1071 ut
1068 1040 1200 1071 discere
1225 1046 1276 1072 est
1302 1051 1344 1073 ex
1368 1042 1512 1083 epistola
1528 1042 1581 1074 Ci-

881 1090 1014 1119 ceronis
1043 1089 1085 1119 ad
1116 1090 1282 1129 Atticum,
1317 1101 1416 1132 quam
1443 1091 1583 1132 scripsit

881 1149 966 1170 coss.
986 1139 1148 1170 Messalla
1175 1145 1208 1171 et
1236 1140 1374 1177 Pisone,
1400 1141 1470 1171 sive
1495 1150 1582 1172 anno

880 1188 973 1220 urbis
989 1196 1123 1221 Dcxctr,
1150 1190 1207 1220 ubi
1233 1190 1301 1220 ait:
1333 1191 1342 1207 ‘
1357 1190 1521 1222 Homines
1539 1191 1581 1222 ad

880 1247 928 1269 xv
946 1238 1085 1270 Curioni
1105 1239 1232 1270 nullum
1250 1249 1277 1270 s.
1297 1249 1325 1270 c.
1350 1238 1504 1279 facienti,
1533 1250 1583 1271 as-

879 1295 1069 1328 senserunt,
1082 1288 1181 1320 facile
1199 1298 1240 1319 ex
1258 1289 1367 1319 altera
1384 1294 1482 1329 parte
1498 1299 1581 1321 cccc

878 1337 1069 1371 affuerunt!
1122 1339 1234 1370 Etiam
1265 1339 1356 1379 apud
1383 1339 1582 1380 Appianum

878 1389 899 1419 l.
917 1398 956 1419 ιι.
983 1389 1025 1419 de
1042 1389 1131 1419 bello
1148 1389 1249 1420 Civili
1273 1390 1315 1420 de
1339 1388 1409 1421 fere
1424 1391 1581 1430 quadrin-

877 1439 987 1478 gentis
1009 1439 1150 1479 legimus
1181 1449 1212 1479 p.
1228 1442 1302 1471 446.
1340 1439 1581 1480 Ἐπανερομένου

877 1487 910 1518 δὲ
935 1489 991 1518 τοῦ
1018 1488 1195 1528 Κουρίωνος,
1230 1488 1255 1519 εἷ
1280 1489 1469 1530 ἀμφοτέρους
1499 1493 1582 1522 δοκεῖ

876 1539 916 1569 τὰ
947 1539 979 1569 ἐν
1006 1539 1114 1579 χερσὶν
1143 1539 1321 1580 ἀποθέσθαι,
1356 1540 1407 1571 δύο
1439 1540 1494 1579 μὲν
1530 1541 1581 1572 καὶ

875 1589 990 1620 εἴκοσιν
1011 1589 1154 1628 ἀνδράσιν
1169 1589 1333 1630 ἀπήρεσκε,
1356 1590 1522 1631 τριακόσιοι
1547 1592 1580 1623 δὲ

874 1639 923 1670 καὶ
952 1639 1163 1678 ἑβδομήκοντα
1201 1641 1231 1672 ἐς
1263 1641 1299 1670 τὸ
1333 1641 1487 1682 συμφέρον
1519 1642 1580 1673 ἀπὸ

873 1692 929 1727 τῆς
941 1689 1035 1730 ἔριδος
1049 1691 1099 1721 ἐπὶ
1116 1691 1174 1728 τὴν
1193 1693 1248 1722 τοῦ
1263 1691 1430 1732 Κουρίωνος
1447 1693 1575 1732 γνώμην

874 1739 1062 1771 ἀπέκλιναν;
1087 1741 1120 1771 id
1138 1747 1202 1781 est,
1228 1743 1269 1773 Et
1287 1753 1354 1773 cum
1371 1744 1468 1774 denuo
1484 1754 1576 1783 roga-

874 1794 919 1821 ret
938 1792 1045 1829 Curio,
1068 1795 1171 1823 utrum
1180 1792 1325 1831 juberent
1352 1794 1458 1824 ambos
1478 1797 1578 1834 potes-

874 1845 972 1873 tatem
986 1843 1145 1882 deponere,
1167 1843 1283 1874 duobus
1309 1847 1338 1874 et
1364 1853 1413 1875 xx
1438 1845 1493 1876 hoc
1516 1845 1577 1875 dis-

870 1892 994 1933 plicuit,
1016 1893 1144 1923 trecenti
1162 1901 1249 1931 Lxx,
1265 1893 1300 1923 ob
1319 1894 1487 1925 utilitatem
1503 1895 1579 1935 pub-

874 1942 964 1973 licum
980 1942 1100 1972 omissis
1114 1942 1206 1982 rixis,
1228 1943 1261 1973 in
1291 1944 1438 1974 Curionis
1460 1948 1580 1975 senteu-

872 1993 950 2023 tiam
965 1993 1187 2023 transiverant.
1230 1993 1328 2023 Unde
1347 1994 1454 2034 liquet
1471 1995 1577 2035 Sylla·

874 2052 952 2072 num
973 2047 1127 2072 senatum
1149 2042 1262 2082 plures
1281 2043 1456 2084 aliquanto
1475 2054 1576 2085 quam

873 2091 1136 2134 quadringentos
1188 2092 1338 2123 homines
1408 2094 1575 2126 habuisse.

878 2141 1011 2172 Vossius,

913 2195 933 2222 2
956 2191 1082 2222 Laudat
1104 2195 1270 2232 promptos,
1295 2196 1386 2233 alque
1413 2194 1447 2225 in
1472 2198 1576 2235 poste-

871 2253 940 2274 rum
954 2242 1130 2284 confirmat]
1178 2243 1261 2273 Msti
1290 2254 1406 2275 omues
1430 2250 1467 2275 et
1489 2250 1574 2276 vett.

871 2293 942 2324 cusi
965 2293 1088 2324 Laudat
1112 2294 1287 2333 Pompeius,
1309 2298 1402 2335 atque
1421 2296 1454 2325 in
1474 2299 1576 2336 poste-

870 2353 938 2374 rum
953 2343 1126 2385 coufirmat,
1149 2344 1238 2374 unde
1263 2345 1445 2376 lectionem
1471 2346 1574 2386 vulgo

871 2398 1043 2434 receptam
1071 2394 1205 2424 extudit
1233 2394 1357 2426 Octav.
1404 2395 1572 2437 Pantaga-

871 2444 959 2483 thus,
992 2444 1091 2474 aliter
1125 2443 1214 2474 enim
1252 2445 1349 2476 deest
1379 2456 1458 2484 vox,
1494 2456 1570 2486 quae

867 2494 1059 2533 segnioribus
1083 2499 1284 2535 opponatur.
1329 2496 1418 2526 Vide
1444 2501 1569 2533 tamen,

869 2554 912 2575 an
942 2545 1045 2575 scribi
1082 2550 1197 2585 posset
1227 2546 1350 2576 Laudat
1389 2545 1576 2585 Pompeius.-

870 2604 965 2625 acres
993 2595 1025 2625 in
1055 2599 1211 2635 posterum
1238 2596 1413 2637 confirmat,
1448 2597 1500 2635 ᾅτ.
1532 2601 1571 2626 ut

869 2645 1039 2675 sententia
1063 2646 1119 2684 sit,
1147 2646 1347 2686 Pompeium
1371 2646 1468 2676 initio
1496 2646 1570 2676 uni-

870 2703 982 2725 versos
1009 2695 1179 2733 laudasse,
1213 2695 1293 2735 quia
1320 2704 1434 2725 omnes
1470 2700 1569 2726 eraut

867 2743 1002 2776 inimico
1033 2745 1066 2776 in
1109 2746 1278 2777 Caesarem
1308 2745 1439 2782 animo3
1489 2744 1567 2776 dein
