1818 3131
352 226 444 255 mu.
478 224 521 253 v.
552 210 748 251 CAPAQ.
784 221 845 249 ne
881 221 1034 250 nunno
1065 219 1293 249 Gannico.

98 320 178 353 Pet.
195 318 403 352 ciacconius.
447 315 494 348 At
506 324 571 347 nou
586 318 639 345 est
656 313 794 344 audien-

99 370 173 401 dus.
194 369 374 400 Eumenius
388 368 514 406 Paneg.
527 373 575 396 ιν.
593 367 620 395 l.
637 367 667 394 5.
683 364 794 395 ‘Jam-

99 420 228 461 pridcm
258 417 569 450 mihi—divinarum
608 414 714 454 patris
747 413 794 444 tui

98 471 226 501 aurium
244 468 355 499 aditus
371 465 545 498 evenerit!
592 465 659 496 Sed
675 469 711 496 et
725 474 797 495 nos-

100 526 152 551 ter
166 521 206 550 B.
224 519 260 550 C.
272 527 295 549 ι.
307 519 357 548 7-1.
374 518 384 534 4
396 516 522 547 aditum
532 514 796 546 commendatio-

99 570 162 600 nis'
176 568 273 599 dixit.
291 568 403 598 Dubis.
433 566 488 597 lta
498 565 590 605 alibi,
605 567 614 582 4
625 564 719 595 fandi
729 564 799 595 adi-

103 618 180 657 tus,'
206 619 215 635 4
228 616 448 649 conveniendi
460 616 592 656 aditus,’
606 617 615 632 4
627 616 798 656 postulan-

99 668 132 700 di
148 666 285 705 aditus,'
308 670 373 699 διε.
417 668 458 698 Β.
483 667 520 698 C.
538 675 559 698 ι.
575 669 630 696 74.
644 668 653 683 4
669 665 798 696 aditum

99 717 422 750 commendationis!
480 716 644 747 ‘Aditum
674 725 799 746 ¹sermo-

99 767 254 810 nemque’
271 768 385 809 jungit
402 769 442 799 B.
460 767 504 798 G.
522 776 569 798 vi.
587 770 638 798 13.
661 767 670 783 4
689 766 798 797 aditus

104 817 145 848 ad
162 817 316 849 conanda
337 820 385 848 ea'
414 818 454 848 B.
479 817 552 848 Civ.
571 825 593 848 ¹.
610 819 660 847 31.

144 872 161 899 7
187 868 397 907 Ambiorigem
412 869 568 898 ostentant
588 866 744 904 facienda·
755 866 800 907 fi-

101 919 150 950 dei
166 918 286 958 caussa]
318 918 485 949 Nimirum
502 922 540 949 ut
564 917 721 948 crederet
747 917 801 948 Ci-

102 978 195 1007 cero,
211 978 344 999 omnem
359 968 504 1000 Galliam
529 969 563 999 in
590 969 691 999 armis
716 977 801 1006 esse,

103 1018 236 1060 quando
265 1018 397 1049 videret
419 1018 578 1049 humilem
607 1018 802 1049 Eburonum

104 1069 278 1100 civitatem
306 1077 400 1099 arina
428 1077 554 1108 capere
587 1077 723 1105 ausam;
754 1067 803 1107 ip-

106 1127 244 1161 sumque
262 1117 505 1159 Ambiorigem,
528 1122 709 1158 tantopere
733 1117 805 1149 Cae·

106 1169 172 1200 sari
209 1169 418 1208 devinctum,
465 1169 601 1200 hostilia
638 1168 805 1199 sumsisse.

107 1219 176 1251 Aut
193 1223 229 1250 ut
245 1219 464 1251 ostenderent
481 1220 647 1250 interiisse
669 1220 805 1251 Cottam

106 1276 143 1302 et
178 1270 339 1302 Sabinum
357 1281 364 1301 :
404 1270 495 1311 quod
530 1270 711 1301 verisimile
741 1278 806 1300 non

105 1319 294 1359 videretur,
311 1320 499 1359 Eburones,
523 1329 663 1361 quorum
680 1319 808 1350 iwditi-

107 1379 171 1401 one
184 1369 259 1401 duae
276 1369 425 1410 legiones
441 1369 648 1408 hiemabant,
671 1377 808 1400 ausuros

110 1421 176 1451 alia
189 1420 330 1451 hiberna
343 1419 495 1460 aggredi,
521 1420 716 1461 priusquam
733 1419 809 1451 Cot-

110 1477 179 1502 tam
203 1476 238 1502 et
260 1470 419 1502 Sabinum
437 1480 475 1502 ac
492 1471 641 1511 legiones
669 1470 810 1501 delevis-

109 1526 197 1553 sent.
243 1522 332 1553 Nam
349 1531 485 1562 prorsus
508 1520 576 1552 falli
594 1520 810 1552 Ciacconium

114 1579 210 1615 puto,
239 1573 296 1614 qui
326 1573 493 1613 Arpinium
522 1572 671 1613 legebat.
717 1572 810 1602 Prae-

113 1623 230 1654 sertim
255 1632 331 1654 cum
357 1623 438 1654 nihil
464 1622 507 1653 de
532 1627 633 1663 capto
669 1621 812 1662 Arpinio

116 1680 173 1705 aut
188 1674 369 1715 Carpineio
382 1675 496 1705 Caesar
511 1673 648 1704 dixerit.
678 1673 810 1704 Vossius.

158 1730 195 1758 15
234 1725 396 1766 Accipere]
434 1725 491 1756 Sic
531 1725 613 1756 Mss.
655 1730 691 1755 et
724 1723 812 1755 Edd.

119 1777 215 1808 Vett.
239 1778 392 1817 Scaliger
407 1780 443 1807 et
459 1776 692 1813 Recentiores,
718 1775 814 1804 ullam

115 1827 264 1868 accipere.
296 1826 403 1856 Clark.
447 1825 599 1865 Scaliger
628 1833 696 1855 non
720 1823 814 1854 addi-

115 1878 166 1909 dit
181 1878 306 1918 primus
321 1876 359 1907 τὸ
382 1877 486 1908 ullam.
533 1877 621 1907 Nam
647 1876 731 1906 lianc
758 1884 813 1905 vo-

115 1929 226 1960 culam
259 1928 331 1968 jam
372 1930 561 1967 agnoscunt
598 1925 687 1957 Edd.
729 1926 813 1957 Ven.

117 1982 210 2011 1517,
254 1979 331 2010 Bas.
358 1978 457 2009 Vasc.
485 1976 563 2008 Ald.
596 1982 632 2008 et
659 1986 751 2018 seqq.
778 1981 815 2007 et

116 2035 290 2070 comparet
314 2029 348 2059 in
375 2029 491 2069 Cujac.
507 2028 595 2059 scal.
613 2026 702 2058 And.
718 2026 814 2058 Leid.

119 2089 169 2120 pr.
184 2084 221 2110 et
245 2079 357 2110 Oxon.
382 2078 498 2109 Ceteri
522 2082 558 2109 et
583 2077 671 2109 Edd.
699 2076 815 2118 primae

122 2137 189 2160 non
204 2128 342 2167 habent,
359 2133 394 2159 at
412 2128 582 2168 Metaphr.
607 2126 687 2158 τινά.

122 2205 126 2207 ,
168 2180 207 2209 17
231 2177 272 2209 Se
291 2178 429 2218 sperare]
451 2177 492 2208 Se
508 2177 605 2208 deest
620 2177 654 2207 in
673 2177 758 2208 Mss.
783 2180 820 2208 et

123 2229 230 2260 Editt.
254 2229 348 2259 Vett.
375 2233 412 2259 ut
436 2237 538 2268 saepe.
563 2228 671 2258 Clark.
723 2226 821 2258 Licet

123 2279 224 2310 iidem
242 2278 361 2318 scripti
377 2282 413 2308 et
436 2277 522 2308 Edd.
539 2286 620 2318 quos
645 2285 749 2317 praec.
766 2285 822 2307 no-

125 2334 160 2360 ta
185 2327 391 2366 enumeravi,
413 2326 541 2358 addant
565 2335 609 2366 se,
630 2330 746 2366 putem
774 2330 821 2356 ta-

123 2387 202 2410 men
227 2378 292 2418 hic,
316 2388 336 2408 a
367 2377 490 2409 ceteris
519 2381 556 2408 et
584 2376 672 2407 Edd.
706 2376 823 2417 primis

126 2429 252 2461 rectius
275 2427 407 2459 abesse.
451 2428 494 2458 V.
519 2426 561 2458 ad
580 2436 611 2458 c.
627 2429 680 2457 86.

167 2481 208 2511 18
244 2479 311 2509 Pro
340 2479 404 2517 <ius
425 2476 570 2517 justitia]
604 2476 745 2509 Justitia
770 2475 824 2508 hic

126 2537 191 2560 non
207 2528 349 2560 denotat
363 2528 551 2559 voluntatem
572 2537 628 2558 suu
642 2527 748 2567 cuique
768 2527 825 2557 tri-

127 2579 246 2620 tuendi,
262 2579 322 2610 sed
335 2578 551 2610 clementiam
566 2582 626 2609 aut
637 2577 826 2608 misericor-

129 2628 230 2661 diam.
271 2629 328 2661 Sic
345 2629 435 2671 apud
461 2628 661 2661 Ciceronem
688 2638 751 2669 pro
777 2628 826 2659 M.

132 2678 297 2711 Marcello
322 2690 352 2711 c.
375 2683 406 2712 4.
430 2680 537 2711 ‘Haec
557 2683 615 2710 tua
636 2678 768 2717 justitia
791 2683 828 2710 et

131 2728 252 2760 lenitas
274 2729 376 2761 animi
395 2729 556 2762 florescet
581 2730 733 2772 quotidie
759 2739 827 2761 ma-

133 2777 208 2818 gis,'
218 2780 280 2817 &Q
322 2780 505 2812 Terentius
517 2781 554 2812 in
562 2780 687 2812 Heaut.
703 2779 784 2812 Act.
800 2789 826 2812 ι.

1429 208 1541 247 1115

847 313 899 344 Sc.
921 317 947 344 1.
974 317 1025 344 33.
1054 314 1162 344 ‘Mem
1191 311 1345 344 stultitiae
1364 310 1397 342 in
1411 310 1539 350 justitia

847 368 905 393 tua
936 364 979 393 sit
1008 364 1133 404 aliquid
1163 361 1334 403 pra-sidu!
1379 361 1542 392 Similiter

846 422 946 443 voces
965 413 1096 443 (ΣΙ-κνοω.
1121 419 1155 443 et
1174 413 1365 450 Heliraicae,
1389 420 1463 452 quae
1476 410 1544 449 jus-

847 462 951 492 titiam
968 462 1172 501 significant,
1189 463 1399 493 clementiam
1424 466 1544 492 notant

848 522 907 543 seu
935 511 1132 551 bonitatem,
1164 518 1200 543 ut
1225 513 1374 543 ostendit
1403 513 1544 544 Grotius

847 563 889 594 ad
906 562 1062 594 Matssuri
1082 571 1105 592 1.
1122 566 1172 593 19.
1198 563 1308 593 Duris.

891 621 978 644 XL11.
1014 615 1033 643 2
1066 612 1157 652 Hch,
1187 616 1215 643 et
1245 612 1449 654 superiorum]
1487 612 1545 644 Sic

849 663 931 695 Mss.
949 663 1089 695 Graecus
1101 664 1179 694 item
1191 662 1224 693 ἔκ
1235 675 1270 693 τε
1285 665 1351 700 τῆς.
1396 664 1547 704 Scaliger

850 719 885 745 et
914 714 1133 745 Recentiores
1161 714 1322 745 omittunt
1351 718 1390 745 et.
1423 715 1545 746 *Clark

851 766 895 796 Ee
912 765 1035 796 excudi
1048 774 1182 806 quoque
1199 764 1326 803 curavi,
1342 765 1548 795 auctoritate

851 819 1016 849 Mstorum
1032 827 1181 848 meorum
1192 817 1372 848 sexdecim.
1417 817 1548 848 Iunon-

852 869 950 900 nullis
992 873 1028 899 et
1069 868 1154 899 Edd.
1198 869 1297 900 Rom.
1332 869 1425 900 Med.
1463 869 1550 900 Ven.

852 918 982 959 Grypii.
1008 918 1081 949 Inc.
1106 918 1247 960 aliisque
1269 923 1322 949 est
1347 928 1398 949 ex.
1444 918 1551 949 Aldus

845 971 917 1010 jam
942 975 978 1000 et
1003 970 1150 1000 Plautin.
1181 970 1325 1001 omisere
1351 969 1388 999 τὸ
1415 973 1457 1009 et,
1484 978 1551 1000 non

853 1029 932 1051 vero
949 1021 989 1051 R.
1011 1020 1212 1060 Stephanus,

896 1072 916 1100 4
953 1069 1049 1101 Nacti
1079 1069 1232 1110 captivos]
1269 1070 1354 1101 Mss.
1397 1068 1553 1110 plerique

853 1119 1002 1150 habebant
1017 1120 1163 1160 captivos.
1192 1120 1301 1151 Clark.
1361 1119 1458 1150 Nacti
1486 1128 1554 1150 ser-

856 1175 934 1201 vant
950 1170 1026 1210 Cuj.
1044 1171 1134 1201 Scal.
1153 1170 1250 1202 Leid.
1268 1180 1320 1211 pr.
1335 1169 1425 1201 And.
1442 1169 1554 1201 Oxon.

854 1222 947 1263 quod
962 1227 1090 1253 rectum
1118 1232 1192 1254 esse
1214 1228 1311 1263 patet
1335 1232 1375 1253 ex
1397 1231 1490 1263 seqq.
1516 1222 1555 1252 ab

857 1272 924 1303 his:
947 1282 1006 1313 pro
1023 1272 1144 1314 quibus
1160 1273 1236 1304 ideo
1254 1273 1286 1303 in
1303 1273 1398 1304 Carr.
1414 1278 1449 1304 et
1461 1272 1556 1303 Leid.

857 1332 924 1354 sec.
941 1328 1021 1354 esta
1033 1323 1158 1363 quibus‚-
1181 1323 1280 1355 aliter
1292 1324 1381 1354 enim
1393 1323 1558 1362 habebant,

859 1372 947 1412 quod
960 1378 1012 1403 est
1028 1373 1062 1403 in
1078 1373 1163 1404 Mss.
1181 1374 1306 1404 ceteris
1322 1378 1359 1404 et
1374 1373 1461 1405 Edd.
1489 1373 1557 1414 pri-

859 1423 934 1462 mis,
973 1433 1039 1454 non
1078 1423 1240 1454 videbant
1271 1424 1396 1455 valere.
1442 1423 1557 1455 Graec.

860 1473 1076 1513 αἶχμαλώτους
1090 1473 1254 1511 λαβόντες,
1268 1475 1314 1504 ὑπ’
1332 1475 1431 1505 αὐτῶν
1442 1473 1560 1505 {affida-

860 1535 961 1556 κοντο.
1006 1524 1047 1556 In
1077 1524 1278 1564 oxoniensi,
1308 1529 1345 1555 ut
1376 1533 1479 1565 saepe,
1510 1527 1562 1556 est

860 1576 978 1607 nancti.
1024 1577 1186 1607 Ceterum
1208 1575 1256 1605 liis
1284 1579 1360 1615 post
1374 1576 1458 1606 nulla
1473 1575 1561 1616 ejeci

862 1626 1065 1658 auctoritate
1078 1626 1246 1656 Mstorum
1263 1635 1412 1657 meorum
1428 1635 1561 1656 novem-

863 1676 974 1707 decim
990 1680 1026 1707 et
1041 1675 1128 1707 Edd.
1146 1676 1327 1716 primarum
1357 1685 1395 1707 ac
1423 1676 1464 1706 R.
1488 1676 1562 1707 Ste-

866 1725 978 1767 phani

907 1780 925 1806 5
955 1775 1032 1811 Quoe
1061 1775 1154 1815 esset]
1200 1775 1401 1807 Ciacconius
1437 1775 1483 1806 ait
1527 1784 1564 1807 se

864 1826 963 1856 malle
985 1828 1094 1864 essent,
1120 1830 1158 1856 ut
1185 1830 1238 1856 est
1252 1826 1284 1856 in
1302 1825 1446 1866 Grypliii
1462 1826 1562 1865 libro,

865 1880 903 1907 ut
918 1875 959 1906 ad
975 1875 1170 1914 ferramenta
1184 1874 1363 1907 referatur.
1410 1876 1565 1916 Rectius,

866 1926 915 1957 uti
948 1930 1043 1966 puto,
1071 1930 1175 1967 atque
1203 1926 1251 1957 ita
1281 1927 1413 1958 Duker.
1439 1931 1474 1957 et
1499 1925 1565 1957 Ed.

866 1979 981 2009 Elzev.
999 1979 1127 2009 Verum
1155 1979 1275 2019 optimi
1303 1978 1412 2011 Codd.
1439 1978 1566 2010 Audin.

868 2028 964 2059 Leid.
981 2028 1077 2069 prim.
1099 2033 1134 2060 et
1157 2029 1280 2071 Scalig.
1307 2039 1384 2060 cum
1405 2030 1470 2062 Ed.
1492 2030 1568 2061 Ste-

868 2079 971 2120 phani
998 2079 1154 2120 praebent
1188 2083 1270 2111 sunt.
1322 2080 1452 2112 Recte:
1479 2080 1569 2122 quod

869 2133 905 2160 et
935 2129 1016 2160 alibi
1043 2134 1209 2161 mutatum
1240 2135 1315 2162 erat
1342 2130 1376 2162 in
1414 2131 1496 2163 Mss.
1530 2137 1569 2164 ut

868 2189 917 2211 lv.
933 2183 986 2211 29.
1004 2180 1013 2197 ‘
1026 2180 1150 2212 Omnia
1165 2181 1320 2220 deerant,
1343 2191 1418 2222 quae
1435 2181 1478 2212 ad
1495 2181 1570 2213 refi-

869 2229 1007 2261 ciendas
1037 2240 1094 2261 eas
1117 2230 1190 2261 usui
1220 2231 1320 2263 sunt?
1345 2240 1379 2263 v.
1405 2235 1435 2263 l.
1461 2232 1570 2265 ‘Quae

870 2284 950 2310 sunt
966 2279 1039 2311 usui
1052 2279 1094 2310 ad
1109 2280 1286 2311 armandas
1296 2280 1425 2312 naves.’
1441 2291 1504 2313 vu.
1518 2285 1570 2314 ll.

871 2330 881 2346 ⁴
892 2331 1046 2372 Quaeque
1063 2330 1105 2361 ad
1127 2341 1201 2362 eam
1218 2340 1287 2361 rem
1301 2331 1374 2362 usui
1391 2332 1470 2371 sint,
1486 2332 1571 2363 mili-

872 2379 963 2411 tibus
988 2381 1159 2421 imperat.'
1200 2382 1240 2413 B.
1258 2382 1296 2413 C.
1320 2390 1346 2412 ι.
1371 2384 1422 2413 19.
1449 2383 1571 2415 ‘Quae-

872 2440 939 2472 que
964 2432 1038 2462 usui
1063 2431 1106 2462 ad
1134 2430 1386 2462 defendendum
1410 2432 1572 2472 oppidum

873 2480 1107 2522 sint,parent.'
1151 2481 1218 2512 Sed
1237 2486 1348 2512 tamen
1371 2482 1412 2512 B.
1438 2482 1511 2514 Civ.
1534 2490 1573 2511 11.

875 2533 928 2562 35.
956 2531 1082 2562 ‘rebus
1111 2530 1324 2572 indigebant,
1349 2541 1424 2572 quae
1448 2531 1489 2561 ad
1516 2530 1575 2561 ob-

875 2581 1117 2621 pugnationem
1145 2586 1333 2612 castrorum
1362 2587 1457 2612 erant
1477 2580 1574 2611 usui!

876 2631 1038 2663 Ceterum
1065 2632 1204 2664 Hotom.
1231 2641 1297 2662 non
1324 2631 1470 2669 dubitat,
1496 2630 1576 2671 quin

876 2681 1056 2722 legendum
1080 2682 1125 2714 sit
1139 2683 1235 2713 ‘cum
1253 2680 1370 2712 esset:'
1399 2685 1434 2711 at
1456 2681 1466 2697 ‘
1483 2681 1577 2712 nulla

877 2731 986 2772 copia’
1013 2736 1065 2763 est
1080 2731 1277 2763 Ablativus:
1302 2729 1392 2760 unde
1418 2730 1452 2762 in
1479 2729 1575 2763 Leid.

877 2791 946 2814 sec.
962 2783 1078 2824 inepte
1093 2781 1228 2813 additur
1253 2782 1422 2811 uter-entur.
