1818 3131
293 190 387 220 Lm.
420 190 490 219 111.
521 188 629 219 οΑΡ.
657 178 729 219 28.
763 190 825 219 DE
859 189 1015 221 nunno
1046 189 1274 221 GAmeo.

74 280 220 312 variatio
236 290 284 312 ιν.
310 284 361 312 18.
385 281 439 311 ‘in
461 279 545 311 fines
573 279 772 320 Sygambro-

76 341 149 362 rum
175 331 321 363 intendit
337 332 357 362 :’
386 332 439 362 nbi
455 332 561 371 plura.
607 332 688 362 Mox
705 341 773 361 con-

74 381 190 412 venisse
207 382 339 421 reposui
358 391 418 421 pro
433 381 550 411 venisse
564 390 605 411 ex
625 381 772 420 Bougar-

74 431 186 471 sionis,
221 431 420 469 petaviano,
461 430 616 461 Leidensi
650 431 772 470 primo,

74 477 197 521 scalig.
224 480 356 511 Duker.
382 480 535 521 aliisque.
582 481 655 511 Nec
672 481 772 511 aliter

75 531 161 562 Edd.
180 531 251 561 Inc.
266 531 407 561 Vascos.
425 530 582 571 Gryphii,
596 530 772 571 Stephani,

75 585 107 610 et
124 580 266 611 Strada‘.

96 638 214 660 xxvn.
227 632 244 660 3
254 629 416 670 Preciani]
429 630 574 662 Quinam
587 631 620 660 1ιί
632 631 710 669 sint,
724 630 770 668 ig-

74 684 195 710 norant
212 680 436 720 Interpretvs.
460 680 539 710 Alio
553 681 653 711 etiam
670 681 773 711 norni-

72 738 115 759 ne
127 729 295 760 vocandos
308 728 409 760 fuisse
420 729 545 760 docent
560 730 640 760 Mss.
656 730 687 760 in
703 730 773 770 qui-

75 778 138 810 bus
154 783 189 810 et
205 779 267 810 Ed.
284 781 368 810 Veu.
396 784 448 810 est
464 780 587 810 I’tianii
605 781 656 810 vel
683 781 773 811 Pita-

72 828 131 866 nii,
159 833 217 860 aut
243 830 350 860 simile
381 830 470 870 quid.
516 830 658 861 Luc-iunii
677 831 770 862 Leid.

74 889 142 911 sec.
160 880 320 910 Procianii
336 881 466 911 Duker.
495 881 620 911 Verum
636 881 668 911 iu
682 882 772 912 bisce

73 930 263 963 nominibus
291 935 358 961 tam
390 931 610 962 veliementer
634 931 774 962 turbant

73 979 152 1010 libri
175 990 275 1011 manu
299 981 443 1021 exarati,
468 987 504 1012 ut
529 982 690 1013 extricari
716 982 772 1013 vix

73 1039 188 1073 queas.

115 1082 134 1110 4
164 1080 322 1120 Elusates]
365 1081 421 1112 Ita
457 1082 543 1112 bene
581 1082 774 1113 emendavit

73 1129 228 1169 Ursinus,
286 1131 508 1172 pluribusque
562 1131 773 1163 confirmavit

73 1180 194 1221 Sealig.
218 1180 344 1212 Auson.
372 1182 467 1212 Lect.
491 1190 529 1212 11.
554 1184 584 1211 7.
614 1191 653 1212 ac
680 1182 772 1213 clare

75 1230 211 1261 exhibet
258 1228 461 1271 anacianus
506 1231 636 1270 Codex,
683 1236 772 1262 teste

75 1279 236 1311 Grutero.
293 1281 390 1312 Adde
426 1282 530 1312 Surit.
570 1282 610 1313 ad
649 1282 771 1313 Itiner.

75 1329 202 1362 Anton.
227 1341 258 1372 p.
274 1334 346 1363 358.
368 1332 431 1363 Ed.
447 1333 589 1363 Wessel.
607 1332 772 1364 Harduin.

76 1380 118 1410 ad
136 1380 223 1411 Plin.
242 1389 291 1411 lv.
310 1384 361 1412 19.
408 1382 522 1413 Ceteri
538 1382 620 1412 Mss.
637 1387 671 1413 et
688 1382 774 1414 Edd.

75 1430 170 1462 Vett.
194 1441 269 1462 cnm
287 1432 411 1464 Graeco
428 1433 625 1472 Interprete
656 1433 775 1464 Flusta-

76 1485 122 1511 tes
151 1481 204 1512 vel
235 1482 408 1513 Frustates.
455 1483 544 1513 Dein
578 1488 654 1523 post
687 1484 776 1514 Coco-

75 1535 156 1563 sactes
173 1533 282 1563 delevi
299 1543 366 1573 que,
390 1533 584 1564 auctoribus
609 1533 692 1564 Mss.
710 1543 776 1563 om-

76 1581 175 1613 nibus
197 1583 340 1623 (praeter
363 1592 464 1614 unum
489 1583 701 1624 alterumque
726 1592 776 1613 re-

78 1632 324 1673 centissimum)
340 1638 375 1664 et
392 1634 455 1664 Ed.
475 1633 624 1677 Incerta.

121 1682 295 1722 Sibuzates]
342 1683 397 1714 Sic
436 1683 651 1713 vetustissimi
692 1683 776 1714 Mss.

79 1731 239 1772 Bongars.
256 1733 378 1763 Petav.
402 1731 497 1763 Leid.
525 1732 621 1772 prim.
652 1732 775 1772 scalig.

78 1778 201 1822 alisque
218 1792 293 1812 cum
309 1782 434 1813 Graeco
451 1782 661 1821 interprete.
695 1783 776 1812 Vul-

77 1841 119 1871 go
142 1831 319 1862 Sibai-:ates
342 1831 394 1862 vel
419 1830 604 1862 Sibutzates.
650 1831 689 1862 In
706 1831 776 1871 qni-

78 1881 233 1921 busdam‚
245 1887 281 1913 ut
299 1887 334 1913 et
351 1882 413 1913 Ed.
429 1882 503 1913 Ine.
517 1891 584 1912 uon
601 1886 778 1922 comparet

77 1932 142 1964 hoc
158 1942 289 1964 nomen.
334 1932 499 1973 Sibyllates
523 1932 682 1963 videntur
703 1941 776 1963 esse

79 1981 190 2013 Plinio
206 1983 280 2014 loco
296 1983 422 2022 citato;
444 1983 502 2014 ubi
518 1982 606 2013 vide.

122 2040 257 2063 xxvur.
271 2035 291 2063 6
305 2032 429 2063 Bellum
443 2032 552 2072 agere]
565 2032 729 2063 Testatur
740 2032 775 2063 F.

80 2080 223 2112 Ursinus
233 2081 321 2112 hunc
333 2083 443 2112 locum
454 2082 486 2112 in
500 2082 597 2112 Vett.
611 2081 718 2112 Codd.
728 2081 776 2112 ita

81 2130 200 2170 scribi;
227 2131 314 2162 unde
332 2131 473 2171 factum,
500 2136 538 2162 ut
553 2131 639 2161 hanc
656 2131 776 2162 lectio-

81 2181 204 2212 nemin
219 2185 350 2212 textum
365 2181 553 2221 reciperem
568 2192 574 2211 :
594 2182 674 2212 lieet
688 2181 777 2212 enim

82 2225 178 2262 rarus
195 2232 239 2262 sit
256 2231 413 2271 loquendi
430 2231 560 2269 modus,
585 2232 709 2271 probus
728 2235 777 2262 ta-

81 2280 159 2312 men
178 2285 240 2321 est,
270 2285 306 2311 ut
325 2281 440 2311 docuit
464 2281 496 2312 J.
514 2281 569 2311 Fr.
587 2281 779 2312 Gronovius

83 2330 228 2362 observ.
242 2341 281 2361 ιι.
295 2333 325 2361 3.
339 2331 461 2371 Vulgg.
476 2333 485 2347 ‘
498 2330 619 2361 bellum
635 2331 777 2371 gerere,'

82 2381 170 2422 quod
188 2391 230 2412 ex
247 2381 371 2413 Glossa
387 2386 496 2411 ortum
512 2381 640 2412 habuit.
667 2383 779 2412 Dat-is.

83 2425 149 2463 Hic
165 2432 258 2463 locus
282 2432 384 2463 docet
411 2441 538 2469 rursus,
556 2441 621 2471 quo
646 2431 781 2463 diversa

81 2481 184 2512 fuisse
199 2482 342 2513 Caesaris
359 2482 578 2522 exemplaria,
594 2492 635 2512 ex
659 2482 780 2523 quibus

81 2531 210 2572 vulgati
228 2531 363 2562 codices
380 2531 542 2571 descripti
561 2536 651 2561 sunt.
694 2531 781 2561 Nam

82 2580 167 2612 Mss.
202 2582 327 2622 Scalig.
365 2582 481 2622 Cujac.
517 2581 636 2611 Audin.
669 2581 780 2612 Oxou.

84 2625 180 2669 Leid.
210 2631 309 2670 prim.
348 2631 404 2672 qui
436 2631 545 2661 solent
575 2631 781 2670 conspirare,

85 2679 186 2720 etiam
218 2691 294 2712 cum
325 2681 441 2713 Ursini
469 2681 563 2712 libris
591 2691 696 2721 nepe,
720 2681 781 2711 soli

83 2728 212 2761 liabent
234 2741 327 2769 agere
349 2732 570 2762 instituerunt.-
594 2731 673 2762 cum*
695 2732 783 2762 Bou·

86 2776 244 2821 garsiam,
258 2773 429 2822 Vossiani,
445 2781 571 2813 Lovau.
588 2781 708 2813 Petav.
726 2790 780 2812 ce-

1408 182 1522 224 1037

822 282 953 323 terique
971 293 1091 322 magno
1112 293 1251 314 numero
1276 283 1444 314 retineant
1468 293 1523 322 ge-

820 340 889 360 rere
904 336 1068 370 coeperunt.
1104 335 1206 371 Agere
1222 333 1408 373 elegantius
1426 338 1521 364 certe

822 385 886 417 est,
900 391 996 420 quam
1015 388 1050 412 ut
1069 393 1086 412 a
1104 383 1249 413 librariis
1272 382 1443 423 proficisci
1466 392 1523 424 po·

823 431 939 460 tuerit.
985 431 1150 471 I’ompon.
1188 434 1280 464 Mela
1311 443 1334 464 1.
1364 437 1414 464 16.
1448 434 1523 465 ‘Ut

823 480 930 509 aliena
946 481 1047 510 etiam
1069 482 1156 512 bella
1180 483 1338 514 mercede
1355 483 1522 523 agen-ent!

825 530 950 560 Lucan.
970 539 1018 560 iv.
1036 533 1065 560 2.
1089 531 1097 546 ‘
1116 532 1264 562 Martem
1289 533 1404 563 Caesar
1428 533 1525 574 agit.'

823 578 941 609 Claud.
966 580 1068 610 Cous.
1095 580 1198 611 Probi
1224 587 1259 612 et
1285 582 1407 622 Olybr.
1435 592 1523 614 vers.

822 631 874 659 78.
907 630 1031 669 ‘agere
1064 631 1217 669 praelia!
1259 633 1314 672 qui
1347 633 1525 673 aliquoties

823 677 924 708 etiam
951 680 1075 719 ‘agere
1104 679 1217 710 bella.'
1262 681 1330 711 Sed
1359 682 1430 721 lege
1455 692 1523 714 om-

821 727 900 758 nino
929 728 1080 760 Gronov.
1113 739 1246 777 quoque
1277 730 1360 761 Obs.
1393 741 1441 762 lv.
1474 735 1525 764 14.

823 777 864 807 ad
894 777 980 808 Livii
1011 785 1145 810 xxvrn.
1173 782 1225 810 46.
1272 780 1456 811 Burmann.
1481 781 1524 812 ad

825 827 1084 859 Quinctil.1nst.
1098 829 1194 859 Orat.
1213 838 1246 861 x.
1259 833 1287 859 1.
1307 833 1402 870 p.98.
1418 831 1426 847 ‘
1439 831 1524 864 Quis

824 877 911 907 enim
929 884 1069 909 caneret
1086 878 1174 909 bella
1191 879 1321 917 melius,
1346 889 1443 920 quam
1469 880 1525 921 qui

824 929 872 958 sic
890 928 1022 965 egerit!
1069 929 1157 959 Item
1175 939 1264 968 enm,
1288 934 1323 960 nt
1347 934 1382 960 et
1405 930 1525 962 Barth.

826 978 867 1009 ad
894 979 1006 1009 Gratii
1035 979 1164 1020 Cyneg.
1183 990 1230 1011 vs.
1247 982 1321 1010 220.
1346 980 1388 1011 Β.
1418 979 1527 1013 Afric.

826 1038 855 1058 c.
887 1032 939 1059 40.
968 1028 1024 1059 ubi
1050 1029 1125 1059 ‘res
1152 1029 1328 1069 agebatur’
1355 1029 1450 1060 Leid.
1475 1039 1525 1070 pr.

826 1087 886 1117 pro
907 1078 1075 1116 gerebatur
1102 1084 1138 1109 et
1167 1079 1301 1119 saepius.
1338 1079 1394 1110 Sic
1425 1079 1527 1119 ‘age-

825 1137 861 1158 re
879 1127 1046 1168 regnum‚'
1064 1129 1072 1145 ‘
1089 1129 1320 1168 provinciams
1363 1129 1454 1160 Vide
1470 1130 1529 1162 Er.

824 1177 988 1209 Arntzen.
1015 1178 1058 1208 ad
1087 1178 1202 1209 Aurel.
1229 1177 1319 1210 Vict.
1347 1188 1376 1210 c.
1403 1181 1456 1210 47.
1483 1179 1527 1210 de

824 1228 898 1259 Vir.
917 1228 1026 1259 Illust.
1042 1229 1050 1245 ‘
1065 1227 1178 1269 Agere
1195 1227 1321 1260 curam’
1340 1238 1401 1268 pro
1419 1239 1528 1268 gerere

824 1288 929 1308 mirum
957 1279 1098 1317 alicujus.
1158 1279 1303 1309 Consule
1338 1279 1456 1310 Heins.
1493 1283 1528 1311 et

825 1329 941 1358 Burm.
959 1329 1000 1359 ad
1017 1328 1118 1360 Ovid.
1145 1329 1253 1368 Epist.
1278 1328 1361 1360 Her.
1382 1337 1458 1359 xvi.
1477 1338 1528 1360 vs.

826 1381 898 1409 302.
914 1379 922 1395 ‘
936 1378 1049 1418 Agere
1060 1379 1280 1410 consulatum’
1303 1379 1416 1410 Valer.
1433 1379 1528 1411 Max.

826 1437 882 1459 111.
898 1432 926 1460 8.
944 1432 974 1460 3.
993 1429 1050 1459 ubi
1067 1429 1120 1460 adi
1139 1429 1428 1460 soce1·.etitaMs.
1442 1429 1530 1460 Har-

826 1478 903 1511 lein.
922 1488 971 1509 lx.
990 1482 1019 1509 7.
1038 1482 1066 1510 1.
1091 1490 1150 1520 pro
1171 1489 1291 1518 gerere.
1336 1480 1381 1510 Et
1406 1479 1528 1520 passim

828 1529 1092 1560 confunduntur.
1120 1530 1162 1560 V.
1189 1529 1317 1561 Comm.
1340 1529 1381 1559 ad
1399 1530 1528 1569 Nepot.

826 1581 944 1612 Timol.
961 1591 1010 1612 lv.
1046 1582 1101 1612 De
1118 1581 1222 1612 verbo
1238 1582 1440 1612 instituerunt
1456 1578 1529 1612 dix-

828 1630 912 1662 imus
941 1631 1096 1672 quzedam
1124 1631 1167 1665 ad
1197 1641 1226 1662 c.
1254 1634 1307 1662 23.
1335 1631 1437 1672 idque
1457 1631 1528 1672 jam

828 1681 869 1711 ab
893 1682 965 1712 aliis
990 1681 1201 1719 Editoribus,
1227 1685 1266 1711 ut
1290 1682 1330 1712 R.
1356 1681 1528 1721 stephano

829 1735 864 1760 et
886 1730 1058 1770 Scaligero
1087 1734 1263 1770 receptum
1287 1735 1348 1761 est.
1391 1730 1530 1761 Invenit

829 1779 930 1809 etiam
955 1779 987 1809 in
1013 1780 1080 1809 suis
1108 1779 1296 1810 Aicardus:
1324 1779 1403 1818 cepit
1427 1783 1457 1810 et
1484 1780 1530 1810 in-

828 1828 933 1859 stituit
964 1827 1218 1859 confunduntur
1249 1829 1364 1859 statim
1395 1838 1528 1870 quoque

828 1889 858 1910 c.
876 1882 928 1910 29.

873 1933 912 1960 10
938 1930 1039 1965 Quum
1050 1939 1137 1970 perv.
1158 1929 1278 1970 Caesar]
1313 1930 1397 1961 Mss.
1426 1929 1529 1970 pleri-

829 1990 894 2022 que
912 1985 947 2011 et
971 1981 1058 2011 Edd.
1084 1981 1212 2021 primae'
1229 1991 1320 2020 quum
1345 1981 1424 2011 Ccz‘s.
1443 1990 1530 2020 perv.

829 2040 894 2072 quo
911 2031 1046 2061 exhibui
1061 2031 1191 2062 ordine.
1229 2030 1299 2061 Alii
1318 2031 1425 2061 Coesur
1440 2040 1530 2070 quam

825 2091 910 2121 perv.
934 2081 1022 2111 unde
1046 2082 1210 2121 suspicor,
1238 2090 1279 2111 an
1304 2090 1369 2111 non
1397 2080 1532 2110 Caesarz's

829 2141 950 2162 nomen
968 2141 986 2162 e
1010 2131 1186 2171 marginali
1212 2132 1319 2173 glossa
1343 2131 1376 2162 in
1400 2135 1530 2162 textum

828 2181 882 2211 hic
899 2181 1092 2221 irrepserit,
1109 2186 1147 2212 ut
1164 2191 1266 2222 saepe.

874 2234 914 2262 16
938 2232 1206 2272 Deperciideruut]
1253 2231 1307 2262 Sic
1335 2231 1416 2262 Mss.
1443 2231 1530 2272 opti-

830 2281 874 2312 mi
902 2282 1119 2323 plurimique,
1149 2282 1237 2322 quod
1265 2282 1350 2312 bene
1377 2281 1531 2313 defendit

830 2331 992 2362 Brantius
1025 2333 1098 2362 loco
1127 2341 1160 2362 v.
1191 2335 1241 2362 54.
1274 2333 1428 2362 ‘tantum
1459 2331 1530 2371 ojus

831 2382 998 2422 opinionis
1025 2382 1282 2423 deperdidisse!
1333 2383 1389 2414 Sic
1419 2383 1530 2422 depen-

831 2433 932 2462 derint
958 2433 1042 2464 Mss.
1074 2432 1210 2473 quidam
1241 2442 1302 2472 pro
1328 2431 1527 2472 pependerint

833 2482 871 2512 Β.
889 2482 931 2513 G.
950 2491 973 2512 1.
990 2485 1043 2513 44.
1059 2485 1067 2499 ⁴
1082 2482 1278 2522 derelictae,'
1296 2491 1352 2512 111.
1369 2485 1419 2512 13.
1436 2484 1443 2498 ⁶
1456 2490 1529 2521 per-

833 2531 1003 2564 diderunt'
1029 2537 1081 2563 est
1108 2533 1140 2562 in
1169 2533 1288 2563 Petav.
1317 2537 1352 2562 et
1379 2531 1443 2561 alio
1470 2538 1531 2570 per

835 2580 1020 2613 Gruterum
1051 2583 1188 2621 collato,
1223 2582 1306 2612 item
1337 2580 1430 2612 Leid.
1460 2589 1528 2610 sec.

833 2631 978 2662 Dorvill.
1007 2637 1041 2663 et
1058 2633 1146 2663 Edd.
1164 2633 1263 2663 Rom.
1288 2628 1427 2661 Mediol.
1444 2629 1530 2659 Ven.

833 2680 900 2712 Sed
937 2682 1184 2723 disperdiderunt
1218 2680 1339 2711 visitur
1368 2679 1400 2708 in
1431 2678 1529 2710 Leid.

836 2731 946 2771 primo
961 2736 996 2762 et
1013 2732 1129 2770 tertio,
1145 2730 1282 2767 Ortelii,
1305 2734 1341 2760 et
1367 2729 1529 2769 Gottorp.

832 2775 872 2812 ac
889 2780 954 2813 Ed.
973 2781 1123 2822 Incerta,
1144 2780 1195 2812 uti
1217 2785 1254 2812 et
1276 2779 1308 2811 in
1333 2773 1529 2821 quibusdam
