1818 3131
358 208 452 238 Lm.
486 207 572 236 vlt.
604 194 801 236 cAt’.‘28.
838 206 899 235 1)ss
935 205 1087 235 BELLO
1118 203 1346 234 GALLICO.

130 305 138 320 ‘
157 304 273 335 Muros
290 303 524 334 adscendunt)
578 301 631 332 lta
647 301 828 330 adscendere

129 355 163 384 in
180 364 298 391 narem,
323 362 387 384 non
405 353 569 383 escendere.
614 350 699 380 Vide.
723 349 826 379 Doct.

130 403 173 434 A.
191 404 231 434 V.
249 404 411 433 Stavercn
427 402 468 434 ad
484 402 609 441 Nepot.
621 400 738 430 Τὶιειη.
756 408 783 429 c.
797 402 826 429 ὃ.

173 456 194 484 9
231 453 368 483 Praemia
404 449 575 491 proposuit]
631 449 827 480 Pecuniam.

130 503 186 535 Sic
210 502 323 534 Caesar
349 501 393 532 ob
418 501 579 531 virtutem
609 503 725 529 turmae
750 500 828 529 Cas-

132 553 233 583 sianae
261 551 399 582 donavit
427 550 531 580 millia
547 558 630 580 xm.
656 555 691 580 ut
715 554 829 579 narrat

131 606 251 632 auctor
269 600 354 631 Bell.
382 599 482 639 Hisp.
509 609 539 629 c.
557 602 608 630 26.
634 598 733 630 Joan.
758 598 828 639 qui-

130 652 207 682 dem
245 650 405 682 Brantius
438 650 621 690 praemium,
651 648 740 690 quod
777 648 830 678 hic

130 701 311 742 pollicetur
328 701 529 740 Imperator,
550 699 710 730 muralem
726 697 830 728 fuisse

130 760 288 782 coronam
318 755 446 781 censet.
505 750 720 790 l’erperam3
757 749 830 779 liaec

132 801 219 832 enim
245 801 275 832 ei
299 801 370 839 soli,
387 801 443 841 qui
461 800 585 841 primus
610 808 739 830 murum
755 798 831 829 sub-

132 852 182 891 iit,
211 856 284 882 crat
314 851 451 882 donata.
497 852 610 882 Caesar
625 855 737 880 autem
761 849 832 889 plu-

133 901 222 933 ribus
251 901 398 942 praemia,
423 901 465 932 de
493 901 612 942 quibus
633 901 687 931 hic
712 900 832 940 agitur,

132 952 304 991 proponit.
359 951 448 982 vide
475 951 518 983 Α.
547 950 695 982 Gellium
726 950 830 982 Noct.

132 1001 239 1033 Attic.
258 1010 292 1033 v.
310 1004 342 1033 0.
387 1002 502 1033 Dat-is.

176 1059 311 1083 xxvux.
342 1055 360 1082 3
398 1052 530 1083 Obviam
556 1052 833 1092 contrareniretur]

132 1101 280 1134 Faernus
292 1107 327 1133 et
343 1112 417 1133 cum
433 1112 474 1133 eo
489 1103 628 1133 Ursinus
643 1112 661 1133 e
679 1103 744 1133 Ms.
773 1102 828 1133 dc-

132 1152 205 1183 leut
228 1155 334 1183 contra
345 1162 356 1188 ;
388 1156 424 1184 at
441 1152 658 1184 Hotomanno
677 1152 834 1192 placebat

133 1201 257 1242 ejicere
273 1202 403 1233 obviam.
448 1202 533 1233 Mihi
560 1211 626 1232 non
648 1202 769 1243 liquet,
791 1211 833 1232 an

133 1261 152 1284 e
181 1252 274 1283 varia
311 1253 460 1283 lectione
493 1257 573 1284 nata
606 1253 650 1283 sit
680 1252 832 1293 quaedam

132 1310 198 1334 vox
212 1312 221 1332 2
239 1301 281 1333 de
297 1312 364 1343 qua
380 1303 608 1343 corruptionis
624 1313 742 1335 caussa
757 1312 834 1334 con-

135 1352 204 1383 sule
221 1352 400 1384 Drakenb.
416 1353 458 1383 ad
474 1353 548 1384 Liv.
564 1361 619 1385 111.
635 1356 689 1383 44.
716 1353 833 1384 Burm.

135 1402 178 1434 ad
203 1403 300 1433 Suet.
326 1402 413 1442 Aug.
437 1405 514 1434 c.2.
537 1404 546 1419 ‘
561 1402 760 1433 candidatus
777 1411 834 1442 pe-

136 1452 241 1485 titor.’
286 1452 363 1483 Huc
391 1451 504 1484 forsan
531 1453 633 1483 etiam
658 1451 835 1483 referenda

135 1503 156 1534 l.
173 1512 221 1534 ιν.
239 1504 247 1520 ‘
267 1503 428 1544 proximae
446 1503 564 1543 primae
577 1502 703 1533 naves!
747 1502 835 1533 Vide

135 1553 237 1585 etiam
255 1554 293 1585 B.
310 1553 383 1584 Civ.
401 1562 456 1584 ιιι.
474 1555 523 1584 13.
549 1552 658 1584 Codd.
674 1553 740 1584 mei
757 1553 837 1583 alio-

136 1612 276 1644 rumque
302 1608 482 1644 utrumque
507 1603 665 1634 retinent.
716 1603 838 1634 Simili-

137 1659 189 1685 ter
204 1654 245 1684 B.
260 1653 369 1685 Afric.
387 1664 416 1685 c.
434 1657 486 1686 45.
502 1653 512 1671 ‘
526 1654 653 1685 Contra
667 1654 837 1686 Caesarem

137 1704 297 1735 adversus
315 1709 531 1745 armatusque
547 1703 750 1735 consistam)
782 1703 837 1733 De

137 1754 196 1785 tali
208 1755 403 1794 pleonasmo
417 1754 494 1784 vide
511 1763 587 1785 cum
602 1753 694 1793 alibi,
708 1757 778 1783 tum
795 1753 837 1784 ad

138 1803 180 1835 B.
212 1804 285 1835 Civ.
314 1812 369 1834 ιιι.
397 1807 450 1834 61.
487 1804 496 1820 ‘
514 1803 627 1842 Vulgo
665 1802 836 1834 universi!

136 1853 266 1885 Similia
281 1854 384 1884 etiam
401 1853 477 1884 vide
494 1852 583 1893 apud
599 1852 650 1883 Cl.
662 1852 837 1883 Drakeub.

136 1904 177 1942 ad
202 1904 278 1936 Liv.
302 1913 357 1935 111.
381 1906 434 1935 41.
457 1903 466 1920 ‘
483 1903 574 1934 ultra
588 1911 707 1934 vocem
723 1911 838 1933 exces-

136 1954 257 1986 sisset!
301 1955 418 1986 Simile
442 1953 515 1985 fere
542 1953 646 1985 Ovid.
674 1954 762 1986 Met.
787 1962 837 1986 ις’.

138 2008 190 2039 80.
213 2007 222 2022 ‘
243 2006 354 2036 Oscula
370 2015 428 2036 non
441 2004 648 2045 pervenientia
663 2003 793 2034 contra!

180 2058 201 2087 6
224 2056 276 2086 Ne
299 2056 419 2086 omnino
435 2064 503 2095 spes
517 2055 614 2085 omnis
631 2053 739 2094 fug-ce]
783 2054 839 2084 Sic

139 2106 207 2137 Ms.
237 2106 320 2146 Reg.
344 2105 530 2145 eleganter.
583 2103 653 2135 Alii
679 2103 840 2134 omittunt

138 2155 244 2189 οιηηὶε.
291 2155 399 2185 Clark.
459 2155 582 2195 Neque
600 2155 685 2185 ullus
699 2163 740 2185 ex
757 2154 840 2186 meis

139 2207 292 2246 agnoscit
314 2205 352 2236 τὸ
373 2206 491 2237 omnis.-
525 2206 614 2247 quod
641 2211 768 2237 temere
792 2206 840 2237 in-

141 2259 272 2287 trusum
297 2256 422 2294 nolim;
455 2256 536 2286 licet
561 2260 680 2286 contra
704 2257 744 2287 B.
765 2256 839 2288 Civ.

140 2314 199 2338 ιιι.
226 2309 280 2337 53.
306 2311 462 2337 occurrat
482 2307 491 2323 ‘
509 2315 604 2336 nemo
629 2306 692 2338 fuit
707 2307 841 2338 omnino

140 2356 308 2391 militum!
353 2356 408 2387 Sic
430 2360 557 2387 temere
581 2356 701 2387 omnino
723 2362 758 2387 et
781 2367 842 2387 om-

140 2406 227 2441 nium
243 2407 292 2438 bis
309 2411 428 2438 contra
440 2406 524 2437 Mss.
538 2406 628 2446 apud
643 2406 841 2438 Ciceronem

139 2456 318 2493 intrudere
349 2462 491 2488 conatur
514 2457 618 2488 Doct.
649 2457 710 2487 Th.
727 2456 841 2488 Bentl.

140 2506 185 2538 ad
199 2507 222 2538 l.
240 2516 265 2539 1.
282 2507 325 2538 de
339 2507 411 2538 Fin.
428 2517 458 2538 c.
477 2509 528 2537 12.

181 2560 202 2588 7
227 2556 420 2597 Continenti]
452 2557 544 2588 Mate
561 2555 712 2588 Faernus
728 2560 763 2586 et
778 2556 843 2587 Ur-

142 2608 232 2640 sinus
257 2618 300 2640 ex
324 2608 424 2639 unico
451 2607 569 2638 codice
588 2607 740 2637 Continuo
757 2617 842 2647 prae-

141 2660 262 2697 tulere,
272 2659 355 2690 licet
372 2658 410 2689 iis
426 2658 657 2699 adstipuletur
670 2657 842 2689 Oxouien—

143 2707 200 2741 sis.
231 2707 334 2740 Aliud
349 2708 552 2749 adjectivum
569 2709 694 2739 amavit
712 2714 841 2747 noster,

146 2760 185 2792 ut
198 2766 288 2799 saepe
309 2758 382 2799 jam
403 2758 560 2791 vidimus.
615 2759 661 2791 Et
685 2759 735 2790 ita
762 2769 791 2791 c.
808 2763 839 2791 4.

1463 194 1574 238 1211

879 300 886 315 ‘
906 300 1020 330 labore
1038 299 1223 330 continenti
1248 298 1357 329 omnia
1382 307 1541 338 superare
1558 299 1578 336 ς’

879 353 913 378 ct
939 349 985 379 ita
1012 350 1052 380 B.
1081 350 1153 380 Civ.
1179 358 1233 380 ιιι.
1255 353 1309 380 63.
1332 350 1342 366 ‘
1361 349 1577 380 Continentia

881 398 978 429 bella'
1023 410 1055 430 v.
1102 403 1152 430 ll.
1187 402 1195 416 ‘
1218 400 1402 430 Continens
1436 398 1579 430 flamma’

880 457 960 478 vni.
990 452 1037 479 15.
1059 449 1067 465 ‘
1087 450 1309 480 effluunt—nte«-
1336 450 1416 480 dies·
1449 451 1490 481 B.
1508 450 1579 482 Civ.

883 506 937 528 111.
955 500 1006 528 54.
1052 497 1163 538 Atque
1190 500 1236 528 ita
1252 500 1374 539 pas-im
1392 499 1455 530 alii.
1501 499 1582 530 Cor·

882 547 1038 585 rigendus
1065 557 1083 577 e
1108 549 1174 579 Ms.
1206 550 1300 580 Dict.
1325 551 1418 581 Cret.
1446 559 1500 581 ιιι.
1526 552 1580 581 20.

882 600 891 615 ‘
910 598 1114 629 continente
1139 597 1295 639 flannna‚'
1320 601 1418 639 vulgo
1440 601 1582 632 continu-

882 651 952 679 ante
969 658 1009 679 ex
1027 648 1152 679 iudicio
1169 650 1220 680 (ΣΙ.
1240 650 1418 689 Perizouii,
1433 651 1488 692 qui
1505 659 1581 682 eum

882 698 991 729 locum
1007 698 1059 729 hic
1075 698 1311 738 adscripscrat.

926 752 965 780 13
991 749 1084 780 Omni
1099 749 1147 789 eo]
1192 750 1302 780 Deest
1328 759 1361 780 co
1389 750 1421 779 in
1438 750 1523 781 Mas.
1548 754 1583 781 et

883 799 990 830 Editt.
1017 800 1112 830 Vett.
1158 800 1278 841 Neque
1307 799 1349 829 ad
1379 800 1583 831 sententiam

885 860 968 890 opus
986 855 1091 881 estut
1118 851 1316 882 retineatur.
1364 851 1467 882 Clark.
1529 851 1583 882 Ad

884 901 1088 931 sententiam
1118 901 1254 941 quidem
1290 910 1354 931 non
1386 901 1583 941 requiritur,

885 950 943 981 sed
961 950 1154 989 videndum,
1170 961 1247 981 uum
1266 951 1410 981 Caesaris
1427 952 1532 991 stylus
1550 957 1585 982 et

883 1010 1023 1031 veneres
1038 1010 1222 1040 pronomen
1240 1001 1318 1031 addi
1336 1010 1399 1032 non
1416 1000 1585 1041 flagitent.

885 1051 987 1081 Certe
1003 1055 1190 1090 agnoscunt
1218 1050 1252 1081 id
1278 1052 1358 1083 Mss.
1388 1052 1463 1091 Cuj.
1490 1051 1587 1082 Leid.

886 1110 938 1140 pr.
954 1100 1040 1130 Scal.
1059 1100 1126 1131 Ox.
1143 1105 1178 1131 et
1195 1099 1284 1130 And.
1343 1101 1472 1131 Contra
1486 1110 1515 1131 c.
1533 1103 1586 1131 25.

884 1152 933 1182 illi
957 1152 1092 1183 codices
1119 1157 1237 1183 carent
1263 1153 1306 1190 τῷ
1330 1162 1365 1182 ea
1390 1153 1423 1182 in
1448 1152 1529 1182 omni
1553 1162 1588 1182 ca

881 1205 992 1241 parte.-
1026 1202 1083 1233 ubi
1105 1202 1225 1243 reliqui
1249 1212 1324 1233 cum
1349 1202 1435 1233 Edd.
1453 1212 1512 1242 pp.
1530 1202 1587 1233 ad-

884 1252 1046 1283 mittunt:
1086 1262 1116 1284 c.
1143 1255 1197 1283 57.
1231 1253 1240 1269 ‘
1259 1252 1360 1284 Illum
1383 1262 1515 1284 omnem
1542 1253 1589 1284 lo·

885 1312 960 1334 cum
977 1304 996 1334 :’
1020 1314 1048 1335 c.
1064 1307 1117 1335 75.
1132 1304 1219 1335 Mss.
1233 1304 1390 1345 plerique
1405 1314 1506 1335 omnes
1518 1301 1590 1336 sios:

885 1364 916 1386 c.
933 1357 986 1386 79.
1004 1355 1012 1371 ‘
1028 1355 1172 1385 Omnem
1189 1364 1263 1385 eam
1277 1354 1453 1395 planitiem
1468 1357 1486 1384 ε’
1510 1363 1589 1385 vul.

884 1406 937 1435 46.
973 1404 982 1420 ‘
1000 1403 1146 1435 Omnem
1181 1404 1271 1434 illam
1306 1404 1501 1444 regionem,‘
1538 1403 1590 1434 uti

889 1456 973 1486 Mss.
990 1455 1124 1496 plurimi
1138 1455 1285 1486 liabent:
1316 1456 1356 1486 B.
1371 1456 1445 1487 Civ.
1463 1465 1518 1487 111.
1536 1459 1588 1487 11.

885 1505 1108 1546 ‘Omnesque
1141 1515 1197 1536 eas
1229 1515 1331 1536 naves
1350 1505 1369 1537 :’
1414 1506 1456 1536 B.
1489 1505 1590 1538 Alex.

886 1565 917 1587 c.
931 1559 963 1587 9.
989 1558 997 1572 ‘
1015 1556 1104 1587 omni
1121 1556 1179 1587 illa
1195 1556 1359 1597 regiones
1383 1556 1465 1588 item
1488 1566 1517 1588 c.
1535 1559 1590 1588 26.

887 1611 922 1637 et
938 1616 969 1638 c.
984 1609 1036 1637 42.
1054 1612 1089 1637 et
1105 1607 1238 1646 passim.

931 1660 971 1687 16
994 1656 1127 1687 Silentia
1139 1656 1185 1687 sic
1201 1666 1239 1686 ex
1255 1655 1341 1695 suga
1356 1655 1493 1696 excepit]
1527 1655 1592 1686 [r-

888 1706 979 1738 sinus
996 1706 1122 1747 primus
1140 1706 1189 1737 ita
1205 1704 1343 1737 refinxit
1360 1706 1481 1745 locum,
1497 1715 1515 1737 e
1533 1715 1592 1737 suo

889 1756 1006 1788 codice
1029 1756 1262 1796 interponens,
1277 1757 1342 1792 sic,-
1375 1756 1592 1797 putavitque,

887 1807 952 1838 nisi
969 1807 1018 1837 ita
1034 1807 1179 1846 legatur,
1195 1806 1251 1836 vix
1276 1806 1354 1837 satis
1379 1811 1496 1846 aptum
1522 1815 1596 1836 sen-

888 1865 959 1887 sum
989 1856 1068 1887 elici
1098 1865 1210 1896 posse.
1264 1856 1350 1886 Eum
1382 1860 1517 1886 secutus
1542 1862 1594 1886 est

888 1906 1051 1947 Scaliger,
1081 1910 1117 1937 et
1147 1910 1241 1937 certe
1269 1905 1471 1945 particulam
1501 1905 1593 1936 illam

889 1960 1080 1997 agnoscunt
1118 1964 1252 1996 quoque
1282 1953 1373 1985 And.
1409 1954 1523 1985 Oxou.
1559 1960 1594 1985 et

891 2006 988 2038 Leid.
1016 2006 1113 2046 prim.
1136 2005 1192 2046 qui
1216 2014 1284 2036 non
1307 2004 1412 2035 habet
1438 2014 1478 2035 ex
1497 2004 1594 2044 fuga,

890 2060 928 2086 ut
951 2059 986 2086 et
1012 2055 1148 2097 qnidam
1164 2054 1260 2087 editi.
1305 2055 1434 2085 Verum
1458 2064 1534 2085 cum
1560 2055 1595 2085 iu

891 2107 973 2137 Mss.
992 2105 1128 2147 reliquis
1145 2105 1314 2144 omnibus,
1338 2105 1442 2135 etiam
1469 2105 1594 2146 Scalig.

890 2156 1014 2187 Petav.
1042 2156 1158 2197 Cujac.
1190 2156 1247 2196 qui
1276 2155 1357 2186 alias
1384 2156 1494 2187 solent
1519 2164 1596 2186 cum

891 2205 1072 2236 nominatis
1088 2205 1197 2237 Codd.
1215 2205 1423 2243 consentire,
1448 2214 1515 2236 non
1539 2205 1596 2236 ad-

891 2255 937 2287 sit
948 2256 1005 2296 sic,
1023 2260 1180 2296 suspecta
1196 2255 1274 2286 milii
1298 2261 1350 2286 est
1366 2256 1598 2297 vehementer,

892 2305 973 2337 licet
987 2310 1150 2347 sequatur
1165 2308 1220 2337 ut.-
1251 2305 1352 2336 immo
1378 2315 1418 2336 ea
1441 2306 1597 2346 coujunc-

892 2356 940 2387 tio
954 2366 1072 2387 caussa
1082 2355 1159 2395 fuit,
1173 2365 1234 2387 cur
1249 2356 1369 2387 sciolus
1385 2356 1528 2387 adderet
1543 2356 1598 2397 sic,

892 2410 1014 2446 putans
1030 2406 1101 2437 sine
1125 2416 1164 2436 eo
1189 2415 1321 2437 sensum
1344 2415 1410 2437 non
1427 2412 1598 2446 constare,

893 2460 929 2487 et
945 2457 1182 2487 Hotomannus
1200 2460 1319 2487 contra
1342 2465 1405 2496 pro
1430 2460 1465 2486 ut
1493 2456 1598 2487 vellet

893 2507 1004 2547 legere
1020 2511 1074 2543 εἰς
1105 2507 1193 2547 quod
1221 2510 1273 2537 est
1297 2516 1431 2547 quoque
1456 2506 1490 2536 in
1515 2507 1598 2537 Mss.

893 2558 988 2588 Carr.
1008 2558 1134 2591 Lovan.
1151 2562 1187 2588 et
1202 2559 1233 2587 4.
1257 2556 1502 2587 recentioribus
1520 2565 1598 2586 cum

893 2607 958 2639 Ed.
975 2608 1126 2646 Incerta,
1141 2617 1333 2648 perperam.
1371 2607 1419 2637 At
1434 2616 1516 2637 vero
1533 2607 1600 2637 ele-

894 2657 1028 2699 gantius
1046 2663 1117 2689 tum
1133 2658 1190 2688 alii
1207 2663 1275 2688 tum
1293 2661 1420 2694 noster,
1448 2655 1598 2695 particu-

892 2707 959 2738 lam
973 2707 1027 2748 εἰς,
1043 2711 1120 2746 tam,
1134 2707 1193 2746 ita,
1209 2712 1274 2737 eze.
1293 2711 1368 2736 aute
1385 2710 1420 2735 ut
1437 2704 1597 2737 omittere

891 2757 993 2789 solet.
1037 2757 1158 2789 Multis
1180 2755 1214 2787 id
1229 2755 1438 2788 ostendimus
1448 2754 1521 2795 jam
1537 2764 1596 2787 ιιι.
