1883 3121
214 212 328 254 1370

218 323 343 355 autem,
368 316 483 347 deleto
504 313 660 355 praesidio,
691 312 828 353 reponit
863 312 919 342 huc

217 379 306 409 quum
322 365 501 407 quotidiana
517 363 734 394 consuetudine
749 371 920 401 congressa:

215 416 457 460 ymbulmmitsns,
504 423 629 452 propere
681 412 826 451 legiones,
865 413 919 450 «St.

220 469 452 499 Hotonm.·.w
490 470 601 494 autem
639 472 812 503 prvgressoe
846 463 920 493 loco

417 520 521 552 ponit.
571 513 654 544 Mihi
679 522 758 543 sana
785 512 921 543 videtur

218 566 321 598 lectio
341 577 351 593 x
363 566 490 602 rugata,
507 565 533 594 si
551 565 643 604 legas
658 563 729 594 hinc
743 572 833 602 quum
849 573 921 602 quo-

219 616 350 648 tidiana.
375 618 426 654 ⁸5⁶·
474 615 652 655 Proprium,
681 612 769 654 quod
797 612 923 643 fefellit

222 668 441 707 inteiprezes,
459 666 513 696 liic
543 672 745 706 perpetuum
770 663 922 694 denotat.

222 717 278 748 Sic
306 716 394 757 apud
431 716 628 746 'seruitium
655 715 762 746 Andr.
787 720 851 745 act.
874 722 923 743 lv.

221 777 269 799 sc.
293 769 323 798 3.
342 770 369 797 l.
395 769 403 783 ‘
421 767 558 797 Nihilne.
575 775 648 797 esse
667 766 841 807 proprium
858 763 925 794 cui-

221 817 356 858 quaint>y
403 817 472 847 U‘oi
504 819 672 855 Donatus,
700 818 708 834 ⁴
726 814 923 857 proprium,’

222 867 345 908 inquit,
389 870 397 883 ‘
417 871 632 905 perpetuum,
675 871 711 896 ut
753 865 927 906 Virgilius,

223 917 369 957 Propria
386 917 459 947 liaffc
477 916 502 946 si
520 916 610 946 dona
626 914 791 945 fuissent!
839 914 925 944 Vide

222 971 257 997 et
287 971 354 998 act.
385 976 418 997 ι.
451 977 497 997 sc.
527 970 559 997 5.
587 969 619 997 4.
678 966 779 999 Quod
811 966 927 997 Caesar

219 1021 227 1033 ‘
241 1017 436 1058 praesidium
453 1017 650 1057 proprium}
665 1017 782 1048 Livius
797 1024 927 1047 xxxw.

225 1072 276 1099 18.
312 1068 532 1108 ‘pi·a·sidiuni
563 1067 743 1098 assuetnm'
779 1067 927 1098 vocavit.

224 1119 336 1151 Duris.
382 1119 529 1149 Omnino
549 1128 625 1149 cnm
651 1118 792 1149 Davisio
814 1117 929 1148 existi-

223 1179 290 1208 mo,
313 1170 506 1210 praesidium
530 1170 691 1209 proprium
712 1179 786 1200 esse
815 1168 929 1209 praesi-

224 1219 317 1251 dium
332 1221 504 1259 adsuetum,
527 1219 610 1249 item
628 1228 744 1250 vocem
761 1227 930 1256 congressa:

224 1280 336 1301 sanam
364 1280 448 1301 esse.
503 1270 630 1299 Verum
660 1278 720 1299 cnr
747 1268 829 1298 illud
857 1267 930 1298 Huc

226 1321 257 1351 in
276 1320 363 1351 Hinc
381 1324 547 1350 mutatum
564 1319 660 1357 velit,
685 1318 842 1358 equidem
864 1326 930 1347 non

225 1371 335 1402 video.
382 1371 482 1407 Nam,
502 1369 560 1398 huc
585 1377 931 1407 quum-congressae*

225 1422 419 1459 transissent,
442 1419 530 1449 idem
548 1423 599 1449 est
615 1428 665 1458 ac,
687 1418 745 1448 lmc
768 1428 863 1457 quum
884 1427 931 1448 co-

227 1473 332 1512 issent,
368 1470 639 1500 et—transissent.
699 1469 821 1509 Neque
859 1468 931 1498 sine

228 1531 312 1553 voce
347 1521 433 1558 Huc,
473 1520 658 1550 consistere
698 1523 813 1559 potest
848 1518 931 1548 illud

226 1580 420 1611 tungros-scm
447 1568 730 1610 quemadmodum
758 1577 775 1598 e
801 1571 934 1598 contra-

229 1622 278 1652 rio
307 1630 416 1661 neque
445 1620 516 1650 sine
541 1628 625 1650 voce
649 1627 831 1657 congressoe,
855 1627 933 1648 con-

230 1671 349 1702 sistere
375 1674 490 1710 potest
517 1669 605 1699 istud
632 1668 718 1699 Huc.
765 1668 935 1700 Quocirca

228 1722 310 1753 ferri
340 1731 406 1752 non
439 1724 553 1760 potest
578 1719 799 1759 Scaligerana
823 1727 934 1748 emen-

230 1773 336 1813 datio,
362 1772 420 1813 qui
447 1771 567 1802 omissa
593 1779 764 1809 congressoe
790 1768 934 1806 scribit;

232 1825 305 1855 Huc
339 1821 694 1864 quum-—trunsissenh
741 1820 817 1850 Vox
847 1820 934 1850 enim

231 1875 289 1905 huc
313 1883 378 1904 non
403 1873 544 1903 denotat
571 1870 633 1900 lioc
660 1870 694 1899 in
718 1870 793 1899 loco
821 1868 936 1899 ulteri-

231 1934 325 1955 orem
362 1922 506 1953 fluminis
536 1924 683 1961 partem,
713 1928 769 1958 quo
800 1918 936 1948 transis-

233 1979 329 2012 sent;
351 1972 409 2003 sed
434 1972 544 2002 locum
568 1970 621 2000 ubi
649 1969 844 2006 tramit-ent,
866 1969 936 1998 sive

233 2033 292 2064 quo
315 2023 464 2054 coissent
486 2020 528 2051 ad
553 2018 803 2051 transeundum.
829 2018 937 2048 Clark.

235 2076 344 2106 Recte
376 2072 531 2104 Clarkius
563 2071 735 2111 vulgatum
769 2068 937 2100 defendit.

238 2125 371 2165 Lipsius
387 2122 535 2154 malebat
556 2121 625 2160 hac,
649 2120 739 2161 quod
762 2130 828 2150 non
853 2129 938 2160 opus

236 2178 310 2205 cst:
336 2173 435 2204 deest
458 2172 530 2203 liaec
558 2171 680 2202 vocula
703 2171 736 2201 in
765 2169 861 2201 Leid.
889 2179 939 2209 pr.

235 2228 438 2263 transgressoe
454 2222 594 2253 Gruter.
617 2221 713 2251 male.
761 2220 941 2258 Congressae

237 2278 325 2306 erant
349 2275 406 2305 huc
430 2273 564 2312 legiones
587 2273 619 2302 in
642 2269 824 2312 prcesidium
847 2269 941 2309 pabu-

237 2325 387 2356 latoribus
425 2324 636 2362 adsignatum,
678 2324 707 2352 et
741 2323 940 2360 perpetuumu:

238 2375 289 2406 uti
313 2375 400 2406 bene
417 2374 566 2414 explicat
584 2371 743 2404 Davisius
766 2377 801 2401 et
824 2371 942 2402 contir-

239 2431 333 2457 mant
357 2427 437 2457 Mss.
462 2434 588 2456 omnes.
632 2424 710 2455 Non
732 2433 804 2453 csse
829 2428 941 2453 tamen

237 2486 406 2516 congressoe
421 2476 454 2506 in
473 2475 640 2516 aliquibus
656 2474 843 2513 codicibus,
864 2474 942 2505 scri·

239 2528 289 2558 bit
320 2527 477 2565 Ursinus,
507 2530 542 2556 et
580 2525 706 2565 proprio
737 2526 892 2555 exsulare
924 2534 943 2554 a

238 2577 349 2608 veteri
359 2576 482 2608 Pinelli
496 2575 582 2606 libro
591 2580 738 2606 testatur
755 2576 942 2607 Manutius-

282 2630 319 2658 11
353 2626 462 2657 Subito
493 2626 525 2656 vi.
556 2626 764 2664 jumentorum
795 2629 824 2656 ct
855 2635 944 2666 aqua·

238 2676 468 2717 magnitudine]
525 2676 662 2706 Falsum
706 2681 760 2706 est
803 2680 944 2715 pontem

234 2728 467 2768 jumentorum
485 2726 516 2757 vi
541 2731 695 2767 ruptum:
728 2726 801 2766 ipse
828 2727 943 2758 Caesar

239 2778 289 2810 ait
303 2777 413 2809 infra:
435 2778 444 2794 ‘
462 2777 553 2809 Pons
576 2777 633 2819 qui
659 2775 773 2808 suerat
799 2781 943 2818 tempes-

218 526 376 554 congressu

687 217 830 249 No'rAE
861 215 1126 247 VARIORUM
1160 215 1207 244 IN

970 315 1042 343 tate
1077 307 1313 350 interruptus!
1375 307 1552 338 Praeterea
1585 305 1670 337 ratio

970 364 1042 403 ipsa
1057 361 1207 393 ostendit
1225 360 1276 390 vel
1301 358 1384 390 illud
1401 359 1431 388 m·
1446 358 1671 395 jumentorum,

970 414 1023 444 vel
1048 414 1134 451 haec,
1160 421 1246 452 uqnae
1274 410 1501 449 magnitudine,
1528 407 1675 438 absurda

971 474 1057 496 esse.
1105 464 1208 497 Nam,
1225 462 1250 492 si
1269 471 1356 502 aqua
1373 464 1509 500 pontem
1528 457 1676 498 disjecit,

971 524 1038 545 non
1070 518 1210 554 potuere.
1240 513 1409 552 jumenta,
1437 511 1513 551 quia
1544 512 1676 550 quanto

973 565 1106 606 gravius
1152 562 1282 602 pondus
1321 562 1533 593 incumberet
1567 559 1675 600 ponti..

974 619 1070 647 tauto
1087 613 1195 643 minus
1214 622 1308 653 aquae
1334 622 1410 643 eum
1436 612 1592 652 disjicere
1618 620 1677 650 po-

975 669 1100 696 terant.
1146 663 1292 694 Rursum
1313 663 1340 692 si
1366 661 1495 693 fractus
1522 667 1574 692 est
1597 670 1677 701 pon-

975 715 1055 745 dere
1067 714 1311 754 jumentorum,
1329 711 1410 741 nihil
1428 712 1481 741 hic
1496 721 1581 750 opus
1598 710 1680 741 addi

975 766 1018 796 de
1047 765 1162 805 aquis:
1198 763 1261 793 nisi
1287 763 1360 804 quis
1389 761 1502 792 dicere
1527 761 1611 792 velit
1635 760 1678 790 de

976 814 1070 855 aquis
1095 814 1186 852 addi,
1210 817 1248 843 ut
1273 812 1513 843 ostenderetur
1538 812 1681 851 abrepta

977 863 1113 894 flumine
1132 872 1218 901 esse,
1243 872 1317 903 qua·
1346 867 1482 902 pontem
1511 860 1681 902 perfrege-

978 919 1065 945 rant.
1109 913 1176 944 Sed
1190 914 1253 944 lioe
1269 918 1367 944 extra
1389 922 1458 943 rem
1476 916 1511 942 et
1533 915 1681 943 mentem

978 964 1135 996 Ctesaris.
1181 963 1280 995 Unde
1312 963 1425 994 mirari
1455 963 1558 1001 subit,
1590 972 1681 1002 mag-

977 1024 1055 1045 num
1083 1014 1292 1053 Scaligerum
1320 1014 1368 1044 ita
1406 1013 1561 1043 edidisse.
1607 1012 1682 1043 Nec

977 1065 1110 1103 dubito,
1145 1064 1224 1104 quin
1255 1063 1425 1094 moverint
1453 1063 1546 1094 illum
1577 1062 1684 1093 verba

977 1115 1098 1155 reliqua
1132 1116 1296 1145 multitudo
1333 1114 1468 1153 equitum
1502 1112 1682 1143 interclusa.

979 1166 1044 1197 Sed
1066 1165 1149 1196 illud
1170 1165 1287 1204 reliqua
1305 1164 1430 1194 (licitur
1451 1166 1611 1203 respectu
1638 1162 1684 1192 le-

982 1218 1130 1257 gionum,
1155 1225 1229 1257 quae
1248 1216 1319 1255 jam
1346 1214 1575 1245 transierant:
1603 1211 1684 1253 quin

982 1274 1016 1298 et
1033 1268 1161 1306 demus,
1182 1265 1355 1296 transiisse
1373 1270 1503 1304 partem
1520 1263 1685 1304 equitum,

984 1318 1096 1348 nullus
1126 1322 1240 1347 tamen
1272 1315 1352 1345 inde
1379 1314 1569 1354 collegerit,
1604 1320 1687 1353 pon-

982 1368 1065 1398 dere
1082 1371 1284 1398 caeterornm
1302 1364 1448 1396 fractum
1474 1369 1613 1404 pontem
1637 1361 1686 1394 fu-

983 1417 1058 1448 isse.
1103 1417 1144 1447 In
1161 1415 1262 1447 Mstis
1281 1415 1387 1446 tribus
1414 1424 1480 1445 non
1504 1414 1629 1455 legitur
1649 1413 1690 1444 il-

982 1467 1041 1498 lud
1066 1466 1097 1496 ri
1118 1466 1176 1496 sed
1204 1463 1310 1496 ἁπλῶς
1332 1465 1436 1496 subito
1453 1465 1687 1503 jumentorum.-

985 1519 1057 1559 quis
1093 1517 1242 1556 dubitat,
1277 1517 1358 1558 quin
1390 1515 1621 1555 emendemus,
1656 1515 1689 1545 ri

984 1572 1152 1599 rcntorum.
1202 1567 1289 1597 Haec
1317 1567 1567 1606 cogitaveram:
1600 1574 1689 1596 nunc

985 1619 1083 1649 video
1122 1617 1211 1648 idem
1253 1617 1421 1657 placuisse
1460 1616 1689 1656 Pantagatlio.

986 1670 1062 1701 Nec
1087 1668 1176 1699 ultra
1193 1668 1233 1698 de
1260 1667 1407 1698 veritate
1435 1667 1575 1698 dubito:
1605 1676 1691 1707 prae·

986 1720 1103 1751 sertim
1121 1728 1197 1749 cum
1214 1718 1247 1748 in
1264 1717 1386 1748 Orosio
1406 1726 1539 1758 quoque
1560 1717 1693 1757 legatur

985 1770 1088 1801 subita
1118 1769 1148 1799 ri
1180 1771 1347 1800 ventorum.
1388 1767 1524 1798 Vossius.
1581 1766 1691 1798 Editt.

986 1830 1123 1861 nuperae
1158 1820 1187 1850 υἱ
1204 1819 1439 1857 jnmentormm
1465 1817 1537 1855 sed,
1566 1821 1603 1848 ut
1620 1826 1690 1855 ,nos

987 1871 1213 1910 reposuimus,
1230 1869 1357 1899 diserte
1372 1867 1509 1898 exhibet
1524 1867 1591 1897 ΜΞ.
1605 1867 1694 1898 Nor-

987 1920 1053 1951 vic.
1085 1926 1121 1951 et
1147 1920 1195 1949 ita
1223 1917 1480 1949 rescribendum
1507 1917 1691 1957 conjecere

991 1969 1072 2001 Oct.
1099 1969 1345 2010 Pantagathus,
1375 1969 1449 1998 Pet.
1480 1966 1694 2005 ciacconius,

990 2020 1046 2051 Fr.
1058 2020 1306 2057 Hotomannus,
1320 2024 1355 2050 et
1367 2019 1511 2058 Dionys.
1529 2018 1669 2048 Vossius
1684 2028 1693 2055 3

990 2079 1056 2101 non
1079 2070 1168 2100 enim
1188 2069 1420 2108 jumentorum
1445 2066 1609 2107 pondere,
1633 2068 1692 2097 sed

989 2122 1171 2160 tempestate
1184 2128 1260 2160 pons
1273 2122 1340 2149 emt
1356 2118 1558 2157 interruptus,
1581 2126 1696 2157 quem-

991 2170 1172 2202 admodum
1190 2173 1337 2200 testatur
1354 2169 1469 2199 Caesar
1494 2177 1524 2199 c.
1540 2170 1594 2198 41.
1639 2166 1696 2198 Sic

992 2221 1096 2252 etiam
1115 2221 1199 2261 legit
1215 2220 1371 2259 Orosius,
1392 2224 1429 2249 nt
1453 2218 1594 2250 dubium
1620 2227 1695 2250 esse

991 2277 1150 2313 nequeat,
1171 2271 1250 2312 quin
1269 2270 1376 2311 proba
1395 2270 1440 2301 sit
1460 2270 1526 2300 Ms.
1552 2267 1694 2300 Norvic.

993 2323 1176 2362 scriptura,
1203 2321 1246 2351 ad
1263 2329 1363 2361 quam
1395 2329 1502 2359 prope
1527 2317 1697 2349 accedunt

994 2378 1064 2404 tres
1081 2373 1166 2403 Mss.
1181 2373 1280 2403 Voss.
1304 2376 1339 2402 et
1364 2371 1465 2402 editt.
1492 2371 1589 2402 Rom.
1609 2369 1696 2400 Ven.

993 2423 1154 2455 Beroald.
1188 2432 1276 2464 quae,
1306 2421 1430 2452 omissa
1462 2429 1545 2451 voce
1578 2419 1621 2458 vi,
1646 2419 1698 2457 ju-

993 2478 1165 2506 mentorum
1197 2472 1406 2504 solummodo
1438 2474 1697 2511 repraesentant.

995 2525 1106 2556 Dacis.
1153 2524 1281 2555 Merito
1308 2523 1410 2554 etiam
1433 2520 1587 2553 Clarkius
1611 2520 1697 2552 hanc

995 2576 1268 2607 emendationem
1296 2574 1438 2615 recepit.
1484 2571 1580 2604 Nihil
1607 2573 1698 2604 enim

994 2625 1218 2667 frequentius,
1253 2635 1352 2666 quam
1375 2623 1528 2655 voculam
1553 2622 1585 2653 vi
1610 2631 1631 2653 a
1662 2622 1700 2654 li-

997 2677 1116 2708 brariis
1139 2675 1311 2716 corrumpi
1340 2675 1374 2705 in
1399 2673 1524 2704 similes
1549 2673 1696 2704 litteras.

994 2727 1082 2759 Vide
1098 2732 1223 2768 praeter
1238 2726 1319 2756 alios
1334 2724 1484 2756 Gudium
1502 2723 1545 2754 ad
1561 2723 1697 2755 Phaedr.

996 2779 1033 2811 F.
1052 2787 1102 2810 xl.
1147 2777 1237 2810 Hinc
1253 2776 1286 2808 in
1311 2775 1475 2808 Frontino
1505 2783 1561 2807 lu.
1590 2776 1642 2806 17.
1665 2777 1698 2806 6.
