1818 3131
316 180 410 211 [ΑΒ.
435 181 486 211 11.
519 169 714 211 tuuf-'Q
751 181 812 209 1113
852 182 1007 211 BELLO
1038 183 1265 213 GALLICO.

68 282 241 304 sacrorum
266 274 299 304 in
312 274 566 315 acceptionibus
585 274 763 314 respoude-

68 324 134 354 tis:
175 323 222 356 At
237 334 338 365 quam
355 326 544 355 necessaria
559 325 592 354 in
608 325 694 355 bello
711 325 765 364 sit,

66 374 119 404 vel
144 375 215 406 sola
230 374 370 405 Diodori
396 375 500 405 Siculi
525 374 628 405 verba
651 380 764 406 osten-

65 425 147 455 dant
172 425 193 456 1.
211 433 260 455 xi.
279 434 310 464 p.
328 428 357 456 9.
405 425 468 455 Ubi
485 425 544 462 ait,
559 426 678 455 Persas
695 436 762 456 ιιιιι-

66 478 156 505 tuam
180 475 211 504 in
240 475 366 504 caulem
401 484 511 505 versos
534 485 628 506 esse:
651 476 699 506 διὰ
725 476 764 506 τὸ

63 524 142 564 μήτε
165 523 311 563 ἡγεμόνος
341 525 567 564 παραγγελίαν,
588 525 667 564 μήτε
692 537 762 556 συν-

64 574 196 612 θήματος
218 575 377 614 ἐρώτησιν,
406 575 484 614 μήτε
517 576 596 607 ὅλως
629 576 763 608 διανοίας

62 621 254 654 κατάστασιν
281 623 452 664 ὑπάρχειν;
480 626 651 665 Propterea
684 628 762 666 quod

60 684 114 704 nee
139 675 223 705 ducis
246 675 420 715 imperium,
444 686 496 707 nec
518 681 640 708 tesso-ce
665 678 762 717 inqui-

59 725 143 764 sitio,
159 735 211 756 nec
231 729 332 756 certus
354 727 528 757 animorum
550 730 651 758 status
672 732 760 760 esset.

59 774 181 816 ltaque
197 780 232 805 et
248 775 336 815 apud
350 776 490 807 Graecos
501 776 602 807 fuisse
619 777 760 808 observo

61 826 212 864 nuncios,
229 826 285 866 qui
308 835 382 856 eam
406 827 448 857 ad
465 827 584 858 ducum
610 829 759 867 singulos

61 874 264 914 perferrent.
298 875 397 907 Unde
417 877 592 917 Euripides
609 877 641 907 iu
657 878 756 908 Phoe-

59 924 155 953 ni-sis
173 934 258 956 vers.
276 928 368 956 1146.
418 926 504 957 Nam
521 927 624 958 ibide
636 937 671 958 se
685 928 757 968 ipso

58 974 104 1004 ait
117 974 277 1004 nuncius:
304 977 407 1015 Παρῆν
418 977 442 1006 δ’
456 975 576 1015 ἑκάστῳ
599 977 696 1008 τῶνδέ
708 990 758 1015 μοι

56 1022 194 1061 θεάματα
231 1023 371 1063 Ξύνθημα
406 1026 590 1066 παρφέροντι
619 1027 760 1065 ποιμέσιν

56 1072 182 1112 λόχωνε
202 1075 263 1106 Fui
282 1078 382 1106 autem
398 1081 553 1116 spectator
570 1079 677 1108 horum
693 1088 754 1108 om-

54 1125 153 1164 nium,
172 1125 328 1156 Tesseram
342 1126 451 1164 ferens
462 1128 589 1159 ducibus
601 1128 755 1159 ordinum.

56 1174 122 1205 Ubi
151 1176 293 1206 Graecus
320 1175 455 1215 ξύνθημα
492 1178 755 1218 interpretatur,

55 1224 180 1263 σημεῖόν
191 1237 232 1265 τι,
244 1226 320 1257 ἴδιον
343 1226 370 1257 εἷ
386 1228 581 1268 γινώσκουσι,
608 1229 681 1269 ὑπὲρ
701 1230 757 1260 τοῦ

52 1274 95 1313 μὴ
130 1274 202 1307 τοὺς
229 1275 319 1308 ι’δίυυς
341 1277 490 1316 φονεύειν.
562 1279 664 1319 Apud
691 1281 756 1311 Ro-

54 1335 168 1357 manos
180 1328 339 1358 tossen-arii
362 1329 566 1369 nuncupati:
584 1329 673 1359 unde
688 1330 754 1360 Ve-

52 1379 121 1416 get.
137 1385 176 1407 11.
207 1380 238 1408 7.
263 1378 482 1416 ‘Tema-arii,
509 1378 564 1419 qui
589 1383 754 1410 tesseram

52 1434 114 1466 per
141 1426 363 1457 contubernia
396 1428 540 1458 militum
566 1429 753 1460 nunciant!

52 1475 99 1506 At
114 1476 226 1515 lapsus
251 1476 338 1507 idem
363 1477 533 1517 interpres
557 1488 634 1509 cum
653 1480 754 1510 vexil-

50 1526 117 1555 lum
144 1525 235 1556 ἀετὸν
264 1527 382 1558 vertit.
438 1529 608 1559 Vexillum
639 1530 754 1560 tunica

51 1575 197 1615 punicea
221 1581 307 1617 erat,
338 1582 376 1608 ut
394 1578 475 1608 satis
509 1588 551 1609 ex
581 1580 752 1610 veteribus

48 1630 176 1657 notum.
222 1627 295 1658 Nec
319 1628 440 1668 aquilae
468 1629 522 1660 hic
549 1639 625 1659 usus
652 1630 752 1669 ullus,

48 1675 112 1705 nisi
128 1676 262 1716 qnando
279 1677 462 1717 imperator
486 1684 564 1709 aute
592 1680 751 1719 proelium

47 1725 235 1757 exercitum
252 1727 499 1768 alloquebatur.
545 1729 637 1759 Tunc
663 1731 750 1760 enim

44 1774 166 1815 aquilae
191 1780 226 1806 et
248 1777 371 1807 vexilla
386 1778 575 1809 cohortium
595 1785 673 1810 ante
693 1780 751 1810 im-

45 1829 235 1866 peratorem
254 1827 356 1856 locari
381 1828 488 1858 solita.
532 1829 600 1859 Sed
625 1830 749 1860 allocu-

47 1876 139 1907 tione
169 1877 222 1908 hic
253 1878 421 1909 Caesarem
446 1889 513 1909 non
543 1881 634 1921 loqui
663 1881 745 1912 satis

47 1931 202 1966 arguant,
220 1937 294 1968 qnae
311 1935 510 1969 sequuntur,
525 1931 534 1946 ‘
552 1931 641 1971 quod
670 1938 744 1964 erat

45 1976 189 2017 insigne,
233 1988 336 2018 quium
364 1979 406 2010 ad
453 1990 548 2011 arma
588 1983 746 2013 concurri

44 2027 245 2067 oporteret!
304 2030 407 2068 Dein,
431 2040 505 2071 quae
530 2032 644 2071 paullo
670 2038 747 2073 post

47 2077 174 2116 subdit,
197 2079 205 2094 ‘
221 2078 345 2110 milites
362 2081 584 2112 cohortandi!
614 2083 746 2115 Vossius.

49 2126 214 2158 Videatur
230 2128 272 2159 de
288 2129 393 2160 tribus
406 2131 499 2162 hisce
512 2131 627 2171 signis,
642 2134 745 2164 vexil-

45 2177 91 2214 lo,
104 2177 196 2216 tuba,
208 2183 243 2209 et
260 2182 400 2217 tessera,
413 2182 547 2212 omnino
563 2182 656 2222 Lips.
671 2184 744 2214 Mil.

49 2227 96 2258 D.
118 2236 166 2258 ιν.
191 2231 242 2259 ll.
270 2232 319 2260 12.
343 2230 429 2261 unde
447 2237 555 2271 patet,
576 2234 745 2273 vulgatam

47 2276 226 2308 lectionem
242 2279 322 2309 satis
337 2288 450 2310 sanam
466 2290 550 2312 esse.
587 2283 642 2313 De
657 2284 745 2314 Vex-

45 2325 104 2355 illo
124 2330 158 2356 et
172 2327 266 2357 Tuba
283 2327 368 2358 adde
387 2330 541 2361 Curtium
566 2341 597 2363 v.
619 2335 650 2362 2.
691 2333 744 2364 De

45 2377 245 2408 'ress-erariis
285 2378 363 2409 vide
402 2379 561 2420 Inscript.
604 2382 744 2414 Gruter.

46 2426 195 2458 Florent.
220 2433 253 2458 et
285 2428 410 2466 Gutlii3
444 2430 562 2470 Cujac.
598 2432 743 2464 Observ.

43 2483 93 2506 w.
108 2478 159 2507 33.
181 2482 216 2508 et
239 2478 404 2509 Stewecli.
428 2480 468 2509 ad
488 2481 610 2521 Vegct.
647 2483 744 2515 Unde

47 2525 136 2565 apud
167 2527 364 2559 Frontinum
389 2539 443 2560 111.
463 2534 513 2562 14.
538 2533 553 2571 ς
578 2535 606 2562 1.
632 2531 745 2564 forsan

46 2575 225 2617 legendum
238 2579 400 2611 Munatius
416 2582 447 2611 in
460 2585 574 2613 tessera
589 2583 641 2613 vel
658 2583 745 2614 simi-

45 2625 79 2656 le
95 2627 186 2667 quid.

88 2678 108 2706 7
133 2677 175 2707 Et
189 2677 328 2710 incursus
342 2680 489 2721 hostium]
513 2682 569 2712 Ita
593 2683 744 2714 nonnulli

49 2725 157 2758 Codd.
188 2727 329 2761 Graecus
351 2731 445 2772 item,
462 2731 481 2769 ἡ
501 2734 563 2763 τῶν
583 2733 744 2771 πολεμίων

1430 175 1513 216 991

817 276 970 316 ἐπιδρομή.
998 279 1080 310 Mss.
1117 280 1241 312 Eliens.
1268 290 1420 311 successus
1449 281 1515 312 laos-

814 325 903 356 tium.
937 327 1035 358 Quod
1054 328 1139 359 idem
1154 335 1217 360 est.
1251 329 1305 361 Al.
1320 335 1350 361 ct
1364 340 1515 361 successus

814 377 843 404 et
868 375 1015 406 incursus.
1078 380 1229 410 Quorum
1258 381 1401 411 alterum
1427 378 1514 411 forte

815 429 867 454 cst
884 424 1072 457 Clo-sema.
1101 430 1206 459 (Ilm-k.
1253 434 1260 446 ⁸
1279 431 1319 460 Et
1337 440 1512 461 successus

813 479 848 504 ct
859 474 1011 505 incursus
1024 477 1165 508 bostium
1179 480 1385 518 impediebat
1398 481 1417 511 :'
1434 481 1515 512 scri-

814 525 853 555 be
865 530 901 555 et
916 535 1068 557 successus
1083 528 1214 565 hostium
1232 531 1436 570 imputabat,-
1455 531 1512 562 dc-

812 575 889 605 lctis
919 575 1049 606 duabus
1078 579 1220 616 voculis,
1251 592 1332 620 quas
1357 582 1512 613 nesciunt

813 625 938 657 Lovan.
957 628 1095 658 Norvic.
1118 627 1242 659 Ῥείην.
1265 632 1426 671 Bougars.
1457 642 1509 672 pr.

810 685 879 706 sec.
899 676 1061 717 Gottorp.
1085 683 1119 708 et
1145 679 1309 719 Egmond.
1356 682 1512 720 Explica-

813 725 914 756 tionis
932 726 1020 756 enim
1034 737 1135 758 causa
1148 734 1225 759 sunt
1243 730 1381 760 additae.
1403 731 1512 763 Daris.

811 784 956 806 (Ἧι-,δρα
980 777 1057 807 Non
1072 779 1373 816 agnose-nuteriam
1393 780 1513 810 Faerni

810 835 848 856 ac
867 826 1001 856 Brantii
1019 827 1110 865 libri,
1127 838 1236 868 neque
1254 829 1354 859 etiam
1378 829 1445 860 duo
1469 839 1511 860 ex

810 876 892 905 meis
921 885 960 906 ac
985 877 1049 906 Ed.
1076 877 1215 909 Incerta
1239 888 1315 909 cum
1339 881 1512 920 excerptis

815 925 923 955 l’ulm.
948 926 1076 956 Verum
1093 933 1183 958 amat
1195 929 1307 959 (Yasar
1318 929 1399 959 duas
1413 939 1512 960 voces

804 974 964 1014 jungere,
992 986 1132 1016 quarum
1157 978 1264 1007 altera
1289 978 1428 1009 alterius
1460 984 1512 1010 est

810 1026 1062 1065 interpretatio,
1106 1034 1143 1059 ut
1175 1038 1267 1068 saepe
1306 1029 1511 1060 monendum

808 1075 884 1105 erit.
911 1075 964 1105 lta
982 1084 1048 1106 vn.
1065 1078 1116 1107 30.
1130 1078 1138 1092 ‘
1158 1077 1318 1116 patienda
1341 1083 1376 1108 et
1399 1078 1510 1118 perfe-

809 1124 936 1156 rcuda.'
975 1125 1015 1155 B.
1034 1126 1110 1156 civ.
1138 1135 1162 1156 1.
1187 1131 1218 1157 5.
1244 1129 1252 1144 ‘
1268 1132 1456 1158 extremum
1475 1134 1510 1160 et

808 1174 962 1205 ultimum
979 1176 1056 1206 SC.'
1073 1186 1112 1208 11.
1125 1180 1156 1207 4.
1172 1178 1181 1194 ‘
1199 1177 1327 1217 invisis,
1345 1178 1510 1208 latitanti-

809 1225 892 1262 huss
912 1227 976 1256 διε.
1017 1226 1058 1257 Β.
1084 1227 1159 1257 Civ.
1193 1237 1246 1258 111.
1276 1230 1326 1258 13.
1356 1232 1391 1259 et
1419 1229 1510 1260 alibi.

805 1275 905 1306 Adde
917 1277 1006 1307 Dav.
1020 1277 1062 1307 ad
1074 1279 1114 1308 B.
1135 1278 1234 1309 Alex.
1260 1287 1290 1309 c.
1309 1282 1362 1309 71.
1379 1283 1414 1309 et
1435 1289 1508 1319 pas-

805 1325 878 1356 sim.
926 1326 1075 1358 Incursus
1090 1335 1123 1358 et
1138 1328 1262 1367 inpetus
1279 1329 1370 1359 alibi.
1408 1329 1450 1359 V.
1465 1329 1507 1359 ad

806 1378 941 1407 V111.18.
956 1377 1042 1407 Nam
1052 1378 1140 1407 male
1151 1378 1307 1409 Clarkius
1322 1388 1397 1409 cum
1410 1378 1511 1418 Aldo,

805 1426 944 1458 Vaseos.
983 1428 1150 1468 Gryphio,
1167 1430 1340 1468 Stephano
1365 1430 1508 1470 aliisque

805 1477 949 1507 exclusit
971 1481 1001 1507 et
1025 1487 1196 1508 successus:
1227 1479 1309 1509 licet
1333 1479 1433 1509 etiam
1460 1481 1508 1509 ita

807 1526 915 1564 egerit
930 1527 1102 1557 Leidensis
1122 1528 1221 1567 primi
1239 1529 1405 1559 librarius.
1441 1530 1508 1560 Ra-

804 1575 900 1605 rioris
917 1576 1005 1606 enirn
1019 1586 1096 1607 usus
1115 1578 1205 1608 vocis
1229 1588 1382 1609 successus
1402 1579 1508 1610 iuter-

804 1629 1054 1664 pretamentum
1086 1636 1160 1658 esse
1189 1627 1226 1657 τὸ
1257 1627 1408 1668 incursus,
1439 1639 1505 1660 non

803 1679 935 1713 contra,
949 1675 1030 1705 satis
1045 1681 1174 1716 patere,
1190 1677 1320 1717 opinor.
1345 1677 1506 1709 Successus

803 1724 892 1755 enim
906 1726 957 1756 luc
973 1731 1069 1758 notat
1085 1727 1299 1758 celerrimum
1314 1734 1349 1759 et
1367 1739 1507 1770 prospe-

803 1783 875 1804 rum
891 1775 1080 1807 incursum:
1109 1777 1156 1808 ita
1184 1787 1208 1808 1.
1228 1782 1279 1809 24.
1309 1781 1317 1795 ⁴
1333 1779 1404 1819 Ipsi
1429 1789 1506 1811 con-

802 1823 985 1856 fortissima
1001 1828 1073 1858 acie
1093 1829 1222 1868 rejecto
1237 1835 1354 1860 nostro
1371 1831 1504 1871 equita-

802 1879 851 1912 tu,
869 1877 930 1905 sul)
946 1876 1087 1916 primam
1106 1878 1212 1908 aciem
1227 1881 1484 1910 successerunt.’

844 1929 882 1956 14
905 1925 1109 1968 Spectabunt]
1129 1929 1503 1971 Legaturexpectabant,

799 1976 1023 2016 quodjubent
1040 1978 1201 2019 Gottorp.
1219 1981 1316 2012 Voss.
1335 1982 1500 2022 Egmontl.

800 2026 990 2067 reliquique
1019 2028 1164 2060 codices.
1205 2031 1316 2062 Ducis.
1342 2041 1414 2063 cur.
1433 2042 1500 2064 sec.

799 2076 985 2116 Spectabunt
1013 2079 1054 2110 ab
1079 2080 1201 2111 Ursino
1217 2091 1236 2112 e
1253 2082 1319 2112 suis
1338 2083 1421 2114 Mss.
1451 2089 1504 2115 est

798 2127 1001 2169 profectum,
1016 2130 1106 2170 quod
1130 2133 1260 2171 primus
1278 2134 1408 2173 recepit
1426 2135 1502 2165 Sca-

797 2178 902 2219 liger3
939 2185 972 2210 et
998 2180 1217 2212 confirmatur
1234 2183 1441 2215 solummodo
1459 2185 1501 2215 ab

796 2230 932 2262 Andino
947 2237 982 2262 et
994 2232 1089 2263 Leid.
1108 2234 1225 2273 primo.
1271 2236 1399 2273 Recte3
1418 2237 1500 2268 licet

796 2280 941 2311 alterum
972 2281 1081 2313 videri
1103 2284 1203 2314 alicui
1226 2285 1332 2325 possit
1359 2287 1499 2325 rectius,

796 2336 834 2362 ut
849 2332 1067 2371 exspectabant
1084 2334 1127 2364 sit
1143 2345 1151 2372 3
1174 2344 1239 2365 non
1267 2336 1498 2375 morabantur,

796 2382 873 2412 dum
914 2383 1099 2424 imperaret
1125 2385 1250 2425 Caesar,
1287 2385 1346 2416 scd
1378 2396 1438 2426 per
1463 2396 1497 2417 se

795 2432 953 2471 agebant.
998 2434 1135 2466 Terent.
1156 2436 1241 2466 Eun.
1270 2444 1325 2466 111.
1350 2440 1380 2468 5.
1412 2438 1420 2453 ⁴
1436 2437 1497 2467 Sto

795 2488 1010 2522 exspectans,
1040 2486 1066 2514 si
1093 2485 1172 2525 quid
1200 2486 1392 2526 imperent!
1452 2487 1496 2517 At

792 2538 930 2572 spectare
944 2534 1022 2565 nihil
1039 2535 1203 2575 imperium
1219 2541 1272 2567 est
1295 2537 1377 2566 nihil
1401 2546 1495 2567 reve-

794 2584 872 2623 reri,
889 2593 954 2615 non
981 2595 1115 2624 curare,
1132 2596 1197 2616 non
1223 2592 1436 2627 exspectare,
1454 2597 1494 2617 au

795 2633 944 2671 videant,
959 2635 1038 2676 quid
1068 2636 1210 2675 imperet
1226 2648 1232 2667 :
1258 2642 1295 2668 nt
1318 2646 1365 2667 vr.
1381 2640 1432 2667 39.
1450 2637 1492 2668 de

794 2693 872 2715 usus
889 2685 1044 2718 militaris
1068 2686 1233 2726 imperitis
1252 2697 1258 2715 :
1285 2687 1294 2703 ‘
1312 2686 1365 2716 Au
1386 2687 1492 2718 tribu-

794 2744 855 2766 nos
884 2746 944 2767 ora
973 2742 1190 2768 convertunt.
1249 2736 1340 2769 Quid
1368 2736 1411 2768 ab
1440 2737 1490 2768 his
