1818 3131
318 234 412 262 Lm.
446 232 510 262 vi.
542 231 648 261 cnr.
678 220 749 261 38.
783 233 844 261 1>ss
880 232 1033 263 nmmo
1065 234 1291 263 οΑωΛοο.

90 327 202 358 arvis:
246 327 464 367 Oppositum,
485 326 494 343 ‘
516 323 653 356 Nautici
679 323 786 355 taber-

91 378 209 408 nacula
224 378 388 408 detendunt
401 377 423 413 ,·'
447 375 537 416 apud
555 375 696 406 Livium.
743 375 787 405 Et

90 428 180 468 apud
207 427 374 458 Caesarem
403 425 501 464 iufra,
525 425 567 455 de
586 425 624 456 B.
641 425 712 456 Civ.
730 433 787 456 ιιι.

88 478 103 517 ξ
116 480 168 508 71.
183 479 190 494 ‘
204 475 498 515 tabernaculisque
507 475 662 505 detensis!
681 476 786 506 Clark.

90 527 274 566 Perperam
291 525 374 556 Mss.
392 523 547 555 undecim
564 530 599 555 et
614 524 702 555 Edd.
720 524 785 564 pri-

89 586 150 607 ma·
167 575 220 606 sub
233 575 321 605 valle.
366 572 453 604 Vide
471 573 632 605 Ciaccon.
657 578 692 604 et
717 574 785 605 Ho-

89 632 169 655 tom.
193 629 228 655 et
243 623 376 654 omnino
392 628 486 653 notas
504 622 546 653 ad
565 624 718 655 Frontin.
737 632 784 654 iv.

90 678 118 705 1.
142 678 192 705 18.
210 674 219 690 ⁴
237 673 402 705 Omnibus
419 678 517 704 extra
540 673 662 704 vallum
680 673 784 713 jussis

88 722 251 754 tendere!

130 777 170 805 16
196 774 298 805 Notas
312 772 373 804 sibi
388 773 553 813 religiones
563 773 710 814 fingunt]
745 773 785 804 Id

86 828 139 854 est
165 828 303 854 metum.
350 824 437 855 Nam
462 824 580 864 religio
605 833 664 863 pro
692 828 785 854 metu

87 873 234 913 ponitur.
280 873 334 904 Sic
362 874 461 905 Maro
486 882 565 904 riu.
583 876 656 904 ³49.
680 877 689 891 ‘
707 874 784 905 Jam

87 927 157 953 tum
175 923 291 963 religio
309 923 449 963 pavidos
467 923 617 954 terrebat
631 928 785 964 agrestes

84 970 173 1002 Dira
189 972 274 1003 loci!
318 972 372 1003 Sic
398 973 572 1013 reciproce
600 976 699 1004 metus
725 983 784 1014 pro

86 1021 260 1062 religione.
307 1022 406 1054 Maro
426 1032 490 1054 vu.
518 1027 571 1054 60.
598 1024 640 1055 de
667 1025 782 1055 lauro:

85 1071 95 1087 ‘
112 1071 301 1112 multosque
318 1077 411 1103 metu
426 1077 561 1103 servata
577 1083 639 1113 per
655 1073 783 1105 annos)

86 1120 152 1152 Ubi
169 1122 325 1153 Servius:
351 1122 453 1160 Metu,
483 1123 515 1153 id
533 1126 591 1162 est,
620 1124 784 1163 religione,

85 1180 150 1211 quoe
165 1171 302 1202 nascitur
323 1181 380 1211 per
401 1172 554 1203 timorem.
603 1173 691 1204 Hinc
721 1174 783 1205 Pe-

86 1220 232 1252 tronius:
257 1221 267 1238 ‘
287 1222 421 1252 Primus
437 1222 470 1253 in
488 1223 569 1254 orbe
594 1223 675 1255 deos
700 1223 783 1255 fecit

84 1270 194 1310 timor,
219 1271 324 1302 ardua
351 1273 435 1304 coelo
464 1273 619 1304 Fulmina
635 1284 711 1306 cum
729 1285 782 1306 ca-

84 1319 228 1352 dorent!
272 1321 313 1352 Id
330 1326 393 1362 ent,
415 1326 515 1354 metus
540 1325 687 1363 produxit
711 1326 782 1356 reli-

82 1371 216 1409 glanem.
259 1371 315 1402 Sic
342 1382 475 1413 quoque
494 1373 583 1413 apud
602 1374 784 1413 Romanos,

85 1425 123 1450 ut
141 1420 272 1451 Gellius
285 1420 385 1452 docet
402 1430 450 1452 ιν.
468 1425 499 1452 9.
517 1424 525 1439 ‘
545 1422 691 1463 religiosi
710 1423 782 1455 dies

84 1468 245 1500 (licuntur
259 1470 346 1501 tristi
362 1471 471 1502 omine
489 1471 629 1503 infames
643 1473 783 1513 impedi—

86 1520 191 1561 tique‚
207 1520 240 1550 in
256 1520 376 1561 quibus
394 1526 429 1552 et
447 1531 499 1552 res
515 1522 644 1553 divinas
657 1522 783 1561 facere,

85 1575 120 1602 et
152 1580 222 1602 rem
260 1572 452 1612 quampiam
483 1582 604 1603 novam
634 1574 783 1605 exordiri

85 1622 341 1661 temperandum
368 1627 432 1653 est.
478 1624 572 1656 Quos
601 1624 782 1655 multitudo

84 1670 317 1711 imperitorum
345 1682 448 1712 prave
473 1678 508 1704 et
531 1683 708 1714 perperam
725 1685 780 1705 ne-

85 1719 191 1752 fastos
208 1722 404 1762 appellant.'
437 1723 523 1754 Inde
543 1723 701 1755 Alliensis
717 1726 782 1756 cla-

85 1769 138 1800 dis
154 1770 226 1801 dies
243 1771 420 1809 religiosus
438 1771 598 1803 Romanis
615 1773 690 1804 fuit.
737 1775 782 1805 Et

85 1819 132 1851 sic
159 1819 202 1852 ob
227 1820 346 1852 Titurii
375 1821 519 1861 cladem,
547 1823 611 1853 illis
635 1823 669 1853 in
700 1823 781 1855 locis

84 1877 273 1913 acceptam,
298 1872 439 1913 quisque
466 1872 612 1904 infausta
637 1884 780 1915 quaeque

83 1921 145 1953 sibi
158 1921 382 1954 ominabatur.
411 1923 544 1955 Vossius,

127 1979 285 2003 xxxvm.
302 1975 318 2004 1
343 1973 381 2003 In
394 1972 555 2012 proesidio]
598 1973 656 2004 Sic
684 1978 779 2005 recte

85 2021 205 2054 Petav.
237 2023 354 2063 anac.
384 2022 512 2054 Andin.
540 2023 637 2055 Leid.
665 2033 716 2064 pr.
744 2028 781 2055 et

85 2069 196 2102 Oxou.
225 2081 301 2102 cum
322 2064 454 2109 Scaea.
520 2073 588 2104 Adi
617 2074 711 2105 dicta
737 2074 778 2105 ad

84 2131 116 2153 c.
140 2125 190 2154 33.
218 2125 227 2140 ‘
244 2123 286 2154 In
315 2114 471 2163 praesit'io
498 2124 779 2165 relinquebatur.'

84 2172 222 2214 Reliqui
245 2178 357 2205 tamen
388 2172 494 2206 Coi‘d.
525 2180 560 2205 et
587 2175 672 2206 Edd.
697 2176 781 2206 anti-

83 2223 250 2263 quissimae
265 2235 335 2255 cum
348 2220 506 2311 ρνιεήάῗζ.
531 2224 599 2256 Sed
617 2230 686 2256 tum
700 2225 778 2255 addi

85 2271 204 2302 debuit
230 2272 336 2310 locus,
362 2274 467 2314 quoii
498 2283 595 2304 ·cum
621 2274 780 2314 praesidio

84 2329 176 2353 esset
198 2323 346 2354 relictus.
390 2323 470 2355 Jam
497 2319 609 2366 agitem
625 2324 780 2354 eumdem

83 2371 196 2403 locum
226 2372 436 2404 Aduatucam
461 2368 686 2419 sive'XNmunita
709 2384 780 2405 cas-

84 2426 148 2461 tra,
173 2423 261 2453 unde
279 2423 422 2454 Graecus
446 2424 478 2453 ἐν
498 2423 707 2465 στρὶτοπέδῳ,
733 2425 779 2455 iu-

85 2472 232 2513 telligit:
267 2473 308 2504 de
339 2474 508 2505 locutione
538 2485 607 2506 cum
633 2474 780 2514 praesidio

84 2521 161 2553 vide
177 2522 220 2554 ad
239 2532 316 2553 vlu.
334 2525 364 2554 2.
390 2524 400 2540 ‘
417 2533 492 2555 cum
509 2525 680 2564 equitatus
696 2533 780 2564 prae-

85 2570 195 2603 sidio!

126 2621 167 2652 Ρ.
181 2621 308 2653 Sextius
323 2623 588 2662 Baculus—cujus
599 2623 780 2654 mentionem

83 2671 286 2711 superioribus
305 2674 422 2714 proelz'is
439 2673 588 2713 fecimus]
623 2674 780 2714 Hujusce

85 2719 241 2752 Bibaculi
266 2721 331 2764 (sic
347 2722 436 2753 enim
459 2723 640 2763 legendum
664 2732 780 2754 cense-

85 2767 176 2810 mus)
211 2770 359 2804 Nervico
391 2778 432 2803 et
456 2772 626 2804 Sedunico
659 2773 779 2814 proelio

170 2821 287 2862 Delph.
299 2826 329 2854 et
349 2823 422 2856 Var.
440 2824 525 2857 Clas.

751 2825 859 2857 Caesm·

1423 224 1535 265 1185

838 326 989 358 meminit
1005 328 1132 359 Caesar.
1173 327 1260 359 vide
1273 327 1312 360 B.
1327 327 1417 360 G.n.
1434 332 1486 363 25.
1500 334 1535 361 et

839 383 893 405 ιιι.
918 379 946 405 5.
1003 377 1100 407 Licet
1129 384 1241 408 autem
1270 378 1384 408 niultae
1413 388 1533 419 pugnae

837 423 903 454 sint
935 431 1055 464 postca
1094 426 1208 465 factm,
1238 433 1271 458 et
1301 428 1333 457 iu
1364 428 1414 459 liis
1442 428 1534 459 libris

837 480 1119 513 commemoratae,
1143 476 1175 506 in
1191 477 1311 516 quibus
1329 478 1420 508 nulla
1434 478 1536 509 Biba-

837 524 904 554 culi
922 525 1063 564 mcntio,
1080 535 1143 555 non
1160 535 1297 557 recessu
1313 532 1378 566 est,
1404 531 1444 559 ut
1458 537 1535 560 cum

837 574 892 604 Fr.
910 574 1125 605 Hotomanno
1148 585 1347 615 reponamus
1371 579 1536 618 superiori-

835 623 889 653 bus
915 623 1003 653 libris
1030 624 1080 654 vel
1107 627 1343 656 commentariis.
1391 627 1538 660 I'raeter·

836 682 935 713 quam
952 673 1040 703 euim
1063 673 1149 713 quod
1166 675 1323 714 superiora
1338 681 1429 716 sunt,
1446 688 1536 718 quae—

835 732 970 763 cunque
989 724 1198 764 praecedant,
1215 725 1254 763 si,
1270 734 1329 765 pro
1347 726 1407 756 viri
1425 727 1535 758 erudi-

836 772 861 802 ti
885 773 1069 812 sententia,
1085 773 1149 808 hoc
1174 783 1293 805 nomen
1309 776 1536 816 restringatur

837 822 877 853 ad
897 833 949 862 ea,
977 833 1051 863 quae
1080 823 1200 862 ἆμέσως
1227 831 1305 856 sunt
1336 826 1462 866 priora,
1493 837 1535 858 ne

835 872 924 904 iilius
942 874 1078 913 quidem
1102 875 1296 906 emendatio
1312 875 1422 907 locum
1436 877 1536 908 habe-

836 922 895 953 bit.
942 923 1055 953 Daris.
1099 924 1284 955 Bibaculus
1309 925 1398 957 clare
1423 932 1537 959 exstat

836 972 868 1003 in
886 973 1044 1004 Lcidensi
1061 974 1220 1005 secundo.
1266 975 1353 1006 Vide
1372 976 1414 1007 ad
1431 985 1468 1008 11.
1482 979 1534 1008 25.

834 1023 939 1054 et‘hic
955 1023 1057 1053 etiam
1069 1024 1257 1055 Brantium.

876 1076 896 1104 2
919 1075 1012 1114 Apud
1031 1074 1200 1115 Caesarem]
1229 1075 1336 1115 Bong.
1366 1085 1417 1115 pr.
1437 1077 1535 1107 Voss.

833 1123 932 1162 prim.
951 1123 1048 1153 Leid.
1062 1133 1113 1163 pr.
1131 1124 1253 1155 Petav.
1269 1125 1437 1165 Egmund.
1450 1127 1535 1157 Bus-

833 1172 892 1203 lid.
921 1179 956 1204 ct
976 1182 1034 1204 sex
1062 1173 1118 1204 alii
1141 1184 1217 1205 cum
1242 1174 1306 1206 Ed.
1334 1175 1472 1207 Incerta
1493 1178 1535 1207 ad

835 1223 1001 1255 Caesarem.
1038 1224 1223 1255 Verissime
1238 1234 1299 1266 pro
1314 1226 1408 1266 apud.
1445 1226 1534 1258 Vide

833 1272 874 1302 ad
892 1281 914 1303 ι.
932 1275 984 1304 31.
1003 1273 1012 1290 ‘
1032 1274 1100 1306 Qui
1117 1273 1253 1305 fuerant
1270 1281 1348 1306 ante
1365 1275 1407 1306 ad
1426 1276 1536 1307 C-aesa-

833 1331 903 1353 rem
917 1323 936 1353 :'
953 1323 1006 1354 vel
1021 1323 1062 1354 ad
1080 1332 1136 1354 ιιι.
1153 1327 1183 1355 9.
1201 1325 1210 1341 ‘
1226 1324 1281 1355 Ad
1299 1335 1413 1356 omnes
1429 1326 1536 1357 natio-

833 1382 891 1403 nes
906 1373 1083 1404 sanctum!
1107 1383 1172 1405 vu.
1189 1378 1220 1404 5.
1248 1376 1258 1391 ‘
1273 1385 1355 1415 quos
1377 1375 1420 1406 ad
1435 1385 1534 1407 exer-

833 1422 938 1452 citum
956 1423 1164 1464 reliquerat!
1209 1425 1330 1455 Paullo
1353 1430 1430 1465 post
1446 1426 1533 1457 male

833 1471 929 1503 Carr.
947 1477 982 1504 et
997 1472 1064 1503 duo
1081 1473 1136 1504 alii
1149 1483 1226 1504 cum
1245 1474 1334 1505 Edd.
1351 1475 1448 1505 Rom.
1461 1475 1537 1506 Me-

833 1520 913 1552 diol.
930 1522 1017 1553 Ven.
1046 1527 1081 1553 et
1105 1523 1194 1554 Edd.
1222 1523 1333 1555 Amst.
1356 1524 1466 1564 Lugd.
1495 1534 1534 1556 ac

836 1570 967 1602 Davisii
983 1573 1024 1602 ad
1038 1572 1121 1603 diem
1133 1583 1144 1603 ,-
1160 1573 1250 1604 unde
1267 1574 1353 1604 male
1370 1583 1410 1604 ea
1425 1573 1535 1604 cohae-

833 1625 909 1650 rent
926 1621 1211 1660 praecedentibus.
1256 1623 1395 1664 Reliqui
1411 1623 1532 1663 scripti

832 1675 869 1701 et
885 1671 983 1702 Edit'r
1000 1682 1048 1709 ac,
1078 1676 1116 1703 ut
1141 1672 1254 1704 debet.
1293 1682 1327 1703 v.
1349 1676 1401 1704 25.
1425 1673 1531 1704 ‘Ter-

833 1720 999 1760 tiumjam
1016 1730 1139 1752 anuum
1156 1722 1322 1762 regnans!

873 1774 893 1801 4
915 1771 962 1801 Ac
993 1771 1140 1811 omnium]
1165 1772 1244 1803 Non
1275 1773 1389 1803 solent
1413 1771 1535 1813 optini

830 1820 1014 1860 scriptores
1039 1830 1166 1860 ponere
1191 1832 1227 1852 ac
1253 1827 1332 1852 ante
1355 1823 1531 1854 vocalem:

830 1876 868 1900 ut
890 1871 991 1902 docet
1010 1871 1097 1903 Clar.
1118 1872 1232 1903 Burm.
1249 1873 1290 1902 ad
1306 1874 1445 1904 Sucton.
1461 1875 1533 1906 Jul.

831 1930 861 1952 c.
878 1923 930 1952 27.
954 1926 990 1951 et
1007 1921 1115 1961 Calig.
1132 1931 1163 1952 c.
1180 1925 1211 1952 3.
1257 1923 1370 1955 Quare
1388 1924 1534 1955 auctori-

831 1975 902 2001 tate
918 1971 1001 2002 Mss.
1018 1972 1145 2011 Ursini,
1169 1973 1266 2004 Leid.
1288 1983 1339 2014 pr.
1356 1974 1455 2006 Voss.
1479 1984 1534 2015 pr.

829 2020 919 2051 Scal.
936 2021 1033 2061 Egm.
1059 2021 1192 2052 Duker.
1221 2022 1445 2064 aliorumque,
1466 2033 1531 2055 nec

830 2079 898 2101 non
926 2070 1015 2101 Edd.
1042 2071 1142 2102 Vasc.
1171 2071 1288 2111 steph.
1319 2076 1354 2102 et
1383 2073 1532 2112 plurium

832 2119 967 2150 restitui
996 2122 1097 2159 atque.
1167 2120 1259 2151 Hinc
1291 2122 1390 2152 simul
1422 2128 1532 2163 patet,

831 2169 916 2200 male
933 2169 1066 2200 dedisse
1079 2170 1196 2200 Davis.
1212 2178 1253 2200 11.
1268 2173 1318 2202 19.
1335 2172 1344 2188 ‘
1359 2181 1398 2202 ac
1411 2176 1533 2212 aperta

831 2219 928 2258 loca,’
957 2230 1018 2261 pro
1045 2230 1081 2250 ac
1104 2221 1169 2251 loca
1197 2224 1315 2260 aperta,
1344 2221 1409 2252 nisi
1435 2222 1533 2253 maiis

829 2273 919 2310 atque
942 2274 1062 2311 aperta.
1109 2270 1248 2302 Oblitus
1272 2271 1361 2301 enim
1385 2272 1431 2302 ibi
1457 2282 1531 2303 sum

830 2331 967 2353 monere
986 2332 1021 2353 ac
1044 2322 1241 2353 mutandum
1267 2332 1338 2353 esse
1366 2323 1399 2353 in
1421 2326 1534 2363 atque,-

829 2371 856 2402 εἰ
870 2372 934 2401 loca
951 2371 1131 2403 deleamus.

871 2424 891 2452 9
914 2421 1076 2461 Relinquit
1088 2422 1209 2452 animus
1226 2421 1374 2452 Sestium
1382 2422 1531 2461 grat-ibus

828 2473 961 2512 acceptis·
976 2471 1161 2502 rulnerilms.
1205 2472 1306 2510 [Eg-re
1328 2482 1386 2512 per
1409 2482 1530 2511 manns,

826 2522 898 2563 ξω]
927 2523 1087 2562 Moritur,
1117 2523 1189 2554 vita
1219 2522 1368 2553 decedit.
1414 2523 1529 2553 Vitru-

831 2573 902 2604 vius
929 2572 1063 2604 Archit.
1094 2581 1119 2604 1.
1144 2576 1176 2604 4.
1195 2576 1203 2589 ⁶
1222 2582 1298 2603 cum
1329 2573 1372 2602 ad
1405 2577 1529 2603 terram

830 2621 1065 2661 producuntur
1080 2622 1088 2635 '
1117 2622 1261 2663 (pisces)
1277 2623 1285 2638 ‘
1302 2622 1436 2652 animam
1453 2630 1528 2652 cum

829 2683 917 2714 aqua
930 2674 1132 2714 relinquunt!
1178 2674 1360 2705 Terentius
1377 2672 1527 2712 Adelph.

829 2723 908 2754 Act.
927 2733 981 2755 111.
994 2723 1049 2755 Sc.
1061 2728 1092 2755 5.
1105 2727 1157 2754 52.
1174 2724 1184 2740 ‘
1194 2723 1341 2754 Animam
1355 2721 1528 2762 relinquam

831 2773 942 2812 potius
957 2782 1058 2815 quam
1080 2774 1171 2804 illam
1199 2771 1373 2804 deseram.’
1418 2772 1475 2802 Sic
1491 2776 1528 2803 et
