<?xml version="1.0" encoding="UTF-8"?>
<!DOCTYPE html PUBLIC "-//W3C//DTD XHTML 1.0 Transitional//EN"
    "http://www.w3.org/TR/xhtml1/DTD/xhtml1-transitional.dtd">
<html xmlns="http://www.w3.org/1999/xhtml" xml:lang="en" lang="en">
 <head>
  <title>
</title>
<meta http-equiv="Content-Type" content="text/html;charset=utf-8" />
  <meta name='ocr-system' content='tesseract 3.04.00' />
  <meta name='ocr-capabilities' content='ocr_page ocr_carea ocr_par ocr_line ocrx_word'/>
</head>
<body>
  <div class='ocr_page' id='page_1' title='image "./operaomniaexedit03caesuoft/operaomniaexedit03caesuoft_0466.png"; bbox 0 0 1883 3121; ppageno 0'>
   <div class='ocr_carea' id='block_1_1' title="bbox 231 203 339 246">
    <p class='ocr_par' dir='ltr' id='par_1_1' title="bbox 231 203 339 246">
     <span class='ocr_line' id='line_1_1' title="bbox 231 203 339 246; baseline -0.009 -1"><span class='ocrx_word' id='word_1_1' title='bbox 231 203 339 246; x_wconf 77' lang='lat'><strong>1884</strong></span> 
     </span>
    </p>
   </div>
   <div class='ocr_carea' id='block_1_2' title="bbox 224 304 939 2807">
    <p class='ocr_par' dir='ltr' id='par_1_2' title="bbox 224 304 939 2807">
     <span class='ocr_line' id='line_1_2' title="bbox 226 304 931 349; baseline -0.011 -7"><span class='ocrx_word' id='word_1_2' title='bbox 226 314 299 342; x_wconf 69' lang='lat' dir='ltr'><strong>hir.-</strong></span> <span class='ocrx_word' id='word_1_3' title='bbox 343 307 515 349; x_wconf 75' lang='lat' dir='ltr'><strong>Gryphins</strong></span> <span class='ocrx_word' id='word_1_4' title='bbox 542 311 576 337; x_wconf 84' lang='lat' dir='ltr'><strong>et</strong></span> <span class='ocrx_word' id='word_1_5' title='bbox 602 306 742 337; x_wconf 79' lang='lat' dir='ltr'>Ursinus</span> <span class='ocrx_word' id='word_1_6' title='bbox 769 304 931 335; x_wconf 81' lang='lat' dir='ltr'><strong>exhibent</strong></span> 
     </span>
     <span class='ocr_line' id='line_1_3' title="bbox 229 356 932 397; baseline -0.011 -4"><span class='ocrx_word' id='word_1_7' title='bbox 229 362 273 393; x_wconf 79' lang='lat' dir='ltr'><strong>Ue</strong></span> <span class='ocrx_word' id='word_1_8' title='bbox 289 372 356 391; x_wconf 81' lang='lat' dir='ltr'><strong>cum</strong></span> <span class='ocrx_word' id='word_1_9' title='bbox 367 359 531 390; x_wconf 68' lang='lat' dir='ltr'><strong>altitudine</strong></span> <span class='ocrx_word' id='word_1_10' title='bbox 546 367 646 397; x_wconf 80' lang='lat' dir='ltr'><strong>aquae,</strong></span> <span class='ocrx_word' id='word_1_11' title='bbox 659 360 726 387; x_wconf 84' lang='lat' dir='ltr'><strong>tum</strong></span> <span class='ocrx_word' id='word_1_12' title='bbox 740 356 835 386; x_wconf 79' lang='lat' dir='ltr'><strong>etiam</strong></span> <span class='ocrx_word' id='word_1_13' title='bbox 849 356 932 395; x_wconf 73' lang='lat' dir='ltr'><strong>rupi-</strong></span> 
     </span>
     <span class='ocr_line' id='line_1_4' title="bbox 224 406 933 450; baseline -0.01 -7"><span class='ocrx_word' id='word_1_14' title='bbox 224 413 324 443; x_wconf 72' lang='lat' dir='ltr'><strong>ditate</strong></span> <span class='ocrx_word' id='word_1_15' title='bbox 337 410 481 450; x_wconf 74' lang='lat' dir='ltr'><strong>fluminis</strong></span> <span class='ocrx_word' id='word_1_16' title='bbox 502 409 543 438; x_wconf 82' lang='lat' dir='ltr'><strong>ud</strong></span> <span class='ocrx_word' id='word_1_17' title='bbox 563 408 782 438; x_wconf 69' lang='lat' dir='ltr'><strong>transeundum</strong></span> <span class='ocrx_word' id='word_1_18' title='bbox 804 406 933 446; x_wconf 81' lang='lat' dir='ltr'><strong>impedi-</strong></span> 
     </span>
     <span class='ocr_line' id='line_1_5' title="bbox 224 455 930 499; baseline -0.007 -8"><span class='ocrx_word' id='word_1_19' title='bbox 224 464 345 491; x_wconf 86' lang='lat' dir='ltr'><strong>rentur.</strong></span> <span class='ocrx_word' id='word_1_20' title='bbox 392 458 442 490; x_wconf 79' lang='lat' dir='ltr'><strong>Ac</strong></span> <span class='ocrx_word' id='word_1_21' title='bbox 461 459 572 489; x_wconf 79' lang='lat' dir='ltr'><strong>sensui</strong></span> <span class='ocrx_word' id='word_1_22' title='bbox 586 457 723 499; x_wconf 87' lang='lat' dir='ltr'><strong>quidem</strong></span> <span class='ocrx_word' id='word_1_23' title='bbox 734 455 841 487; x_wconf 88' lang='lat' dir='ltr'><strong>officit</strong></span> <span class='ocrx_word' id='word_1_24' title='bbox 858 465 930 496; x_wconf 87' lang='lat' dir='ltr'><strong>par-</strong></span> 
     </span>
     <span class='ocr_line' id='line_1_6' title="bbox 229 506 931 550; baseline -0.01 -8"><span class='ocrx_word' id='word_1_25' title='bbox 229 512 334 542; x_wconf 74' lang='lat' dir='ltr'><strong>ticula</strong></span> <span class='ocrx_word' id='word_1_26' title='bbox 349 519 489 550; x_wconf 81' lang='lat' dir='ltr'><strong>negans.</strong></span> <span class='ocrx_word' id='word_1_27' title='bbox 529 508 584 539; x_wconf 77' lang='lat' dir='ltr'><strong>Ad</strong></span> <span class='ocrx_word' id='word_1_28' title='bbox 601 518 658 539; x_wconf 84' lang='lat' dir='ltr'><strong>eos</strong></span> <span class='ocrx_word' id='word_1_29' title='bbox 675 507 780 547; x_wconf 82' lang='lat' dir='ltr'><strong>igitur</strong></span> <span class='ocrx_word' id='word_1_30' title='bbox 795 506 931 537; x_wconf 85' lang='lat' dir='ltr'><strong>codices</strong></span> 
     </span>
     <span class='ocr_line' id='line_1_7' title="bbox 232 557 933 601; baseline -0.006 -10"><span class='ocrx_word' id='word_1_31' title='bbox 232 560 449 601; x_wconf 84' lang='lat' dir='ltr'><strong>refingendus</strong></span> <span class='ocrx_word' id='word_1_32' title='bbox 473 564 526 590; x_wconf 91' lang='lat' dir='ltr'><strong>est</strong></span> <span class='ocrx_word' id='word_1_33' title='bbox 547 560 660 597; x_wconf 80' lang='lat' dir='ltr'><strong>locus3</strong></span> <span class='ocrx_word' id='word_1_34' title='bbox 689 567 751 588; x_wconf 84' lang='lat' dir='ltr'><strong>nec</strong></span> <span class='ocrx_word' id='word_1_35' title='bbox 773 557 873 587; x_wconf 85' lang='lat' dir='ltr'><strong>aliter</strong></span> <span class='ocrx_word' id='word_1_36' title='bbox 891 566 933 588; x_wconf 84' lang='lat' dir='ltr'><strong>ex</strong></span> 
     </span>
     <span class='ocr_line' id='line_1_8' title="bbox 227 606 932 648; baseline -0.006 -8"><span class='ocrx_word' id='word_1_37' title='bbox 227 611 302 641; x_wconf 71' lang='lat' dir='ltr'><strong>aliis</strong></span> <span class='ocrx_word' id='word_1_38' title='bbox 333 610 427 640; x_wconf 85' lang='lat' dir='ltr'><strong>libris</strong></span> <span class='ocrx_word' id='word_1_39' title='bbox 465 608 657 640; x_wconf 79' lang='lat' dir='ltr'><strong>faciendum</strong></span> <span class='ocrx_word' id='word_1_40' title='bbox 682 607 855 648; x_wconf 78' lang='lat' dir='ltr'><strong>judicavit</strong></span> <span class='ocrx_word' id='word_1_41' title='bbox 881 606 932 637; x_wconf 88' lang='lat' dir='ltr'><strong>Cl.</strong></span> 
     </span>
     <span class='ocr_line' id='line_1_9' title="bbox 230 656 932 694; baseline -0.007 -4"><span class='ocrx_word' id='word_1_42' title='bbox 230 660 389 691; x_wconf 74' lang='lat' dir='ltr'><strong>Clarkias.</strong></span> <span class='ocrx_word' id='word_1_43' title='bbox 426 659 460 690; x_wconf 85' lang='lat' dir='ltr'><strong>1s</strong></span> <span class='ocrx_word' id='word_1_44' title='bbox 486 665 598 690; x_wconf 90' lang='lat' dir='ltr'><strong>tamen</strong></span> <span class='ocrx_word' id='word_1_45' title='bbox 621 659 654 688; x_wconf 94' lang='lat' dir='ltr'><strong>in</strong></span> <span class='ocrx_word' id='word_1_46' title='bbox 678 667 718 688; x_wconf 92' lang='lat' dir='ltr'><strong>eo</strong></span> <span class='ocrx_word' id='word_1_47' title='bbox 742 656 845 688; x_wconf 76' lang='lat' dir='ltr'><strong>salsus</strong></span> <span class='ocrx_word' id='word_1_48' title='bbox 866 660 932 694; x_wconf 81' lang='lat' dir='ltr'><strong>est,</strong></span> 
     </span>
     <span class='ocr_line' id='line_1_10' title="bbox 227 707 933 751; baseline -0.006 -11"><span class='ocrx_word' id='word_1_49' title='bbox 227 710 316 751; x_wconf 85' lang='lat' dir='ltr'><strong>quod</strong></span> <span class='ocrx_word' id='word_1_50' title='bbox 341 709 408 740; x_wconf 81' lang='lat' dir='ltr'><strong>fide</strong></span> <span class='ocrx_word' id='word_1_51' title='bbox 433 710 518 740; x_wconf 87' lang='lat' dir='ltr'><strong>Msti</strong></span> <span class='ocrx_word' id='word_1_52' title='bbox 539 709 636 748; x_wconf 77' lang='lat' dir='ltr'><strong>Regii</strong></span> <span class='ocrx_word' id='word_1_53' title='bbox 661 707 797 739; x_wconf 79' lang='lat' dir='ltr'>dederit</span> <span class='ocrx_word' id='word_1_54' title='bbox 817 716 933 737; x_wconf 84' lang='lat' dir='ltr'><strong>summo</strong></span> 
     </span>
     <span class='ocr_line' id='line_1_11' title="bbox 225 756 934 800; baseline -0.007 -10"><span class='ocrx_word' id='word_1_55' title='bbox 225 762 348 800; x_wconf 75' lang='lat' dir='ltr'><strong>pectore</strong></span> <span class='ocrx_word' id='word_1_56' title='bbox 374 759 550 797; x_wconf 77' lang='lat' dir='ltr'>extabant,</span> <span class='ocrx_word' id='word_1_57' title='bbox 574 768 650 789; x_wconf 86' lang='lat' dir='ltr'><strong>cnm</strong></span> <span class='ocrx_word' id='word_1_58' title='bbox 688 760 796 788; x_wconf 73' lang='lat' dir='ltr'><strong>extare</strong></span> <span class='ocrx_word' id='word_1_59' title='bbox 820 756 864 786; x_wconf 80' lang='lat' dir='ltr'><strong>sit</strong></span> <span class='ocrx_word' id='word_1_60' title='bbox 899 756 934 786; x_wconf 92' lang='lat' dir='ltr'><strong>in</strong></span> 
     </span>
     <span class='ocr_line' id='line_1_12' title="bbox 229 805 934 849; baseline -0.006 -10"><span class='ocrx_word' id='word_1_61' title='bbox 229 809 303 839; x_wconf 81' lang='lat' dir='ltr'><strong>aliis</strong></span> <span class='ocrx_word' id='word_1_62' title='bbox 332 809 484 840; x_wconf 86' lang='lat' dir='ltr'><strong>omnibus</strong></span> <span class='ocrx_word' id='word_1_63' title='bbox 512 813 640 849; x_wconf 79' lang='lat' dir='ltr'><strong>praetcr</strong></span> <span class='ocrx_word' id='word_1_64' title='bbox 675 816 778 837; x_wconf 89' lang='lat' dir='ltr'><strong>unum</strong></span> <span class='ocrx_word' id='word_1_65' title='bbox 809 805 934 836; x_wconf 75' lang='lat' dir='ltr'><strong>infimae</strong></span> 
     </span>
     <span class='ocr_line' id='line_1_13' title="bbox 228 856 934 899; baseline -0.007 -9"><span class='ocrx_word' id='word_1_66' title='bbox 228 860 361 891; x_wconf 80' lang='lat' dir='ltr'><strong>aetatis:</strong></span> <span class='ocrx_word' id='word_1_67' title='bbox 396 859 485 899; x_wconf 82' lang='lat' dir='ltr'><strong>apud</strong></span> <span class='ocrx_word' id='word_1_68' title='bbox 517 857 712 889; x_wconf 83' lang='lat' dir='ltr'><strong>Historicos</strong></span> <span class='ocrx_word' id='word_1_69' title='bbox 741 856 828 886; x_wconf 80' lang='lat' dir='ltr'><strong>enim</strong></span> <span class='ocrx_word' id='word_1_70' title='bbox 859 856 934 886; x_wconf 79' lang='lat' dir='ltr'><strong>liaec</strong></span> 
     </span>
     <span class='ocr_line' id='line_1_14' title="bbox 225 909 935 953; baseline -0.003 -12"><span class='ocrx_word' id='word_1_71' title='bbox 225 911 385 953; x_wconf 62' lang='lat' dir='ltr'><strong>infinitiva</strong></span> <span class='ocrx_word' id='word_1_72' title='bbox 415 909 692 950; x_wconf 81' lang='lat' dir='ltr'>imperfectorum</span> <span class='ocrx_word' id='word_1_73' title='bbox 719 909 831 940; x_wconf 78' lang='lat' dir='ltr'><strong>locuni</strong></span> <span class='ocrx_word' id='word_1_74' title='bbox 862 918 935 940; x_wconf 90' lang='lat' dir='ltr'><strong>sex-</strong></span> 
     </span>
     <span class='ocr_line' id='line_1_15' title="bbox 227 960 936 993; baseline -0.003 0"><span class='ocrx_word' id='word_1_75' title='bbox 227 962 356 993; x_wconf 82' lang='lat' dir='ltr'>centies</span> <span class='ocrx_word' id='word_1_76' title='bbox 372 961 539 993; x_wconf 83' lang='lat' dir='ltr'><strong>obtinent.</strong></span> <span class='ocrx_word' id='word_1_77' title='bbox 563 960 673 991; x_wconf 76' lang='lat' dir='ltr'><strong>Davis.</strong></span> <span class='ocrx_word' id='word_1_78' title='bbox 696 969 848 992; x_wconf 67' lang='lat' dir='ltr'><strong>cunsec.</strong></span> <span class='ocrx_word' id='word_1_79' title='bbox 874 960 936 991; x_wconf 88' lang='lat' dir='ltr'><strong>Uti</strong></span> 
     </span>
     <span class='ocr_line' id='line_1_16' title="bbox 229 1011 936 1054; baseline -0.004 -10"><span class='ocrx_word' id='word_1_80' title='bbox 229 1013 364 1054; x_wconf 83' lang='lat' dir='ltr'><strong>Grypli.</strong></span> <span class='ocrx_word' id='word_1_81' title='bbox 391 1017 426 1044; x_wconf 88' lang='lat' dir='ltr'><strong>et</strong></span> <span class='ocrx_word' id='word_1_82' title='bbox 454 1012 570 1043; x_wconf 76' lang='lat' dir='ltr'><strong>Ursin.</strong></span> <span class='ocrx_word' id='word_1_83' title='bbox 598 1012 647 1042; x_wconf 82' lang='lat' dir='ltr'><strong>sic</strong></span> <span class='ocrx_word' id='word_1_84' title='bbox 675 1011 776 1042; x_wconf 84' lang='lat' dir='ltr'><strong>etiam</strong></span> <span class='ocrx_word' id='word_1_85' title='bbox 801 1011 936 1042; x_wconf 81' lang='lat' dir='ltr'><strong>Vascos.</strong></span> 
     </span>
     <span class='ocr_line' id='line_1_17' title="bbox 228 1060 936 1103; baseline -0.004 -9"><span class='ocrx_word' id='word_1_86' title='bbox 228 1062 392 1103; x_wconf 82' lang='lat' dir='ltr'><strong>Steplian.</strong></span> <span class='ocrx_word' id='word_1_87' title='bbox 436 1062 561 1103; x_wconf 85' lang='lat' dir='ltr'><strong>aliique</strong></span> <span class='ocrx_word' id='word_1_88' title='bbox 597 1061 837 1098; x_wconf 77' lang='lat' dir='ltr'><strong>exhibuerunt,</strong></span> <span class='ocrx_word' id='word_1_89' title='bbox 873 1060 936 1092; x_wconf 91' lang='lat' dir='ltr'><strong>nisi</strong></span> 
     </span>
     <span class='ocr_line' id='line_1_18' title="bbox 228 1111 935 1154; baseline -0.004 -10"><span class='ocrx_word' id='word_1_90' title='bbox 228 1112 318 1154; x_wconf 88' lang='lat' dir='ltr'><strong>quod</strong></span> <span class='ocrx_word' id='word_1_91' title='bbox 334 1122 396 1153; x_wconf 91' lang='lat' dir='ltr'><strong>pro</strong></span> <span class='ocrx_word' id='word_1_92' title='bbox 406 1123 497 1153; x_wconf 82' lang='lat' dir='ltr'><strong>quum</strong></span> <span class='ocrx_word' id='word_1_93' title='bbox 509 1112 658 1143; x_wconf 84' lang='lat' dir='ltr'><strong>habeant</strong></span> <span class='ocrx_word' id='word_1_94' title='bbox 667 1114 752 1142; x_wconf 84' lang='lat' dir='ltr'><strong>tum.-</strong></span> <span class='ocrx_word' id='word_1_95' title='bbox 767 1111 935 1152; x_wconf 88' lang='lat' dir='ltr'><strong>quomodo</strong></span> 
     </span>
     <span class='ocr_line' id='line_1_19' title="bbox 229 1160 934 1203; baseline -0.003 -9"><span class='ocrx_word' id='word_1_96' title='bbox 229 1173 292 1203; x_wconf 88' lang='lat' dir='ltr'><strong>pro</strong></span> <span class='ocrx_word' id='word_1_97' title='bbox 308 1173 400 1203; x_wconf 80' lang='lat' dir='ltr'><strong>quum</strong></span> <span class='ocrx_word' id='word_1_98' title='bbox 423 1168 475 1193; x_wconf 91' lang='lat' dir='ltr'><strong>est</strong></span> <span class='ocrx_word' id='word_1_99' title='bbox 495 1163 597 1193; x_wconf 84' lang='lat' dir='ltr'><strong>etiam</strong></span> <span class='ocrx_word' id='word_1_100' title='bbox 623 1162 656 1192; x_wconf 93' lang='lat' dir='ltr'><strong>in</strong></span> <span class='ocrx_word' id='word_1_101' title='bbox 680 1162 805 1191; x_wconf 89' lang='lat' dir='ltr'><strong>Lovan.</strong></span> <span class='ocrx_word' id='word_1_102' title='bbox 823 1160 934 1192; x_wconf 80' lang='lat' dir='ltr'><strong>Palat.</strong></span> 
     </span>
     <span class='ocr_line' id='line_1_20' title="bbox 231 1211 936 1251; baseline -0.003 -8"><span class='ocrx_word' id='word_1_103' title='bbox 231 1213 327 1244; x_wconf 86' lang='lat' dir='ltr'><strong>Leid.</strong></span> <span class='ocrx_word' id='word_1_104' title='bbox 345 1223 413 1244; x_wconf 88' lang='lat' dir='ltr'><strong>sec.</strong></span> <span class='ocrx_word' id='word_1_105' title='bbox 425 1213 533 1243; x_wconf 82' lang='lat' dir='ltr'><strong>Dorv.</strong></span> <span class='ocrx_word' id='word_1_106' title='bbox 551 1217 585 1243; x_wconf 92' lang='lat' dir='ltr'><strong>et</strong></span> <span class='ocrx_word' id='word_1_107' title='bbox 601 1211 688 1242; x_wconf 86' lang='lat' dir='ltr'><strong>Edd.</strong></span> <span class='ocrx_word' id='word_1_108' title='bbox 714 1211 840 1251; x_wconf 79' lang='lat' dir='ltr'><strong>primis.</strong></span> <span class='ocrx_word' id='word_1_109' title='bbox 867 1211 936 1241; x_wconf 72' lang='lat' dir='ltr'><strong>Ex-</strong></span> 
     </span>
     <span class='ocr_line' id='line_1_21' title="bbox 229 1261 934 1294; baseline -0.006 0"><span class='ocrx_word' id='word_1_110' title='bbox 229 1267 313 1294; x_wconf 73' lang='lat' dir='ltr'><strong>stare</strong></span> <span class='ocrx_word' id='word_1_111' title='bbox 352 1263 438 1294; x_wconf 87' lang='lat' dir='ltr'><strong>bene</strong></span> <span class='ocrx_word' id='word_1_112' title='bbox 473 1262 625 1294; x_wconf 86' lang='lat' dir='ltr'><strong>ostendit</strong></span> <span class='ocrx_word' id='word_1_113' title='bbox 660 1261 820 1292; x_wconf 83' lang='lat' dir='ltr'><strong>Davisius</strong></span> <span class='ocrx_word' id='word_1_114' title='bbox 858 1270 934 1291; x_wconf 87' lang='lat' dir='ltr'><strong>cnm</strong></span> 
     </span>
     <span class='ocr_line' id='line_1_22' title="bbox 228 1310 935 1345; baseline -0.008 0"><span class='ocrx_word' id='word_1_115' title='bbox 228 1313 379 1345; x_wconf 81' lang='lat' dir='ltr'><strong>Grutero</strong></span> <span class='ocrx_word' id='word_1_116' title='bbox 396 1322 461 1344; x_wconf 93' lang='lat' dir='ltr'><strong>non</strong></span> <span class='ocrx_word' id='word_1_117' title='bbox 478 1322 550 1343; x_wconf 80' lang='lat' dir='ltr'><strong>esse</strong></span> <span class='ocrx_word' id='word_1_118' title='bbox 567 1310 766 1341; x_wconf 88' lang='lat' dir='ltr'><strong>mutandum</strong></span> <span class='ocrx_word' id='word_1_119' title='bbox 784 1310 817 1340; x_wconf 86' lang='lat' dir='ltr'><strong>in</strong></span> <span class='ocrx_word' id='word_1_120' title='bbox 832 1313 935 1340; x_wconf 75' lang='lat' dir='ltr'><strong>exsta-</strong></span> 
     </span>
     <span class='ocr_line' id='line_1_23' title="bbox 231 1359 934 1401; baseline -0.007 -7"><span class='ocrx_word' id='word_1_121' title='bbox 231 1363 317 1401; x_wconf 76' lang='lat' dir='ltr'><strong>bant,</strong></span> <span class='ocrx_word' id='word_1_122' title='bbox 347 1364 428 1394; x_wconf 92' lang='lat' dir='ltr'><strong>licet</strong></span> <span class='ocrx_word' id='word_1_123' title='bbox 450 1362 497 1393; x_wconf 82' lang='lat' dir='ltr'><strong>ita</strong></span> <span class='ocrx_word' id='word_1_124' title='bbox 520 1361 622 1393; x_wconf 82' lang='lat' dir='ltr'><strong>etiam</strong></span> <span class='ocrx_word' id='word_1_125' title='bbox 647 1360 692 1391; x_wconf 86' lang='lat' dir='ltr'><strong>sit</strong></span> <span class='ocrx_word' id='word_1_126' title='bbox 715 1359 749 1390; x_wconf 91' lang='lat' dir='ltr'><strong>in</strong></span> <span class='ocrx_word' id='word_1_127' title='bbox 773 1360 882 1398; x_wconf 75' lang='lat' dir='ltr'><strong>Bong.</strong></span> <span class='ocrx_word' id='word_1_128' title='bbox 899 1364 934 1390; x_wconf 84' lang='lat' dir='ltr'><strong>ct</strong></span> 
     </span>
     <span class='ocr_line' id='line_1_24' title="bbox 230 1410 935 1446; baseline -0.01 0"><span class='ocrx_word' id='word_1_129' title='bbox 230 1415 326 1446; x_wconf 88' lang='lat' dir='ltr'><strong>Leid.</strong></span> <span class='ocrx_word' id='word_1_130' title='bbox 359 1423 428 1445; x_wconf 82' lang='lat' dir='ltr'><strong>sec.</strong></span> <span class='ocrx_word' id='word_1_131' title='bbox 461 1413 599 1443; x_wconf 62' lang='lat' dir='ltr'><strong>Essem-e</strong></span> <span class='ocrx_word' id='word_1_132' title='bbox 628 1414 658 1442; x_wconf 83' lang='lat' dir='ltr'><strong>et</strong></span> <span class='ocrx_word' id='word_1_133' title='bbox 695 1414 749 1442; x_wconf 87' lang='lat' dir='ltr'><strong>est</strong></span> <span class='ocrx_word' id='word_1_134' title='bbox 777 1410 811 1440; x_wconf 89' lang='lat' dir='ltr'><strong>in</strong></span> <span class='ocrx_word' id='word_1_135' title='bbox 842 1410 935 1441; x_wconf 85' lang='lat' dir='ltr'><strong>Msto</strong></span> 
     </span>
     <span class='ocr_line' id='line_1_25' title="bbox 230 1460 936 1503; baseline -0.007 -8"><span class='ocrx_word' id='word_1_136' title='bbox 230 1464 357 1503; x_wconf 89' lang='lat' dir='ltr'><strong>Ursini,</strong></span> <span class='ocrx_word' id='word_1_137' title='bbox 374 1464 496 1495; x_wconf 86' lang='lat' dir='ltr'><strong>Petav.</strong></span> <span class='ocrx_word' id='word_1_138' title='bbox 521 1462 634 1493; x_wconf 88' lang='lat' dir='ltr'><strong>Palat.</strong></span> <span class='ocrx_word' id='word_1_139' title='bbox 656 1460 778 1502; x_wconf 82' lang='lat' dir='ltr'><strong>Scalig.</strong></span> <span class='ocrx_word' id='word_1_140' title='bbox 794 1465 827 1492; x_wconf 80' lang='lat' dir='ltr'><strong>et</strong></span> <span class='ocrx_word' id='word_1_141' title='bbox 846 1461 936 1491; x_wconf 87' lang='lat' dir='ltr'><strong>Dor-</strong></span> 
     </span>
     <span class='ocr_line' id='line_1_26' title="bbox 230 1511 935 1546; baseline -0.006 -1"><span class='ocrx_word' id='word_1_142' title='bbox 230 1514 301 1546; x_wconf 90' lang='lat' dir='ltr'><strong>vill.</strong></span> <span class='ocrx_word' id='word_1_143' title='bbox 338 1514 397 1545; x_wconf 82' lang='lat' dir='ltr'><strong>sed</strong></span> <span class='ocrx_word' id='word_1_144' title='bbox 433 1516 591 1544; x_wconf 75' lang='lat' dir='ltr'><strong>exstarent</strong></span> <span class='ocrx_word' id='word_1_145' title='bbox 621 1522 698 1543; x_wconf 90' lang='lat' dir='ltr'><strong>cum</strong></span> <span class='ocrx_word' id='word_1_146' title='bbox 736 1511 825 1542; x_wconf 86' lang='lat' dir='ltr'><strong>Edd.</strong></span> <span class='ocrx_word' id='word_1_147' title='bbox 856 1515 935 1542; x_wconf 85' lang='lat' dir='ltr'><strong>ante</strong></span> 
     </span>
     <span class='ocr_line' id='line_1_27' title="bbox 229 1562 935 1605; baseline -0.004 -9"><span class='ocrx_word' id='word_1_148' title='bbox 229 1565 355 1605; x_wconf 74' lang='lat' dir='ltr'><strong>Scalig.</strong></span> <span class='ocrx_word' id='word_1_149' title='bbox 383 1565 511 1595; x_wconf 87' lang='lat' dir='ltr'><strong>Lovan.</strong></span> <span class='ocrx_word' id='word_1_150' title='bbox 539 1564 674 1595; x_wconf 85' lang='lat' dir='ltr'><strong>Carrar.</strong></span> <span class='ocrx_word' id='word_1_151' title='bbox 700 1568 737 1594; x_wconf 88' lang='lat' dir='ltr'><strong>et</strong></span> <span class='ocrx_word' id='word_1_152' title='bbox 760 1562 858 1594; x_wconf 84' lang='lat' dir='ltr'><strong>Leid.</strong></span> <span class='ocrx_word' id='word_1_153' title='bbox 881 1572 935 1602; x_wconf 87' lang='lat' dir='ltr'><strong>pr.</strong></span> 
     </span>
     <span class='ocr_line' id='line_1_28' title="bbox 231 1612 936 1656; baseline -0.006 -10"><span class='ocrx_word' id='word_1_154' title='bbox 231 1615 288 1656; x_wconf 86' lang='lat' dir='ltr'><strong>qni</strong></span> <span class='ocrx_word' id='word_1_155' title='bbox 305 1619 400 1647; x_wconf 83' lang='lat' dir='ltr'><strong>caret</strong></span> <span class='ocrx_word' id='word_1_156' title='bbox 423 1617 466 1645; x_wconf 86' lang='lat' dir='ltr'><strong>et.</strong></span> <span class='ocrx_word' id='word_1_157' title='bbox 509 1614 552 1644; x_wconf 83' lang='lat' dir='ltr'><strong>Ut</strong></span> <span class='ocrx_word' id='word_1_158' title='bbox 575 1613 678 1644; x_wconf 84' lang='lat' dir='ltr'><strong>ctiam</strong></span> <span class='ocrx_word' id='word_1_159' title='bbox 694 1613 818 1644; x_wconf 86' lang='lat' dir='ltr'><strong>Lovan.</strong></span> <span class='ocrx_word' id='word_1_160' title='bbox 838 1612 936 1643; x_wconf 82' lang='lat' dir='ltr'><strong>Leid.</strong></span> 
     </span>
     <span class='ocr_line' id='line_1_29' title="bbox 231 1663 938 1705; baseline -0.004 -9"><span class='ocrx_word' id='word_1_161' title='bbox 231 1675 299 1697; x_wconf 89' lang='lat' dir='ltr'><strong>sec.</strong></span> <span class='ocrx_word' id='word_1_162' title='bbox 326 1665 437 1696; x_wconf 81' lang='lat' dir='ltr'><strong>Palat.</strong></span> <span class='ocrx_word' id='word_1_163' title='bbox 462 1665 569 1696; x_wconf 89' lang='lat' dir='ltr'><strong>Dorv.</strong></span> <span class='ocrx_word' id='word_1_164' title='bbox 593 1668 629 1695; x_wconf 91' lang='lat' dir='ltr'><strong>et</strong></span> <span class='ocrx_word' id='word_1_165' title='bbox 649 1663 735 1695; x_wconf 87' lang='lat' dir='ltr'><strong>Edd.</strong></span> <span class='ocrx_word' id='word_1_166' title='bbox 759 1673 818 1705; x_wconf 87' lang='lat' dir='ltr'><strong>pp.</strong></span> <span class='ocrx_word' id='word_1_167' title='bbox 864 1663 938 1694; x_wconf 82' lang='lat' dir='ltr'><strong>Non</strong></span> 
     </span>
     <span class='ocr_line' id='line_1_30' title="bbox 230 1714 936 1746; baseline -0.003 0"><span class='ocrx_word' id='word_1_168' title='bbox 230 1715 302 1746; x_wconf 67' lang='lat' dir='ltr'><strong>sine</strong></span> <span class='ocrx_word' id='word_1_169' title='bbox 314 1715 415 1746; x_wconf 92' lang='lat' dir='ltr'><strong>dubio</strong></span> <span class='ocrx_word' id='word_1_170' title='bbox 429 1715 514 1746; x_wconf 89' lang='lat' dir='ltr'><strong>male</strong></span> <span class='ocrx_word' id='word_1_171' title='bbox 524 1714 697 1745; x_wconf 86' lang='lat' dir='ltr'><strong>inculcant</strong></span> <span class='ocrx_word' id='word_1_172' title='bbox 706 1714 783 1745; x_wconf 80' lang='lat' dir='ltr'><strong>Urs.</strong></span> <span class='ocrx_word' id='word_1_173' title='bbox 794 1714 936 1745; x_wconf 86' lang='lat' dir='ltr'><strong>Hotom.</strong></span> 
     </span>
     <span class='ocr_line' id='line_1_31' title="bbox 231 1765 936 1806; baseline -0.003 -9"><span class='ocrx_word' id='word_1_174' title='bbox 231 1771 267 1797; x_wconf 81' lang='lat' dir='ltr'><strong>et</strong></span> <span class='ocrx_word' id='word_1_175' title='bbox 284 1765 437 1806; x_wconf 84' lang='lat' dir='ltr'><strong>plerique</strong></span> <span class='ocrx_word' id='word_1_176' title='bbox 463 1765 529 1796; x_wconf 89' lang='lat' dir='ltr'><strong>mei</strong></span> <span class='ocrx_word' id='word_1_177' title='bbox 549 1765 697 1797; x_wconf 82' lang='lat' dir='ltr'><strong>codices.</strong></span> <span class='ocrx_word' id='word_1_178' title='bbox 742 1765 869 1796; x_wconf 81' lang='lat' dir='ltr'><strong>Carent</strong></span> <span class='ocrx_word' id='word_1_179' title='bbox 895 1774 936 1795; x_wconf 95' lang='lat' dir='ltr'><strong>eo</strong></span> 
     </span>
     <span class='ocr_line' id='line_1_32' title="bbox 232 1815 936 1848; baseline -0.001 -1"><span class='ocrx_word' id='word_1_180' title='bbox 232 1822 348 1848; x_wconf 88' lang='lat' dir='ltr'><strong>tamen</strong></span> <span class='ocrx_word' id='word_1_181' title='bbox 365 1817 462 1847; x_wconf 85' lang='lat' dir='ltr'><strong>Voss.</strong></span> <span class='ocrx_word' id='word_1_182' title='bbox 486 1816 581 1847; x_wconf 86' lang='lat' dir='ltr'><strong>Leid.</strong></span> <span class='ocrx_word' id='word_1_183' title='bbox 603 1825 672 1847; x_wconf 90' lang='lat' dir='ltr'><strong>sec.</strong></span> <span class='ocrx_word' id='word_1_184' title='bbox 695 1816 750 1847; x_wconf 91' lang='lat' dir='ltr'><strong>Ill.</strong></span> <span class='ocrx_word' id='word_1_185' title='bbox 775 1815 936 1846; x_wconf 79' lang='lat' dir='ltr'><strong>Heinsius</strong></span> 
     </span>
     <span class='ocr_line' id='line_1_33' title="bbox 228 1867 936 1908; baseline -0.003 -10"><span class='ocrx_word' id='word_1_186' title='bbox 228 1867 367 1908; x_wconf 85' lang='lat' dir='ltr'><strong>legebat</strong></span> <span class='ocrx_word' id='word_1_187' title='bbox 389 1869 560 1905; x_wconf 75' lang='lat' dir='ltr'><strong>exstarent,</strong></span> <span class='ocrx_word' id='word_1_188' title='bbox 583 1867 636 1897; x_wconf 84' lang='lat' dir='ltr'><strong>sed</strong></span> <span class='ocrx_word' id='word_1_189' title='bbox 658 1870 735 1906; x_wconf 83' lang='lat' dir='ltr'><strong>tum,</strong></span> <span class='ocrx_word' id='word_1_190' title='bbox 757 1868 809 1905; x_wconf 67' lang='grc' dir='ltr'><strong>ᾅτ.</strong></span> <span class='ocrx_word' id='word_1_191' title='bbox 831 1867 871 1896; x_wconf 82' lang='lat' dir='ltr'><strong>ud</strong></span> <span class='ocrx_word' id='word_1_192' title='bbox 893 1869 936 1896; x_wconf 88' lang='lat' dir='ltr'><strong>tr.</strong></span> 
     </span>
     <span class='ocr_line' id='line_1_34' title="bbox 229 1916 936 1957; baseline -0.003 -9"><span class='ocrx_word' id='word_1_193' title='bbox 229 1918 456 1957; x_wconf 79' lang='lat' dir='ltr'><strong>inpedirentur.</strong></span> <span class='ocrx_word' id='word_1_194' title='bbox 510 1916 605 1948; x_wconf 88' lang='lat' dir='ltr'><strong>Nihil</strong></span> <span class='ocrx_word' id='word_1_195' title='bbox 638 1926 701 1956; x_wconf 86' lang='lat' dir='ltr'><strong>ego</strong></span> <span class='ocrx_word' id='word_1_196' title='bbox 736 1921 843 1955; x_wconf 86' lang='lat' dir='ltr'><strong>muto,</strong></span> <span class='ocrx_word' id='word_1_197' title='bbox 874 1916 936 1947; x_wconf 91' lang='lat' dir='ltr'><strong>nisi</strong></span> 
     </span>
     <span class='ocr_line' id='line_1_35' title="bbox 233 1966 937 2007; baseline 0 -10"><span class='ocrx_word' id='word_1_198' title='bbox 233 1966 324 2007; x_wconf 86' lang='lat' dir='ltr'><strong>qnod</strong></span> <span class='ocrx_word' id='word_1_199' title='bbox 338 1966 432 1997; x_wconf 87' lang='lat' dir='ltr'><strong>nucis</strong></span> <span class='ocrx_word' id='word_1_200' title='bbox 444 1966 635 1997; x_wconf 88' lang='lat' dir='ltr'><strong>incluserim</strong></span> <span class='ocrx_word' id='word_1_201' title='bbox 647 1976 717 1997; x_wconf 87' lang='grc' dir='ltr'><strong>ηοη.</strong></span> <span class='ocrx_word' id='word_1_202' title='bbox 753 1966 851 1997; x_wconf 88' lang='lat' dir='ltr'><strong>Dicit</strong></span> <span class='ocrx_word' id='word_1_203' title='bbox 865 1966 937 1997; x_wconf 79' lang='lat' dir='ltr'><strong>Cae-</strong></span> 
     </span>
     <span class='ocr_line' id='line_1_36' title="bbox 232 2015 937 2056; baseline -0.004 -8"><span class='ocrx_word' id='word_1_204' title='bbox 232 2027 287 2048; x_wconf 78' lang='lat' dir='ltr'><strong>sar</strong></span> <span class='ocrx_word' id='word_1_205' title='bbox 302 2026 372 2048; x_wconf 86' lang='lat' dir='ltr'><strong>rem</strong></span> <span class='ocrx_word' id='word_1_206' title='bbox 388 2026 429 2047; x_wconf 91' lang='lat' dir='ltr'><strong>eo</strong></span> <span class='ocrx_word' id='word_1_207' title='bbox 442 2016 624 2047; x_wconf 80' lang='lat' dir='ltr'><strong>deductam</strong></span> <span class='ocrx_word' id='word_1_208' title='bbox 641 2025 726 2054; x_wconf 87' lang='lat' dir='ltr'><strong>esse,</strong></span> <span class='ocrx_word' id='word_1_209' title='bbox 751 2020 789 2046; x_wconf 90' lang='lat' dir='ltr'><strong>ut</strong></span> <span class='ocrx_word' id='word_1_210' title='bbox 805 2015 937 2056; x_wconf 81' lang='lat' dir='ltr'><strong>equites</strong></span> 
     </span>
     <span class='ocr_line' id='line_1_37' title="bbox 233 2065 938 2107; baseline -0.004 -9"><span class='ocrx_word' id='word_1_211' title='bbox 233 2070 373 2107; x_wconf 87' lang='lat' dir='ltr'><strong>possent</strong></span> <span class='ocrx_word' id='word_1_212' title='bbox 389 2070 426 2097; x_wconf 87' lang='lat' dir='ltr'><strong>et</strong></span> <span class='ocrx_word' id='word_1_213' title='bbox 442 2065 607 2096; x_wconf 87' lang='lat' dir='ltr'><strong>auderent</strong></span> <span class='ocrx_word' id='word_1_214' title='bbox 625 2065 781 2105; x_wconf 83' lang='lat' dir='ltr'><strong>transire,</strong></span> <span class='ocrx_word' id='word_1_215' title='bbox 804 2065 938 2105; x_wconf 86' lang='lat' dir='ltr'><strong>pedites</strong></span> 
     </span>
     <span class='ocr_line' id='line_1_38' title="bbox 231 2115 938 2157; baseline -0.001 -10"><span class='ocrx_word' id='word_1_216' title='bbox 231 2125 312 2148; x_wconf 84' lang='lat' dir='ltr'><strong>vero</strong></span> <span class='ocrx_word' id='word_1_217' title='bbox 325 2119 448 2157; x_wconf 80' lang='lat' dir='ltr'><strong>possent</strong></span> <span class='ocrx_word' id='word_1_218' title='bbox 471 2115 604 2147; x_wconf 85' lang='lat' dir='ltr'><strong>scilicet</strong></span> <span class='ocrx_word' id='word_1_219' title='bbox 627 2115 864 2147; x_wconf 86' lang='lat' dir='ltr'><strong>tautummodo</strong></span> <span class='ocrx_word' id='word_1_220' title='bbox 878 2116 938 2147; x_wconf 91' lang='lat' dir='ltr'><strong>hu-</strong></span> 
     </span>
     <span class='ocr_line' id='line_1_39' title="bbox 233 2165 938 2206; baseline 0.001 -10"><span class='ocrx_word' id='word_1_221' title='bbox 233 2166 337 2197; x_wconf 82' lang='lat' dir='ltr'><strong>meris</strong></span> <span class='ocrx_word' id='word_1_222' title='bbox 353 2169 501 2205; x_wconf 73' lang='lat' dir='ltr'><strong>exstare,</strong></span> <span class='ocrx_word' id='word_1_223' title='bbox 517 2171 554 2197; x_wconf 91' lang='lat' dir='ltr'><strong>et</strong></span> <span class='ocrx_word' id='word_1_224' title='bbox 576 2166 822 2206; x_wconf 86' lang='lat' dir='ltr'><strong>impedirentur</strong></span> <span class='ocrx_word' id='word_1_225' title='bbox 839 2165 938 2198; x_wconf 88' lang='lat' dir='ltr'><strong>adeo-</strong></span> 
     </span>
     <span class='ocr_line' id='line_1_40' title="bbox 234 2215 937 2258; baseline 0 -11"><span class='ocrx_word' id='word_1_226' title='bbox 234 2225 300 2258; x_wconf 89' lang='lat' dir='ltr'><strong>qnc</strong></span> <span class='ocrx_word' id='word_1_227' title='bbox 330 2215 506 2247; x_wconf 70' lang='lat' dir='ltr'><strong>altitudine</strong></span> <span class='ocrx_word' id='word_1_228' title='bbox 544 2220 581 2246; x_wconf 86' lang='lat' dir='ltr'><strong>et</strong></span> <span class='ocrx_word' id='word_1_229' title='bbox 619 2215 802 2256; x_wconf 85' lang='lat' dir='ltr'><strong>rapiditate</strong></span> <span class='ocrx_word' id='word_1_230' title='bbox 839 2226 937 2257; x_wconf 84' lang='lat' dir='ltr'><strong>aquae</strong></span> 
     </span>
     <span class='ocr_line' id='line_1_41' title="bbox 235 2266 937 2307; baseline 0.003 -10"><span class='ocrx_word' id='word_1_231' title='bbox 235 2266 392 2298; x_wconf 86' lang='lat' dir='ltr'><strong>transire.</strong></span> <span class='ocrx_word' id='word_1_232' title='bbox 418 2266 506 2297; x_wconf 81' lang='lat' dir='ltr'><strong>Nani</strong></span> <span class='ocrx_word' id='word_1_233' title='bbox 519 2266 562 2297; x_wconf 90' lang='lat' dir='ltr'><strong>ad</strong></span> <span class='ocrx_word' id='word_1_234' title='bbox 575 2266 752 2307; x_wconf 83' lang='lat' dir='ltr'><strong>enallagen</strong></span> <span class='ocrx_word' id='word_1_235' title='bbox 771 2267 866 2297; x_wconf 83' lang='lat' dir='ltr'><strong>Modi</strong></span> <span class='ocrx_word' id='word_1_236' title='bbox 882 2267 937 2299; x_wconf 80' lang='lat' dir='ltr'><strong>hic</strong></span> 
     </span>
     <span class='ocr_line' id='line_1_42' title="bbox 234 2317 939 2357; baseline 0.001 -9"><span class='ocrx_word' id='word_1_237' title='bbox 234 2326 410 2348; x_wconf 86' lang='lat' dir='ltr'><strong>recurrere</strong></span> <span class='ocrx_word' id='word_1_238' title='bbox 424 2325 490 2347; x_wconf 94' lang='lat' dir='ltr'><strong>non</strong></span> <span class='ocrx_word' id='word_1_239' title='bbox 505 2326 590 2356; x_wconf 84' lang='lat' dir='ltr'><strong>opus</strong></span> <span class='ocrx_word' id='word_1_240' title='bbox 602 2321 667 2354; x_wconf 83' lang='lat' dir='ltr'><strong>est,</strong></span> <span class='ocrx_word' id='word_1_241' title='bbox 680 2326 754 2357; x_wconf 82' lang='lat' dir='ltr'><strong>quae</strong></span> <span class='ocrx_word' id='word_1_242' title='bbox 768 2317 874 2348; x_wconf 84' lang='lat' dir='ltr'><strong>rarior</strong></span> <span class='ocrx_word' id='word_1_243' title='bbox 887 2322 939 2349; x_wconf 84' lang='lat' dir='ltr'><strong>est</strong></span> 
     </span>
     <span class='ocr_line' id='line_1_43' title="bbox 234 2366 937 2406; baseline 0.004 -9"><span class='ocrx_word' id='word_1_244' title='bbox 234 2367 268 2397; x_wconf 89' lang='lat' dir='ltr'><strong>iu</strong></span> <span class='ocrx_word' id='word_1_245' title='bbox 285 2368 433 2406; x_wconf 81' lang='lat' dir='ltr'><strong>Caesare,</strong></span> <span class='ocrx_word' id='word_1_246' title='bbox 456 2366 678 2398; x_wconf 78' lang='lat' dir='ltr'><strong>etliic.foret</strong></span> <span class='ocrx_word' id='word_1_247' title='bbox 699 2367 733 2398; x_wconf 88' lang='lat' dir='ltr'><strong>iu</strong></span> <span class='ocrx_word' id='word_1_248' title='bbox 757 2368 866 2399; x_wconf 89' lang='lat' dir='ltr'><strong>medio</strong></span> <span class='ocrx_word' id='word_1_249' title='bbox 889 2369 937 2400; x_wconf 80' lang='lat' dir='ltr'><strong>sic</strong></span> 
     </span>
     <span class='ocr_line' id='line_1_44' title="bbox 235 2418 937 2460; baseline 0.001 -10"><span class='ocrx_word' id='word_1_250' title='bbox 235 2418 348 2460; x_wconf 88' lang='lat' dir='ltr'><strong>posita</strong></span> <span class='ocrx_word' id='word_1_251' title='bbox 362 2428 442 2449; x_wconf 82' lang='lat' dir='ltr'><strong>sane</strong></span> <span class='ocrx_word' id='word_1_252' title='bbox 460 2419 647 2450; x_wconf 87' lang='lat' dir='ltr'><strong>durissima.</strong></span> <span class='ocrx_word' id='word_1_253' title='bbox 691 2419 726 2449; x_wconf 93' lang='lat' dir='ltr'><strong>Si</strong></span> <span class='ocrx_word' id='word_1_254' title='bbox 742 2419 815 2460; x_wconf 85' lang='lat' dir='ltr'><strong>quis</strong></span> <span class='ocrx_word' id='word_1_255' title='bbox 833 2430 892 2460; x_wconf 91' lang='lat' dir='ltr'><strong>pro</strong></span> <span class='ocrx_word' id='word_1_256' title='bbox 908 2424 937 2451; x_wconf 83' lang='lat' dir='ltr'><strong>et</strong></span> 
     </span>
     <span class='ocr_line' id='line_1_45' title="bbox 236 2470 937 2510; baseline 0.001 -9"><span class='ocrx_word' id='word_1_257' title='bbox 236 2470 288 2502; x_wconf 86' lang='lat' dir='ltr'><strong>vel</strong></span> <span class='ocrx_word' id='word_1_258' title='bbox 305 2473 339 2501; x_wconf 84' lang='lat' dir='ltr'><strong>ut</strong></span> <span class='ocrx_word' id='word_1_259' title='bbox 355 2470 449 2501; x_wconf 85' lang='lat' dir='ltr'><strong>malit</strong></span> <span class='ocrx_word' id='word_1_260' title='bbox 472 2474 517 2510; x_wconf 80' lang='lat' dir='ltr'><strong>at,</strong></span> <span class='ocrx_word' id='word_1_261' title='bbox 534 2480 594 2510; x_wconf 84' lang='lat' dir='ltr'><strong>per</strong></span> <span class='ocrx_word' id='word_1_262' title='bbox 611 2479 662 2501; x_wconf 79' lang='lat' dir='ltr'><strong>ine</strong></span> <span class='ocrx_word' id='word_1_263' title='bbox 679 2471 772 2502; x_wconf 86' lang='lat' dir='ltr'><strong>licet.</strong></span> <span class='ocrx_word' id='word_1_264' title='bbox 811 2472 937 2502; x_wconf 74' lang='lat' dir='ltr'><strong>Verum</strong></span> 
     </span>
     <span class='ocr_line' id='line_1_46' title="bbox 236 2521 938 2561; baseline 0.003 -10"><span class='ocrx_word' id='word_1_265' title='bbox 236 2530 303 2552; x_wconf 88' lang='lat' dir='ltr'><strong>non</strong></span> <span class='ocrx_word' id='word_1_266' title='bbox 317 2530 456 2552; x_wconf 78' lang='lat' dir='ltr'><strong>necesse</strong></span> <span class='ocrx_word' id='word_1_267' title='bbox 482 2526 546 2552; x_wconf 82' lang='lat' dir='ltr'><strong>est.</strong></span> <span class='ocrx_word' id='word_1_268' title='bbox 589 2521 819 2554; x_wconf 74' lang='lat' dir='ltr'><strong>Quaerendum</strong></span> <span class='ocrx_word' id='word_1_269' title='bbox 837 2521 938 2561; x_wconf 78' lang='lat' dir='ltr'><strong>igitur</strong></span> 
     </span>
     <span class='ocr_line' id='line_1_47' title="bbox 236 2571 938 2612; baseline 0.001 -9"><span class='ocrx_word' id='word_1_270' title='bbox 236 2576 352 2611; x_wconf 82' lang='lat' dir='ltr'><strong>restat,</strong></span> <span class='ocrx_word' id='word_1_271' title='bbox 378 2571 468 2603; x_wconf 86' lang='lat' dir='ltr'><strong>unde</strong></span> <span class='ocrx_word' id='word_1_272' title='bbox 498 2571 579 2602; x_wconf 89' lang='lat' dir='ltr'><strong>illud</strong></span> <span class='ocrx_word' id='word_1_273' title='bbox 608 2582 667 2602; x_wconf 84' lang='lat' dir='ltr'><strong>uon</strong></span> <span class='ocrx_word' id='word_1_274' title='bbox 696 2572 873 2612; x_wconf 83' lang='lat' dir='ltr'><strong>irrepserit</strong></span> <span class='ocrx_word' id='word_1_275' title='bbox 904 2574 938 2605; x_wconf 90' lang='lat' dir='ltr'><strong>iu</strong></span> 
     </span>
     <span class='ocr_line' id='line_1_48' title="bbox 236 2622 938 2664; baseline 0.003 -11"><span class='ocrx_word' id='word_1_276' title='bbox 236 2623 416 2664; x_wconf 86' lang='lat' dir='ltr'><strong>plerosque</strong></span> <span class='ocrx_word' id='word_1_277' title='bbox 446 2627 482 2653; x_wconf 89' lang='lat' dir='ltr'><strong>et</strong></span> <span class='ocrx_word' id='word_1_278' title='bbox 515 2622 760 2653; x_wconf 79' lang='lat' dir='ltr'><strong>vetustissimos</strong></span> <span class='ocrx_word' id='word_1_279' title='bbox 785 2623 938 2655; x_wconf 80' lang='lat' dir='ltr'><strong>Codices.</strong></span> 
     </span>
     <span class='ocr_line' id='line_1_49' title="bbox 237 2672 937 2705; baseline 0.004 -3"><span class='ocrx_word' id='word_1_280' title='bbox 237 2672 379 2704; x_wconf 87' lang='lat' dir='ltr'><strong>Arridet</strong></span> <span class='ocrx_word' id='word_1_281' title='bbox 408 2673 503 2704; x_wconf 77' lang='lat' dir='ltr'><strong>Vado.</strong></span> <span class='ocrx_word' id='word_1_282' title='bbox 527 2676 662 2705; x_wconf 86' lang='lat' dir='ltr'><strong>vn.55.</strong></span> <span class='ocrx_word' id='word_1_283' title='bbox 693 2673 701 2688; x_wconf 88' lang='lat'>‘</span> <span class='ocrx_word' id='word_1_284' title='bbox 726 2682 767 2704; x_wconf 84' lang='lat' dir='ltr'><strong>ex</strong></span> <span class='ocrx_word' id='word_1_285' title='bbox 796 2673 937 2705; x_wconf 83' lang='lat' dir='ltr'><strong>navibus</strong></span> 
     </span>
     <span class='ocr_line' id='line_1_50' title="bbox 237 2723 937 2766; baseline 0.004 -13"><span class='ocrx_word' id='word_1_286' title='bbox 237 2728 404 2762; x_wconf 84' lang='lat' dir='ltr'><strong>creverat,</strong></span> <span class='ocrx_word' id='word_1_287' title='bbox 420 2728 457 2755; x_wconf 89' lang='lat' dir='ltr'><strong>ut</strong></span> <span class='ocrx_word' id='word_1_288' title='bbox 482 2723 615 2755; x_wconf 83' lang='lat' dir='ltr'><strong>transiri</strong></span> <span class='ocrx_word' id='word_1_289' title='bbox 639 2724 723 2755; x_wconf 83' lang='lat' dir='ltr'><strong>vado</strong></span> <span class='ocrx_word' id='word_1_290' title='bbox 746 2734 813 2755; x_wconf 91' lang='lat' dir='ltr'><strong>non</strong></span> <span class='ocrx_word' id='word_1_291' title='bbox 839 2735 937 2766; x_wconf 85' lang='lat' dir='ltr'><strong>posse</strong></span> 
     </span>
     <span class='ocr_line' id='line_1_51' title="bbox 237 2773 936 2807; baseline 0.006 -4"><span class='ocrx_word' id='word_1_292' title='bbox 237 2773 434 2807; x_wconf 62' lang='lat' dir='ltr'><strong>videretur!</strong></span> <span class='ocrx_word' id='word_1_293' title='bbox 467 2775 508 2806; x_wconf 89' lang='lat' dir='ltr'><strong>B.</strong></span> <span class='ocrx_word' id='word_1_294' title='bbox 524 2774 728 2807; x_wconf 79' lang='lat' dir='ltr'><strong>Civ.u¹.30.</strong></span> <span class='ocrx_word' id='word_1_295' title='bbox 759 2780 768 2794; x_wconf 77' lang='lat'>‘</span> <span class='ocrx_word' id='word_1_296' title='bbox 788 2776 834 2807; x_wconf 82' lang='lat' dir='ltr'><strong>L&#39;t</strong></span> <span class='ocrx_word' id='word_1_297' title='bbox 851 2775 936 2807; x_wconf 86' lang='lat' dir='ltr'><strong>vado</strong></span> 
     </span>
    </p>
   </div>
   <div class='ocr_carea' id='block_1_3' title="bbox 694 207 1216 240">
    <p class='ocr_par' dir='ltr' id='par_1_3' title="bbox 694 207 1216 240">
     <span class='ocr_line' id='line_1_52' title="bbox 694 207 1216 240; baseline -0.004 0"><span class='ocrx_word' id='word_1_298' title='bbox 694 207 835 240; x_wconf 79' lang='lat' dir='ltr'><strong>NOTAE</strong></span> <span class='ocrx_word' id='word_1_299' title='bbox 867 207 1129 240; x_wconf 62' lang='lat' dir='ltr'>VARIORUM</span> <span class='ocrx_word' id='word_1_300' title='bbox 1165 207 1216 238; x_wconf 80' lang='lat' dir='ltr'><strong>IN</strong></span> 
     </span>
    </p>
   </div>
   <div class='ocr_carea' id='block_1_4' title="bbox 973 301 1693 2810">
    <p class='ocr_par' dir='ltr' id='par_1_4' title="bbox 980 301 1677 385">
     <span class='ocr_line' id='line_1_53' title="bbox 981 301 1677 343; baseline -0.001 -9"><span class='ocrx_word' id='word_1_301' title='bbox 981 304 1126 334; x_wconf 83' lang='lat' dir='ltr'><strong>transire</strong></span> <span class='ocrx_word' id='word_1_302' title='bbox 1142 301 1279 343; x_wconf 67' lang='lat' dir='ltr'><strong>posset!</strong></span> <span class='ocrx_word' id='word_1_303' title='bbox 1313 311 1344 333; x_wconf 91' lang='lat' dir='ltr'><strong>c.</strong></span> <span class='ocrx_word' id='word_1_304' title='bbox 1361 304 1415 333; x_wconf 81' lang='lat'><strong>37.</strong></span> <span class='ocrx_word' id='word_1_305' title='bbox 1439 302 1448 319; x_wconf 91' lang='lat'><em>‘</em></span> <span class='ocrx_word' id='word_1_306' title='bbox 1465 301 1553 334; x_wconf 75' lang='lat' dir='ltr'><strong>vado</strong></span> <span class='ocrx_word' id='word_1_307' title='bbox 1572 304 1677 333; x_wconf 74' lang='lat' dir='ltr'><strong>trans·</strong></span> 
     </span>
     <span class='ocr_line' id='line_1_54' title="bbox 980 352 1572 385; baseline -0.003 0"><span class='ocrx_word' id='word_1_308' title='bbox 980 354 1098 385; x_wconf 62' lang='lat' dir='ltr'><strong>ducit!</strong></span> <span class='ocrx_word' id='word_1_309' title='bbox 1123 354 1221 384; x_wconf 81' lang='lat' dir='ltr'><strong>Adde</strong></span> <span class='ocrx_word' id='word_1_310' title='bbox 1238 352 1281 383; x_wconf 84' lang='lat' dir='ltr'><strong>ad</strong></span> <span class='ocrx_word' id='word_1_311' title='bbox 1298 353 1416 384; x_wconf 83' lang='lat' dir='ltr'><strong>Front.</strong></span> <span class='ocrx_word' id='word_1_312' title='bbox 1432 361 1456 384; x_wconf 86' lang='lat'><strong>1.</strong></span> <span class='ocrx_word' id='word_1_313' title='bbox 1473 355 1505 385; x_wconf 74' lang='lat'><strong>4.</strong></span> <span class='ocrx_word' id='word_1_314' title='bbox 1523 355 1572 384; x_wconf 92' lang='grc'><strong>10.</strong></span> 
     </span>
    </p>

    <p class='ocr_par' dir='ltr' id='par_1_5' title="bbox 973 403 1688 1047">
     <span class='ocr_line' id='line_1_55' title="bbox 1023 403 1683 444; baseline -0.002 -9"><span class='ocrx_word' id='word_1_315' title='bbox 1023 413 1127 435; x_wconf 75' lang='lat' dir='ltr'><strong>mun.</strong></span> <span class='ocrx_word' id='word_1_316' title='bbox 1142 407 1162 435; x_wconf 88' lang='grc'>6</span> <span class='ocrx_word' id='word_1_317' title='bbox 1194 406 1314 444; x_wconf 64' lang='lat' dir='ltr'><strong>„dg-men</strong></span> <span class='ocrx_word' id='word_1_318' title='bbox 1337 404 1584 435; x_wconf 74' lang='lat' dir='ltr'><strong>adversariorum</strong></span> <span class='ocrx_word' id='word_1_319' title='bbox 1604 403 1683 435; x_wconf 74' lang='lat' dir='ltr'><strong>male</strong></span> 
     </span>
     <span class='ocr_line' id='line_1_56' title="bbox 979 453 1683 495; baseline -0.001 -10"><span class='ocrx_word' id='word_1_320' title='bbox 979 455 1115 494; x_wconf 76' lang='lat' dir='ltr'><strong>haberet,</strong></span> <span class='ocrx_word' id='word_1_321' title='bbox 1126 458 1156 486; x_wconf 87' lang='lat' dir='ltr'><strong>et</strong></span> <span class='ocrx_word' id='word_1_322' title='bbox 1171 455 1325 495; x_wconf 77' lang='lat' dir='ltr'><strong>carperet]</strong></span> <span class='ocrx_word' id='word_1_323' title='bbox 1357 453 1509 484; x_wconf 83' lang='lat' dir='ltr'><strong>Vexaret</strong></span> <span class='ocrx_word' id='word_1_324' title='bbox 1525 454 1579 484; x_wconf 86' lang='lat' dir='ltr'><strong>vel</strong></span> <span class='ocrx_word' id='word_1_325' title='bbox 1595 457 1683 484; x_wconf 78' lang='lat' dir='ltr'><strong>atte-</strong></span> 
     </span>
     <span class='ocr_line' id='line_1_57' title="bbox 981 502 1684 544; baseline -0.003 -9"><span class='ocrx_word' id='word_1_326' title='bbox 981 510 1113 543; x_wconf 85' lang='lat' dir='ltr'><strong>nuaret,</strong></span> <span class='ocrx_word' id='word_1_327' title='bbox 1130 510 1167 536; x_wconf 86' lang='lat' dir='ltr'><strong>ut</strong></span> <span class='ocrx_word' id='word_1_328' title='bbox 1191 505 1341 544; x_wconf 84' lang='lat' dir='ltr'><strong>explicat</strong></span> <span class='ocrx_word' id='word_1_329' title='bbox 1362 504 1505 536; x_wconf 88' lang='lat' dir='ltr'><strong>Nonius.</strong></span> <span class='ocrx_word' id='word_1_330' title='bbox 1551 503 1608 534; x_wconf 91' lang='lat' dir='ltr'><strong>Sic</strong></span> <span class='ocrx_word' id='word_1_331' title='bbox 1624 502 1684 533; x_wconf 83' lang='lat' dir='ltr'><strong>hu-</strong></span> 
     </span>
     <span class='ocr_line' id='line_1_58' title="bbox 973 553 1683 596; baseline -0.003 -11"><span class='ocrx_word' id='word_1_332' title='bbox 973 556 1070 596; x_wconf 85' lang='lat' dir='ltr'><strong>jusce</strong></span> <span class='ocrx_word' id='word_1_333' title='bbox 1087 554 1165 585; x_wconf 88' lang='lat' dir='ltr'><strong>libri</strong></span> <span class='ocrx_word' id='word_1_334' title='bbox 1180 564 1210 585; x_wconf 90' lang='lat' dir='ltr'><strong>c.</strong></span> <span class='ocrx_word' id='word_1_335' title='bbox 1228 556 1279 584; x_wconf 79' lang='lat' dir='ltr'><strong>SS.</strong></span> <span class='ocrx_word' id='word_1_336' title='bbox 1305 556 1314 570; x_wconf 80' lang='lat'><strong>⁴</strong></span> <span class='ocrx_word' id='word_1_337' title='bbox 1332 554 1495 595; x_wconf 84' lang='lat' dir='ltr'><strong>Equitatu</strong></span> <span class='ocrx_word' id='word_1_338' title='bbox 1511 553 1683 594; x_wconf 83' lang='lat' dir='ltr'><strong>praemisso</strong></span> 
     </span>
     <span class='ocr_line' id='line_1_59' title="bbox 983 602 1685 645; baseline 0 -11"><span class='ocrx_word' id='word_1_339' title='bbox 983 604 1037 645; x_wconf 88' lang='lat' dir='ltr'><strong>qui</strong></span> <span class='ocrx_word' id='word_1_340' title='bbox 1075 604 1291 634; x_wconf 86' lang='lat' dir='ltr'><strong>novissimum</strong></span> <span class='ocrx_word' id='word_1_341' title='bbox 1338 614 1457 644; x_wconf 87' lang='lat' dir='ltr'><strong>agmen</strong></span> <span class='ocrx_word' id='word_1_342' title='bbox 1502 602 1685 644; x_wconf 66' lang='lat' dir='ltr'><strong>carperet?</strong></span> 
     </span>
     <span class='ocr_line' id='line_1_60' title="bbox 982 653 1683 694; baseline 0 -8"><span class='ocrx_word' id='word_1_343' title='bbox 982 655 1118 686; x_wconf 86' lang='lat' dir='ltr'><strong>Hirtius</strong></span> <span class='ocrx_word' id='word_1_344' title='bbox 1141 655 1230 685; x_wconf 87' lang='lat' dir='ltr'><strong>Bell.</strong></span> <span class='ocrx_word' id='word_1_345' title='bbox 1255 653 1366 685; x_wconf 88' lang='lat' dir='ltr'><strong>Afric.</strong></span> <span class='ocrx_word' id='word_1_346' title='bbox 1392 665 1422 686; x_wconf 92' lang='lat' dir='ltr'><strong>c.</strong></span> <span class='ocrx_word' id='word_1_347' title='bbox 1446 658 1499 686; x_wconf 86' lang='grc'><strong>75.</strong></span> <span class='ocrx_word' id='word_1_348' title='bbox 1523 656 1532 672; x_wconf 92' lang='lat'>‘</span> <span class='ocrx_word' id='word_1_349' title='bbox 1550 654 1683 694; x_wconf 82' lang='lat' dir='ltr'><strong>Agmen</strong></span> 
     </span>
     <span class='ocr_line' id='line_1_61' title="bbox 982 705 1684 747; baseline -0.001 -10"><span class='ocrx_word' id='word_1_350' title='bbox 982 707 1056 747; x_wconf 85' lang='lat' dir='ltr'><strong>ejus</strong></span> <span class='ocrx_word' id='word_1_351' title='bbox 1081 711 1271 737; x_wconf 86' lang='lat' dir='ltr'><strong>extremum</strong></span> <span class='ocrx_word' id='word_1_352' title='bbox 1299 705 1462 746; x_wconf 86' lang='lat' dir='ltr'><strong>carpere.&#39;</strong></span> <span class='ocrx_word' id='word_1_353' title='bbox 1516 705 1684 745; x_wconf 85' lang='lat' dir='ltr'><strong>Apuleius</strong></span> 
     </span>
     <span class='ocr_line' id='line_1_62' title="bbox 984 755 1687 796; baseline -0.001 -8"><span class='ocrx_word' id='word_1_354' title='bbox 984 757 1126 788; x_wconf 88' lang='lat' dir='ltr'><strong>Metam.</strong></span> <span class='ocrx_word' id='word_1_355' title='bbox 1157 756 1180 786; x_wconf 88' lang='grc'><strong>1.</strong></span> <span class='ocrx_word' id='word_1_356' title='bbox 1208 763 1289 786; x_wconf 84' lang='lat' dir='ltr'><strong>vm.</strong></span> <span class='ocrx_word' id='word_1_357' title='bbox 1320 765 1351 796; x_wconf 87' lang='lat' dir='ltr'><strong>p.</strong></span> <span class='ocrx_word' id='word_1_358' title='bbox 1382 757 1455 786; x_wconf 86' lang='grc'><strong>157.</strong></span> <span class='ocrx_word' id='word_1_359' title='bbox 1479 755 1488 772; x_wconf 92' lang='lat'>‘</span> <span class='ocrx_word' id='word_1_360' title='bbox 1513 755 1687 795; x_wconf 82' lang='lat' dir='ltr'><strong>Carpebat</strong></span> 
     </span>
     <span class='ocr_line' id='line_1_63' title="bbox 983 805 1686 837; baseline -0.001 0"><span class='ocrx_word' id='word_1_361' title='bbox 983 806 1152 837; x_wconf 88' lang='lat' dir='ltr'><strong>animum.&#39;</strong></span> <span class='ocrx_word' id='word_1_362' title='bbox 1219 805 1319 836; x_wconf 84' lang='lat' dir='ltr'><strong>Silius</strong></span> <span class='ocrx_word' id='word_1_363' title='bbox 1355 805 1497 836; x_wconf 81' lang='lat' dir='ltr'><strong>Italicus</strong></span> <span class='ocrx_word' id='word_1_364' title='bbox 1532 813 1573 836; x_wconf 86' lang='lat' dir='ltr'><strong>n.</strong></span> <span class='ocrx_word' id='word_1_365' title='bbox 1610 807 1686 836; x_wconf 76' lang='lat'><strong>458.</strong></span> 
     </span>
     <span class='ocr_line' id='line_1_64' title="bbox 982 853 1685 897; baseline -0.003 -10"><span class='ocrx_word' id='word_1_366' title='bbox 982 859 991 875; x_wconf 85' lang='lat'>‘</span> <span class='ocrx_word' id='word_1_367' title='bbox 1010 856 1252 897; x_wconf 86' lang='lat' dir='ltr'><strong>Carpebatqne</strong></span> <span class='ocrx_word' id='word_1_368' title='bbox 1283 856 1354 886; x_wconf 88' lang='lat' dir='ltr'><strong>dies</strong></span> <span class='ocrx_word' id='word_1_369' title='bbox 1385 853 1527 886; x_wconf 65' lang='lat' dir='ltr'><strong>urbem!</strong></span> <span class='ocrx_word' id='word_1_370' title='bbox 1595 854 1685 885; x_wconf 85' lang='lat' dir='ltr'><strong>Vide</strong></span> 
     </span>
     <span class='ocr_line' id='line_1_65' title="bbox 984 904 1686 938; baseline -0.003 0"><span class='ocrx_word' id='word_1_371' title='bbox 984 912 1019 938; x_wconf 84' lang='lat' dir='ltr'><strong>et</strong></span> <span class='ocrx_word' id='word_1_372' title='bbox 1057 906 1219 938; x_wconf 87' lang='lat' dir='ltr'><strong>Ovidium</strong></span> <span class='ocrx_word' id='word_1_373' title='bbox 1256 907 1334 936; x_wconf 88' lang='lat' dir='ltr'><strong>Art.</strong></span> <span class='ocrx_word' id='word_1_374' title='bbox 1370 904 1514 937; x_wconf 85' lang='lat' dir='ltr'><strong>Amand.</strong></span> <span class='ocrx_word' id='word_1_375' title='bbox 1544 913 1583 936; x_wconf 88' lang='lat'><strong>11.</strong></span> <span class='ocrx_word' id='word_1_376' title='bbox 1614 907 1686 936; x_wconf 76' lang='lat'><strong>114.</strong></span> 
     </span>
     <span class='ocr_line' id='line_1_66' title="bbox 986 955 1688 996; baseline -0.004 -7"><span class='ocrx_word' id='word_1_377' title='bbox 986 957 1094 989; x_wconf 88' lang='lat' dir='ltr'><strong>Editt.</strong></span> <span class='ocrx_word' id='word_1_378' title='bbox 1124 961 1207 988; x_wconf 87' lang='lat' dir='ltr'><strong>vett.</strong></span> <span class='ocrx_word' id='word_1_379' title='bbox 1236 960 1397 996; x_wconf 87' lang='lat' dir='ltr'><strong>corrupte</strong></span> <span class='ocrx_word' id='word_1_380' title='bbox 1423 956 1588 987; x_wconf 82' lang='lat' dir='ltr'><strong>exhibent</strong></span> <span class='ocrx_word' id='word_1_381' title='bbox 1609 955 1688 986; x_wconf 80' lang='lat' dir='ltr'><strong>mule</strong></span> 
     </span>
     <span class='ocr_line' id='line_1_67' title="bbox 984 1006 1474 1047; baseline -0.004 -8"><span class='ocrx_word' id='word_1_382' title='bbox 984 1008 1122 1047; x_wconf 80' lang='lat' dir='ltr'><strong>haberet,</strong></span> <span class='ocrx_word' id='word_1_383' title='bbox 1135 1011 1164 1038; x_wconf 89' lang='lat' dir='ltr'><strong>et</strong></span> <span class='ocrx_word' id='word_1_384' title='bbox 1180 1011 1312 1047; x_wconf 80' lang='lat' dir='ltr'><strong>caperet.</strong></span> <span class='ocrx_word' id='word_1_385' title='bbox 1358 1006 1474 1037; x_wconf 74' lang='lat' dir='ltr'><strong>Davis.</strong></span> 
     </span>
    </p>

    <p class='ocr_par' dir='ltr' id='par_1_6' title="bbox 984 1055 1691 1503">
     <span class='ocr_line' id='line_1_68' title="bbox 1028 1055 1688 1098; baseline -0.005 -8"><span class='ocrx_word' id='word_1_386' title='bbox 1028 1068 1125 1090; x_wconf 76' lang='lat' dir='ltr'><strong>Lxlv.</strong></span> <span class='ocrx_word' id='word_1_387' title='bbox 1143 1061 1163 1089; x_wconf 86' lang='lat'><strong>2</strong></span> <span class='ocrx_word' id='word_1_388' title='bbox 1189 1058 1378 1090; x_wconf 78' lang='lat' dir='ltr'><strong>cernebatur</strong></span> <span class='ocrx_word' id='word_1_389' title='bbox 1389 1055 1504 1098; x_wconf 79' lang='lat' dir='ltr'><strong>premi]</strong></span> <span class='ocrx_word' id='word_1_390' title='bbox 1522 1056 1588 1088; x_wconf 88' lang='lat' dir='ltr'><strong>Ms.</strong></span> <span class='ocrx_word' id='word_1_391' title='bbox 1603 1056 1688 1097; x_wconf 85' lang='lat' dir='ltr'><strong>Reg.</strong></span> 
     </span>
     <span class='ocr_line' id='line_1_69' title="bbox 984 1107 1689 1147; baseline -0.006 -6"><span class='ocrx_word' id='word_1_392' title='bbox 984 1110 1066 1141; x_wconf 88' lang='lat' dir='ltr'><strong>item</strong></span> <span class='ocrx_word' id='word_1_393' title='bbox 1100 1110 1176 1141; x_wconf 86' lang='lat' dir='ltr'><strong>Pal.</strong></span> <span class='ocrx_word' id='word_1_394' title='bbox 1213 1110 1339 1139; x_wconf 84' lang='lat' dir='ltr'><strong>Lovan.</strong></span> <span class='ocrx_word' id='word_1_395' title='bbox 1374 1109 1481 1139; x_wconf 90' lang='lat' dir='ltr'><strong>Dorv.</strong></span> <span class='ocrx_word' id='word_1_396' title='bbox 1509 1107 1618 1147; x_wconf 85' lang='lat' dir='ltr'><strong>Bong.</strong></span> <span class='ocrx_word' id='word_1_397' title='bbox 1651 1110 1689 1137; x_wconf 85' lang='lat' dir='ltr'><strong>et</strong></span> 
     </span>
     <span class='ocr_line' id='line_1_70' title="bbox 986 1156 1687 1191; baseline -0.007 0"><span class='ocrx_word' id='word_1_398' title='bbox 986 1160 1082 1191; x_wconf 90' lang='lat' dir='ltr'><strong>Leid.</strong></span> <span class='ocrx_word' id='word_1_399' title='bbox 1098 1169 1165 1190; x_wconf 83' lang='lat' dir='ltr'><strong>sec.</strong></span> <span class='ocrx_word' id='word_1_400' title='bbox 1182 1167 1258 1189; x_wconf 89' lang='lat' dir='ltr'><strong>cum</strong></span> <span class='ocrx_word' id='word_1_401' title='bbox 1276 1158 1363 1189; x_wconf 88' lang='lat' dir='ltr'><strong>Edd.</strong></span> <span class='ocrx_word' id='word_1_402' title='bbox 1381 1158 1478 1189; x_wconf 79' lang='lat' dir='ltr'><strong>Rom.</strong></span> <span class='ocrx_word' id='word_1_403' title='bbox 1494 1157 1588 1188; x_wconf 86' lang='lat' dir='ltr'><strong>Med.</strong></span> <span class='ocrx_word' id='word_1_404' title='bbox 1602 1156 1687 1186; x_wconf 85' lang='lat' dir='ltr'><strong>Ven.</strong></span> 
     </span>
     <span class='ocr_line' id='line_1_71' title="bbox 984 1208 1687 1249; baseline -0.007 -7"><span class='ocrx_word' id='word_1_405' title='bbox 984 1210 1197 1248; x_wconf 78' lang='lat' dir='ltr'><strong>cernebantur,</strong></span> <span class='ocrx_word' id='word_1_406' title='bbox 1213 1214 1249 1240; x_wconf 82' lang='lat' dir='ltr'><strong>ct</strong></span> <span class='ocrx_word' id='word_1_407' title='bbox 1269 1218 1407 1249; x_wconf 78' lang='lat' dir='ltr'><strong>premere</strong></span> <span class='ocrx_word' id='word_1_408' title='bbox 1424 1208 1491 1238; x_wconf 83' lang='lat' dir='ltr'><strong>Ms.</strong></span> <span class='ocrx_word' id='word_1_409' title='bbox 1508 1209 1592 1246; x_wconf 67' lang='lat' dir='ltr'><strong>Reg.</strong></span> <span class='ocrx_word' id='word_1_410' title='bbox 1609 1216 1687 1238; x_wconf 84' lang='lat' dir='ltr'><strong>eum</strong></span> 
     </span>
     <span class='ocr_line' id='line_1_72' title="bbox 986 1257 1689 1298; baseline -0.006 -8"><span class='ocrx_word' id='word_1_411' title='bbox 986 1260 1082 1291; x_wconf 83' lang='lat' dir='ltr'><strong>Leid.</strong></span> <span class='ocrx_word' id='word_1_412' title='bbox 1104 1269 1170 1290; x_wconf 91' lang='lat' dir='ltr'><strong>sec.</strong></span> <span class='ocrx_word' id='word_1_413' title='bbox 1189 1264 1227 1290; x_wconf 89' lang='lat' dir='ltr'><strong>ut</strong></span> <span class='ocrx_word' id='word_1_414' title='bbox 1241 1259 1398 1298; x_wconf 79' lang='lat' dir='ltr'><strong>equitatus</strong></span> <span class='ocrx_word' id='word_1_415' title='bbox 1421 1267 1536 1288; x_wconf 82' lang='lat' dir='ltr'><strong>rursus</strong></span> <span class='ocrx_word' id='word_1_416' title='bbox 1559 1257 1592 1287; x_wconf 89' lang='lat' dir='ltr'><strong>in</strong></span> <span class='ocrx_word' id='word_1_417' title='bbox 1616 1257 1689 1297; x_wconf 86' lang='lat' dir='ltr'><strong>plu·</strong></span> 
     </span>
     <span class='ocr_line' id='line_1_73' title="bbox 986 1307 1688 1349; baseline -0.006 -9"><span class='ocrx_word' id='word_1_418' title='bbox 986 1310 1047 1340; x_wconf 86' lang='lat' dir='ltr'><strong>rali</strong></span> <span class='ocrx_word' id='word_1_419' title='bbox 1063 1310 1167 1341; x_wconf 86' lang='lat' dir='ltr'><strong>dicat.</strong></span> <span class='ocrx_word' id='word_1_420' title='bbox 1213 1309 1261 1340; x_wconf 92' lang='lat' dir='ltr'><strong>At</strong></span> <span class='ocrx_word' id='word_1_421' title='bbox 1287 1313 1400 1339; x_wconf 87' lang='lat' dir='ltr'><strong>tamen</strong></span> <span class='ocrx_word' id='word_1_422' title='bbox 1421 1307 1532 1349; x_wconf 86' lang='lat' dir='ltr'><strong>siquid</strong></span> <span class='ocrx_word' id='word_1_423' title='bbox 1554 1310 1688 1337; x_wconf 82' lang='lat' dir='ltr'><strong>mutan·</strong></span> 
     </span>
     <span class='ocr_line' id='line_1_74' title="bbox 985 1358 1689 1401; baseline -0.006 -9"><span class='ocrx_word' id='word_1_424' title='bbox 985 1361 1075 1401; x_wconf 84' lang='lat' dir='ltr'><strong>dnm,</strong></span> <span class='ocrx_word' id='word_1_425' title='bbox 1088 1359 1246 1401; x_wconf 83' lang='lat' dir='ltr'><strong>praefero‚</strong></span> <span class='ocrx_word' id='word_1_426' title='bbox 1261 1359 1351 1400; x_wconf 86' lang='lat' dir='ltr'><strong>qnod</strong></span> <span class='ocrx_word' id='word_1_427' title='bbox 1368 1362 1422 1389; x_wconf 84' lang='lat' dir='ltr'><strong>est</strong></span> <span class='ocrx_word' id='word_1_428' title='bbox 1447 1359 1480 1389; x_wconf 92' lang='lat' dir='ltr'><strong>in</strong></span> <span class='ocrx_word' id='word_1_429' title='bbox 1507 1358 1628 1389; x_wconf 88' lang='lat' dir='ltr'><strong>Petav.</strong></span> <span class='ocrx_word' id='word_1_430' title='bbox 1652 1360 1689 1388; x_wconf 85' lang='lat' dir='ltr'><strong>et</strong></span> 
     </span>
     <span class='ocr_line' id='line_1_75' title="bbox 985 1408 1691 1452; baseline -0.006 -9"><span class='ocrx_word' id='word_1_431' title='bbox 985 1412 1125 1452; x_wconf 83' lang='lat' dir='ltr'><strong>Eliensi,</strong></span> <span class='ocrx_word' id='word_1_432' title='bbox 1142 1411 1327 1442; x_wconf 71' lang='lat' dir='ltr'><strong>Cer-nebant.</strong></span> <span class='ocrx_word' id='word_1_433' title='bbox 1358 1408 1459 1442; x_wconf 80' lang='lat' dir='ltr'><strong>Quod</strong></span> <span class='ocrx_word' id='word_1_434' title='bbox 1476 1408 1611 1439; x_wconf 85' lang='lat' dir='ltr'><strong>videtur</strong></span> <span class='ocrx_word' id='word_1_435' title='bbox 1623 1409 1691 1440; x_wconf 84' lang='lat' dir='ltr'><strong>ele-</strong></span> 
     </span>
     <span class='ocr_line' id='line_1_76' title="bbox 985 1463 1132 1503; baseline -0.014 -8"><span class='ocrx_word' id='word_1_436' title='bbox 985 1463 1132 1503; x_wconf 83' lang='lat' dir='ltr'><strong>gantius.</strong></span> 
     </span>
    </p>

    <p class='ocr_par' dir='ltr' id='par_1_7' title="bbox 983 1508 1690 1702">
     <span class='ocr_line' id='line_1_77' title="bbox 1027 1508 1689 1552; baseline -0.008 -8"><span class='ocrx_word' id='word_1_437' title='bbox 1027 1516 1047 1544; x_wconf 75' lang='lat' dir='ltr'><strong>(i</strong></span> <span class='ocrx_word' id='word_1_438' title='bbox 1072 1511 1256 1552; x_wconf 75' lang='lat' dir='ltr'><strong>Conversos]</strong></span> <span class='ocrx_word' id='word_1_439' title='bbox 1283 1511 1360 1543; x_wconf 91' lang='lat' dir='ltr'><strong>Non</strong></span> <span class='ocrx_word' id='word_1_440' title='bbox 1378 1510 1501 1542; x_wconf 89' lang='lat' dir='ltr'><strong>damno</strong></span> <span class='ocrx_word' id='word_1_441' title='bbox 1516 1509 1603 1546; x_wconf 82' lang='lat' dir='ltr'><strong>hoc3</strong></span> <span class='ocrx_word' id='word_1_442' title='bbox 1628 1508 1689 1540; x_wconf 86' lang='lat' dir='ltr'><strong>sed</strong></span> 
     </span>
     <span class='ocr_line' id='line_1_78' title="bbox 983 1559 1690 1604; baseline -0.008 -8"><span class='ocrx_word' id='word_1_443' title='bbox 983 1574 1047 1596; x_wconf 88' lang='lat' dir='ltr'><strong>nec</strong></span> <span class='ocrx_word' id='word_1_444' title='bbox 1079 1570 1211 1596; x_wconf 81' lang='lat' dir='ltr'><strong>temere</strong></span> <span class='ocrx_word' id='word_1_445' title='bbox 1243 1562 1431 1604; x_wconf 86' lang='lat' dir='ltr'><strong>rejicienda</strong></span> <span class='ocrx_word' id='word_1_446' title='bbox 1458 1561 1564 1592; x_wconf 83' lang='lat' dir='ltr'><strong>lectio</strong></span> <span class='ocrx_word' id='word_1_447' title='bbox 1591 1559 1690 1591; x_wconf 89' lang='lat' dir='ltr'><strong>Codi-</strong></span> 
     </span>
     <span class='ocr_line' id='line_1_79' title="bbox 985 1611 1689 1652; baseline -0.01 -5"><span class='ocrx_word' id='word_1_448' title='bbox 985 1625 1062 1647; x_wconf 90' lang='lat' dir='ltr'><strong>cum</strong></span> <span class='ocrx_word' id='word_1_449' title='bbox 1098 1615 1219 1646; x_wconf 84' lang='lat' dir='ltr'><strong>Petav.</strong></span> <span class='ocrx_word' id='word_1_450' title='bbox 1255 1614 1368 1644; x_wconf 83' lang='lat' dir='ltr'><strong>Palat.</strong></span> <span class='ocrx_word' id='word_1_451' title='bbox 1400 1612 1524 1652; x_wconf 85' lang='lat' dir='ltr'><strong>Scalig.</strong></span> <span class='ocrx_word' id='word_1_452' title='bbox 1562 1611 1689 1641; x_wconf 87' lang='lat' dir='ltr'><strong>Lovan.</strong></span> 
     </span>
     <span class='ocr_line' id='line_1_80' title="bbox 984 1663 1527 1702; baseline -0.009 -5"><span class='ocrx_word' id='word_1_453' title='bbox 984 1667 1093 1697; x_wconf 91' lang='lat' dir='ltr'><strong>Dorv.</strong></span> <span class='ocrx_word' id='word_1_454' title='bbox 1107 1673 1248 1696; x_wconf 73' lang='lat' dir='ltr'><strong>converso</strong></span> <span class='ocrx_word' id='word_1_455' title='bbox 1264 1663 1396 1694; x_wconf 86' lang='lat' dir='ltr'><strong>scilicet</strong></span> <span class='ocrx_word' id='word_1_456' title='bbox 1411 1663 1527 1702; x_wconf 81' lang='lat' dir='ltr'><strong>inpetu.</strong></span> 
     </span>
    </p>

    <p class='ocr_par' dir='ltr' id='par_1_8' title="bbox 985 1711 1693 2810">
     <span class='ocr_line' id='line_1_81' title="bbox 1032 1711 1690 1752; baseline -0.008 -6"><span class='ocrx_word' id='word_1_457' title='bbox 1032 1715 1119 1746; x_wconf 78' lang='lat' dir='ltr'><strong>Totis</strong></span> <span class='ocrx_word' id='word_1_458' title='bbox 1145 1724 1216 1746; x_wconf 77' lang='lat' dir='ltr'><strong>vero</strong></span> <span class='ocrx_word' id='word_1_459' title='bbox 1242 1714 1353 1745; x_wconf 63' lang='lat' dir='ltr'><strong>castris</strong></span> <span class='ocrx_word' id='word_1_460' title='bbox 1386 1712 1502 1744; x_wconf 79' lang='lat' dir='ltr'><strong>milites</strong></span> <span class='ocrx_word' id='word_1_461' title='bbox 1529 1711 1690 1752; x_wconf 76' lang='lat' dir='ltr'><strong>circulari]</strong></span> 
     </span>
     <span class='ocr_line' id='line_1_82' title="bbox 985 1761 1690 1805; baseline -0.007 -8"><span class='ocrx_word' id='word_1_462' title='bbox 985 1766 1041 1797; x_wconf 91' lang='lat' dir='ltr'><strong>Sic</strong></span> <span class='ocrx_word' id='word_1_463' title='bbox 1058 1770 1151 1796; x_wconf 89' lang='lat' dir='ltr'><strong>recte</strong></span> <span class='ocrx_word' id='word_1_464' title='bbox 1164 1768 1388 1805; x_wconf 83' lang='lat' dir='ltr'><strong>reposuerunt</strong></span> <span class='ocrx_word' id='word_1_465' title='bbox 1397 1763 1468 1804; x_wconf 86' lang='lat' dir='ltr'><strong>jam</strong></span> <span class='ocrx_word' id='word_1_466' title='bbox 1483 1762 1612 1804; x_wconf 87' lang='lat' dir='ltr'><strong>pridem</strong></span> <span class='ocrx_word' id='word_1_467' title='bbox 1626 1761 1690 1792; x_wconf 82' lang='lat' dir='ltr'><strong>viri</strong></span> 
     </span>
     <span class='ocr_line' id='line_1_83' title="bbox 987 1812 1691 1855; baseline -0.006 -9"><span class='ocrx_word' id='word_1_468' title='bbox 987 1816 1091 1855; x_wconf 89' lang='lat' dir='ltr'><strong>docti,</strong></span> <span class='ocrx_word' id='word_1_469' title='bbox 1117 1820 1153 1846; x_wconf 88' lang='lat' dir='ltr'><strong>et</strong></span> <span class='ocrx_word' id='word_1_470' title='bbox 1173 1814 1276 1845; x_wconf 82' lang='lat' dir='ltr'><strong>habet</strong></span> <span class='ocrx_word' id='word_1_471' title='bbox 1303 1815 1371 1845; x_wconf 88' lang='lat' dir='ltr'><strong>Ms.</strong></span> <span class='ocrx_word' id='word_1_472' title='bbox 1388 1814 1508 1854; x_wconf 88' lang='lat' dir='ltr'><strong>Cujac.</strong></span> <span class='ocrx_word' id='word_1_473' title='bbox 1526 1813 1606 1844; x_wconf 86' lang='lat' dir='ltr'><strong>Pet.</strong></span> <span class='ocrx_word' id='word_1_474' title='bbox 1623 1812 1691 1843; x_wconf 63' lang='lat' dir='ltr'><strong>Pan</strong></span> 
     </span>
     <span class='ocr_line' id='line_1_84' title="bbox 986 1862 1690 1897; baseline -0.006 -1"><span class='ocrx_word' id='word_1_475' title='bbox 986 1866 1047 1897; x_wconf 82' lang='lat' dir='ltr'><strong>lat.</strong></span> <span class='ocrx_word' id='word_1_476' title='bbox 1103 1865 1277 1895; x_wconf 89' lang='lat' dir='ltr'><strong>Dicuntur</strong></span> <span class='ocrx_word' id='word_1_477' title='bbox 1303 1864 1391 1894; x_wconf 84' lang='lat' dir='ltr'><strong>enim</strong></span> <span class='ocrx_word' id='word_1_478' title='bbox 1418 1863 1568 1894; x_wconf 87' lang='lat' dir='ltr'><strong>homines</strong></span> <span class='ocrx_word' id='word_1_479' title='bbox 1592 1862 1690 1892; x_wconf 85' lang='lat' dir='ltr'><strong>circu-</strong></span> 
     </span>
     <span class='ocr_line' id='line_1_85' title="bbox 986 1912 1690 1955; baseline -0.006 -9"><span class='ocrx_word' id='word_1_480' title='bbox 986 1915 1058 1955; x_wconf 78' lang='lat' dir='ltr'><strong>lari,</strong></span> <span class='ocrx_word' id='word_1_481' title='bbox 1072 1924 1148 1946; x_wconf 87' lang='lat' dir='ltr'><strong>cum</strong></span> <span class='ocrx_word' id='word_1_482' title='bbox 1166 1924 1201 1945; x_wconf 90' lang='lat' dir='ltr'><strong>re</strong></span> <span class='ocrx_word' id='word_1_483' title='bbox 1218 1923 1306 1945; x_wconf 87' lang='lat' dir='ltr'><strong>nova</strong></span> <span class='ocrx_word' id='word_1_484' title='bbox 1330 1913 1448 1944; x_wconf 89' lang='lat' dir='ltr'><strong>audita</strong></span> <span class='ocrx_word' id='word_1_485' title='bbox 1469 1912 1690 1950; x_wconf 85' lang='lat' dir='ltr'><strong>conveniunt,</strong></span> 
     </span>
     <span class='ocr_line' id='line_1_86' title="bbox 987 1962 1689 2007; baseline -0.006 -10"><span class='ocrx_word' id='word_1_486' title='bbox 987 1971 1023 1996; x_wconf 91' lang='lat' dir='ltr'><strong>et</strong></span> <span class='ocrx_word' id='word_1_487' title='bbox 1037 1966 1133 2007; x_wconf 87' lang='lat' dir='ltr'><strong>quasi</strong></span> <span class='ocrx_word' id='word_1_488' title='bbox 1149 1965 1181 1996; x_wconf 92' lang='lat' dir='ltr'><strong>in</strong></span> <span class='ocrx_word' id='word_1_489' title='bbox 1206 1964 1324 1996; x_wconf 85' lang='lat' dir='ltr'><strong>orbem</strong></span> <span class='ocrx_word' id='word_1_490' title='bbox 1344 1963 1543 1995; x_wconf 84' lang='lat' dir='ltr'><strong>consistunt.</strong></span> <span class='ocrx_word' id='word_1_491' title='bbox 1588 1962 1689 1993; x_wconf 88' lang='lat' dir='ltr'><strong>Unde</strong></span> 
     </span>
     <span class='ocr_line' id='line_1_87' title="bbox 986 2012 1688 2054; baseline -0.004 -8"><span class='ocrx_word' id='word_1_492' title='bbox 986 2016 1195 2054; x_wconf 79' lang='lat' dir='ltr'><strong>circulatores,</strong></span> <span class='ocrx_word' id='word_1_493' title='bbox 1215 2014 1367 2045; x_wconf 83' lang='lat' dir='ltr'><strong>homines</strong></span> <span class='ocrx_word' id='word_1_494' title='bbox 1396 2012 1550 2052; x_wconf 73' lang='lat' dir='ltr'><strong>infames,</strong></span> <span class='ocrx_word' id='word_1_495' title='bbox 1566 2021 1688 2043; x_wconf 86' lang='lat' dir='ltr'><strong>nomen</strong></span> 
     </span>
     <span class='ocr_line' id='line_1_88' title="bbox 988 2061 1690 2106; baseline -0.006 -10"><span class='ocrx_word' id='word_1_496' title='bbox 988 2065 1104 2106; x_wconf 88' lang='lat' dir='ltr'><strong>adepti</strong></span> <span class='ocrx_word' id='word_1_497' title='bbox 1129 2075 1148 2096; x_wconf 88' lang='lat' dir='ltr'><strong>a</strong></span> <span class='ocrx_word' id='word_1_498' title='bbox 1174 2064 1322 2104; x_wconf 53' lang='lat' dir='ltr'><strong>circuli«,</strong></span> <span class='ocrx_word' id='word_1_499' title='bbox 1337 2073 1418 2105; x_wconf 88' lang='lat' dir='ltr'><strong>quos</strong></span> <span class='ocrx_word' id='word_1_500' title='bbox 1438 2062 1619 2094; x_wconf 88' lang='lat' dir='ltr'><strong>convenire</strong></span> <span class='ocrx_word' id='word_1_501' title='bbox 1642 2061 1690 2093; x_wconf 83' lang='lat' dir='ltr'><strong>fa-</strong></span> 
     </span>
     <span class='ocr_line' id='line_1_89' title="bbox 989 2112 1690 2157; baseline -0.007 -10"><span class='ocrx_word' id='word_1_502' title='bbox 989 2117 1107 2155; x_wconf 91' lang='lat' dir='ltr'><strong>ciunt;</strong></span> <span class='ocrx_word' id='word_1_503' title='bbox 1141 2116 1275 2157; x_wconf 90' lang='lat' dir='ltr'><strong>qualem</strong></span> <span class='ocrx_word' id='word_1_504' title='bbox 1299 2114 1440 2146; x_wconf 86' lang='lat' dir='ltr'><strong>denotat</strong></span> <span class='ocrx_word' id='word_1_505' title='bbox 1452 2112 1590 2144; x_wconf 80' lang='lat' dir='ltr'><strong>Tacitus</strong></span> <span class='ocrx_word' id='word_1_506' title='bbox 1612 2121 1690 2144; x_wconf 87' lang='lat' dir='ltr'><strong>cum</strong></span> 
     </span>
     <span class='ocr_line' id='line_1_90' title="bbox 988 2162 1693 2205; baseline -0.004 -8"><span class='ocrx_word' id='word_1_507' title='bbox 988 2166 1111 2198; x_wconf 89' lang='lat' dir='ltr'><strong>Annal.</strong></span> <span class='ocrx_word' id='word_1_508' title='bbox 1128 2175 1152 2197; x_wconf 91' lang='lat'><strong>1.</strong></span> <span class='ocrx_word' id='word_1_509' title='bbox 1169 2166 1229 2205; x_wconf 88' lang='lat' dir='ltr'><strong>ait,</strong></span> <span class='ocrx_word' id='word_1_510' title='bbox 1251 2166 1260 2182; x_wconf 90' lang='lat'>‘</span> <span class='ocrx_word' id='word_1_511' title='bbox 1277 2164 1420 2195; x_wconf 87' lang='lat' dir='ltr'><strong>miscere</strong></span> <span class='ocrx_word' id='word_1_512' title='bbox 1437 2166 1547 2195; x_wconf 84' lang='lat' dir='ltr'><strong>coetus</strong></span> <span class='ocrx_word' id='word_1_513' title='bbox 1562 2162 1693 2194; x_wconf 83' lang='lat' dir='ltr'><strong>histrio-</strong></span> 
     </span>
     <span class='ocr_line' id='line_1_91' title="bbox 988 2212 1691 2255; baseline -0.007 -7"><span class='ocrx_word' id='word_1_514' title='bbox 988 2217 1057 2248; x_wconf 89' lang='lat' dir='ltr'><strong>nali</strong></span> <span class='ocrx_word' id='word_1_515' title='bbox 1083 2216 1194 2247; x_wconf 81' lang='lat' dir='ltr'><strong>studio</strong></span> <span class='ocrx_word' id='word_1_516' title='bbox 1222 2215 1367 2247; x_wconf 66' lang='lat' dir='ltr'><strong>doctus!</strong></span> <span class='ocrx_word' id='word_1_517' title='bbox 1409 2212 1561 2255; x_wconf 78' lang='grc' dir='ltr'><strong>Ἀγύρτας</strong></span> <span class='ocrx_word' id='word_1_518' title='bbox 1575 2212 1691 2244; x_wconf 75' lang='lat' dir='ltr'><strong>Graeci</strong></span> 
     </span>
     <span class='ocr_line' id='line_1_92' title="bbox 988 2263 1691 2305; baseline -0.01 -5"><span class='ocrx_word' id='word_1_519' title='bbox 988 2277 1177 2300; x_wconf 78' lang='lat' dir='ltr'><strong>vocavere:</strong></span> <span class='ocrx_word' id='word_1_520' title='bbox 1217 2266 1260 2298; x_wconf 76' lang='lat' dir='ltr'><strong>ab</strong></span> <span class='ocrx_word' id='word_1_521' title='bbox 1291 2265 1409 2297; x_wconf 80' lang='lat' dir='ltr'><strong>eadem</strong></span> <span class='ocrx_word' id='word_1_522' title='bbox 1435 2265 1580 2305; x_wconf 87' lang='lat' dir='ltr'><strong>origine,</strong></span> <span class='ocrx_word' id='word_1_523' title='bbox 1610 2263 1691 2304; x_wconf 79' lang='lat' dir='ltr'><strong>qnia</strong></span> 
     </span>
     <span class='ocr_line' id='line_1_93' title="bbox 988 2314 1689 2361; baseline -0.01 -10"><span class='ocrx_word' id='word_1_524' title='bbox 988 2319 1144 2361; x_wconf 75' lang='grc' dir='ltr'>ἀγείρουσι</span> <span class='ocrx_word' id='word_1_525' title='bbox 1159 2318 1209 2350; x_wconf 74' lang='grc' dir='ltr'><strong>καὶ</strong></span> <span class='ocrx_word' id='word_1_526' title='bbox 1224 2317 1392 2356; x_wconf 71' lang='grc' dir='ltr'>συνάγουσι</span> <span class='ocrx_word' id='word_1_527' title='bbox 1405 2316 1461 2347; x_wconf 84' lang='grc' dir='ltr'><strong>τὸν</strong></span> <span class='ocrx_word' id='word_1_528' title='bbox 1476 2314 1587 2355; x_wconf 84' lang='grc' dir='ltr'><strong>ὄχλον.</strong></span> <span class='ocrx_word' id='word_1_529' title='bbox 1643 2314 1689 2344; x_wconf 85' lang='grc' dir='ltr'><strong>Η.</strong></span> 
     </span>
     <span class='ocr_line' id='line_1_94' title="bbox 988 2364 1690 2410; baseline -0.011 -9"><span class='ocrx_word' id='word_1_530' title='bbox 988 2371 1179 2410; x_wconf 81' lang='lat' dir='ltr'><strong>Stephanus</strong></span> <span class='ocrx_word' id='word_1_531' title='bbox 1197 2368 1341 2410; x_wconf 88' lang='lat' dir='ltr'><strong>putabat</strong></span> <span class='ocrx_word' id='word_1_532' title='bbox 1353 2367 1544 2408; x_wconf 80' lang='lat' dir='ltr'><strong>appellatos</strong></span> <span class='ocrx_word' id='word_1_533' title='bbox 1559 2364 1620 2396; x_wconf 83' lang='grc' dir='ltr'><strong>ἀπὸ</strong></span> <span class='ocrx_word' id='word_1_534' title='bbox 1634 2364 1690 2394; x_wconf 78' lang='grc' dir='ltr'><strong>τοῦ</strong></span> 
     </span>
     <span class='ocr_line' id='line_1_95' title="bbox 988 2418 1686 2461; baseline -0.011 -9"><span class='ocrx_word' id='word_1_535' title='bbox 988 2420 1156 2461; x_wconf 69' lang='grc' dir='ltr'>περιάγειν,</span> <span class='ocrx_word' id='word_1_536' title='bbox 1183 2421 1264 2461; x_wconf 85' lang='lat' dir='ltr'><strong>qnia</strong></span> <span class='ocrx_word' id='word_1_537' title='bbox 1290 2418 1549 2450; x_wconf 88' lang='lat' dir='ltr'><strong>circumducunt</strong></span> <span class='ocrx_word' id='word_1_538' title='bbox 1572 2423 1686 2446; x_wconf 80' lang='lat' dir='ltr'><strong>secum</strong></span> 
     </span>
     <span class='ocr_line' id='line_1_96' title="bbox 988 2463 1688 2510; baseline -0.013 -7"><span class='ocrx_word' id='word_1_539' title='bbox 988 2472 1138 2503; x_wconf 80' lang='lat' dir='ltr'><strong>homines</strong></span> <span class='ocrx_word' id='word_1_540' title='bbox 1163 2479 1225 2510; x_wconf 89' lang='lat' dir='ltr'><strong>per</strong></span> <span class='ocrx_word' id='word_1_541' title='bbox 1250 2469 1375 2501; x_wconf 87' lang='lat' dir='ltr'><strong>urbes:</strong></span> <span class='ocrx_word' id='word_1_542' title='bbox 1410 2467 1469 2499; x_wconf 81' lang='lat' dir='ltr'><strong>sed</strong></span> <span class='ocrx_word' id='word_1_543' title='bbox 1496 2465 1589 2507; x_wconf 83' lang='lat' dir='ltr'><strong>prius</strong></span> <span class='ocrx_word' id='word_1_544' title='bbox 1613 2463 1688 2495; x_wconf 82' lang='lat' dir='ltr'><strong>sim-</strong></span> 
     </span>
     <span class='ocr_line' id='line_1_97' title="bbox 989 2515 1689 2562; baseline -0.013 -9"><span class='ocrx_word' id='word_1_545' title='bbox 989 2522 1110 2562; x_wconf 83' lang='lat' dir='ltr'><strong>plicins</strong></span> <span class='ocrx_word' id='word_1_546' title='bbox 1127 2525 1192 2559; x_wconf 88' lang='lat' dir='ltr'><strong>est,</strong></span> <span class='ocrx_word' id='word_1_547' title='bbox 1208 2524 1244 2550; x_wconf 91' lang='lat' dir='ltr'><strong>et</strong></span> <span class='ocrx_word' id='word_1_548' title='bbox 1260 2518 1417 2557; x_wconf 79' lang='lat' dir='ltr'><strong>congruit</strong></span> <span class='ocrx_word' id='word_1_549' title='bbox 1431 2517 1496 2547; x_wconf 85' lang='lat' dir='ltr'><strong>illis</strong></span> <span class='ocrx_word' id='word_1_550' title='bbox 1511 2515 1689 2546; x_wconf 85' lang='lat' dir='ltr'><strong>circulato-</strong></span> 
     </span>
     <span class='ocr_line' id='line_1_98' title="bbox 990 2564 1689 2603; baseline -0.011 -1"><span class='ocrx_word' id='word_1_551' title='bbox 990 2571 1093 2602; x_wconf 86' lang='lat' dir='ltr'><strong>ribus.</strong></span> <span class='ocrx_word' id='word_1_552' title='bbox 1130 2570 1261 2601; x_wconf 74' lang='lat' dir='ltr'><strong>Vossius.</strong></span> <span class='ocrx_word' id='word_1_553' title='bbox 1307 2567 1458 2599; x_wconf 87' lang='lat' dir='ltr'><strong>Circulos</strong></span> <span class='ocrx_word' id='word_1_554' title='bbox 1475 2564 1604 2603; x_wconf 85' lang='lat' dir='ltr'><strong>facere,</strong></span> <span class='ocrx_word' id='word_1_555' title='bbox 1620 2564 1689 2595; x_wconf 88' lang='lat' dir='ltr'><strong>col-</strong></span> 
     </span>
     <span class='ocr_line' id='line_1_99' title="bbox 988 2615 1688 2663; baseline -0.01 -10"><span class='ocrx_word' id='word_1_556' title='bbox 988 2622 1146 2663; x_wconf 87' lang='lat' dir='ltr'><strong>loquendi</strong></span> <span class='ocrx_word' id='word_1_557' title='bbox 1175 2629 1287 2651; x_wconf 90' lang='lat' dir='ltr'><strong>causa.</strong></span> <span class='ocrx_word' id='word_1_558' title='bbox 1343 2617 1497 2651; x_wconf 74' lang='lat' dir='ltr'><strong>Cir-culus</strong></span> <span class='ocrx_word' id='word_1_559' title='bbox 1522 2620 1573 2647; x_wconf 87' lang='lat' dir='ltr'><strong>est</strong></span> <span class='ocrx_word' id='word_1_560' title='bbox 1599 2615 1688 2647; x_wconf 83' lang='lat' dir='ltr'><strong>orbis</strong></span> 
     </span>
     <span class='ocr_line' id='line_1_100' title="bbox 988 2665 1688 2709; baseline -0.009 -7"><span class='ocrx_word' id='word_1_561' title='bbox 988 2667 1330 2709; x_wconf 81' lang='lat' dir='ltr'><strong>fabulantinm,unde</strong></span> <span class='ocrx_word' id='word_1_562' title='bbox 1356 2667 1412 2707; x_wconf 90' lang='lat' dir='ltr'><strong>qui</strong></span> <span class='ocrx_word' id='word_1_563' title='bbox 1437 2666 1470 2696; x_wconf 89' lang='lat' dir='ltr'><strong>in</strong></span> <span class='ocrx_word' id='word_1_564' title='bbox 1495 2665 1688 2707; x_wconf 85' lang='lat' dir='ltr'><strong>hujusmodi</strong></span> 
     </span>
     <span class='ocr_line' id='line_1_101' title="bbox 988 2715 1688 2755; baseline -0.007 -3"><span class='ocrx_word' id='word_1_565' title='bbox 988 2726 1094 2755; x_wconf 76' lang='lat' dir='ltr'><strong>coetus</strong></span> <span class='ocrx_word' id='word_1_566' title='bbox 1117 2717 1334 2755; x_wconf 85' lang='lat' dir='ltr'><strong>conveniunt,</strong></span> <span class='ocrx_word' id='word_1_567' title='bbox 1350 2715 1495 2746; x_wconf 80' lang='lat' dir='ltr'><strong>circulari</strong></span> <span class='ocrx_word' id='word_1_568' title='bbox 1517 2715 1688 2747; x_wconf 86' lang='lat' dir='ltr'><strong>dicuntur.</strong></span> 
     </span>
     <span class='ocr_line' id='line_1_102' title="bbox 988 2765 1688 2810; baseline -0.01 -6"><span class='ocrx_word' id='word_1_569' title='bbox 988 2773 1116 2804; x_wconf 85' lang='lat' dir='ltr'><strong>Seneca</strong></span> <span class='ocrx_word' id='word_1_570' title='bbox 1131 2769 1231 2810; x_wconf 81' lang='lat' dir='ltr'><strong>epist.</strong></span> <span class='ocrx_word' id='word_1_571' title='bbox 1250 2770 1302 2799; x_wconf 88' lang='lat' dir='ltr'><strong>ll.</strong></span> <span class='ocrx_word' id='word_1_572' title='bbox 1324 2767 1333 2783; x_wconf 92' lang='lat'>‘</span> <span class='ocrx_word' id='word_1_573' title='bbox 1347 2766 1452 2798; x_wconf 69' lang='lat' dir='ltr'><strong>mam</strong></span> <span class='ocrx_word' id='word_1_574' title='bbox 1470 2767 1534 2798; x_wconf 70' lang='lat' dir='ltr'><strong>vim</strong></span> <span class='ocrx_word' id='word_1_575' title='bbox 1551 2765 1688 2801; x_wconf 75' lang='lat' dir='ltr'><strong>dicendi</strong></span> 
     </span>
    </p>
   </div>
  </div>
 </body>
</html>
