1872 3115
314 157 401 200 974

315 263 469 296 Frontin.
497 273 552 294 nr.
579 266 609 294 2.
637 266 669 294 6.
703 263 711 278 ‘
730 262 826 293 rebus
851 261 893 292 ad
923 271 1012 292 com-

315 324 416 346 mune
432 313 706 355 pertinentibus?
753 312 856 343 Ovid.
869 313 1010 343 Metam.

317 368 433 396 xn.7.
465 365 473 380 ‘
492 363 680 403 Uentisque
712 363 808 393 simul
836 371 1013 393 commune

316 412 496 453 Pelasgam*
534 412 661 443 Lucan.
681 422 719 443 11.
736 415 810 444 390.
844 414 853 429 ‘
872 412 914 443 In
929 422 1016 443 com-

315 474 415 494 mune
440 462 566 493 bonus!
617 461 712 493 Infra
741 471 807 493 vn.
834 465 865 493 2.
895 463 1016 494 ‘Com-

316 514 422 544 munis
439 512 558 543 salutis
574 513 716 543 caussa!
767 513 879 544 Oxou.
898 513 1015 544 Codex

315 573 383 594 non
409 564 515 595 habet
541 563 661 594 salutis.
719 563 786 595 Sed
814 565 859 594 nil
887 569 1015 594 temere

319 618 424 645 muta.
443 613 482 644 B.
498 613 570 645 Civ.
585 622 608 643 1.
627 615 679 644 34.
702 614 712 630 ⁴
726 612 896 644 Interesse
915 613 1013 653 Reip-

319 666 354 692 et
370 663 554 694 communis
571 661 712 693 salutis!

357 716 378 743 6
402 713 518 743 Manus
544 712 677 743 hostium
702 710 862 750 distineri]
892 711 1016 741 Eorum

316 762 432 802 copias
449 762 480 792 in
498 767 614 802 partes
632 762 779 792 diversas
796 761 894 791 trahi.
936 761 1018 791 ‘Dis

315 813 403 843 enim
419 812 610 852 separantis
624 811 696 849 esl,'
722 816 759 842 ut
773 815 866 841 recte
879 810 1016 841 Servius

315 863 357 893 ad
388 862 524 902 Virgilii
552 863 625 893 AEu.
654 871 704 893 xi.
734 864 810 892 381.
838 862 1018 892 Lucretius

315 914 336 944 Ι.
354 921 387 942 v.
419 914 427 928 ‘
447 913 491 942 Et
516 922 609 942 mare
636 912 726 952 quod
755 912 822 942 late
851 917 1018 942 terrarum

316 963 454 993 distinet
472 971 546 993 oras
560 962 579 999 ς’
605 963 667 992 hoc
686 967 750 1001 est,
774 971 792 992 a
818 971 852 992 se
871 962 1017 993 invicem

315 1012 448 1043 dividit.
489 1012 582 1043 Male
600 1012 705 1052 igitur
721 1013 889 1043 nonnullae
908 1012 1019 1044 Caesa—

315 1063 360 1093 ris
383 1063 549 1093 editiones
573 1063 697 1093 habent
713 1063 858 1094 detineri.
906 1063 1017 1095 Daris.

315 1114 405 1145 Vide
423 1114 464 1145 ad
488 1115 614 1145 Lucan.
633 1122 682 1145 iv.
700 1117 774 1145 675.
819 1115 959 1145 Tenuul.
977 1115 1017 1145 ad

317 1164 469 1195 Frontin.
487 1173 511 1194 1.
529 1166 559 1195 3.
576 1168 607 1195 5.
633 1164 735 1195 ethic
754 1165 942 1196 Brantium.
960 1174 1018 1195 ur.

319 1217 370 1246 ll.
404 1218 412 1231 ⁶
432 1215 499 1247 Qui
524 1223 599 1246 eam
626 1224 761 1246 manum
789 1215 1018 1247 distinendam

319 1264 436 1295 (Ἧι-εἰ]
459 1273 525 1295 vn.
543 1266 594 1294 37.
613 1266 621 1281 ‘
637 1264 1020 1295 Victoriamdistinere!

319 1315 375 1346 ubi
392 1314 469 1345 vido
485 1324 633 1355 quoque.
646 1324 675 1345 c.
693 1318 745 1345 51.
764 1317 772 1332 ‘
790 1315 913 1345 Manus
924 1314 1020 1345 disti-

319 1365 439 1396 nendae
469 1366 611 1396 caussa!
636 1375 665 1396 c.
683 1368 734 1396 59.
758 1366 935 1406 ‘legiones
961 1364 1020 1396 ssu-

317 1425 394 1446 men
412 1415 622 1446 distinebar?
640 1425 670 1447 c.
687 1418 740 1446 84.
763 1416 772 1432 ‘
793 1416 1019 1446 Romanorum

317 1475 435 1498 manus
446 1465 549 1496 tantis
563 1465 803 1496 munitionibus
815 1465 1020 1496 distinetur)

320 1517 360 1548 B.
393 1517 466 1547 Civ.
498 1525 556 1548 ιιι.
585 1519 639 1548 44.
685 1518 693 1533 ‘
721 1516 865 1547 Caesaris
894 1516 1020 1557 copias,

319 1576 418 1607 quam
469 1565 616 1596 maxime
660 1569 788 1605 posset,
843 1565 1020 1595 distineri.'

320 1617 417 1648 Adde
435 1616 526 1647 Hirt.
543 1616 584 1646 B.
605 1615 705 1646 Alex.
723 1625 752 1647 c.
770 1618 821 1647 17.
846 1616 886 1647 Β.
913 1614 1020 1646 Afric.

321 1677 349 1697 c.
366 1670 420 1697 55.
444 1668 452 1682 ‘
472 1666 640 1696 distentus·
659 1665 786 1705 triplici
805 1666 916 1696 bello!
954 1665 1021 1697 Adi

321 1716 426 1747 ctiam
445 1716 487 1746 ad
506 1716 545 1747 Β.
561 1715 688 1746 Civ.11.
709 1718 759 1747 17.

365 1769 402 1797 11
429 1767 467 1796 In
492 1776 585 1796 tanum
608 1766 705 1795 locum
728 1765 864 1805 coactas]
894 1765 1022 1796 Addidi

322 1826 441 1848 vocem
467 1817 576 1854 locum,
607 1825 707 1856 quam
725 1816 825 1856 vulgo
847 1825 935 1846 nunc
955 1825 1022 1846 nou

321 1871 521 1908 agnoscunt,
563 1866 635 1896 sine
672 1866 774 1896 dubio
817 1866 1021 1906 typographi

321 1921 453 1948 tantum
492 1916 594 1955 culpa
631 1917 774 1956 primum
803 1916 957 1946 omissam
989 1915 1021 1946 in

322 1966 385 1998 Ed.
405 1966 551 1997 Amstel.
577 1965 621 1996 A.
642 1968 734 1996 1697.
781 1966 869 1997 Nam
893 1965 1022 1996 habent

322 2026 396 2047 eam
412 2016 496 2046 Mss.
511 2025 626 2046 omnes
641 2020 675 2046 et
693 2015 780 2046 Edd.
805 2026 846 2047 ea
871 2017 1021 2056 priores:

322 2071 424 2107 atque
455 2066 503 2096 ita
531 2066 629 2106 plene
655 2066 748 2106 loqui
777 2071 869 2097 amat
896 2067 1020 2098 Caesar.

322 2125 348 2147 1.
380 2119 431 2147 34.
470 2117 478 2132 ‘
498 2116 687 2146 exercitum
715 2116 749 2146 iu
780 2126 883 2147 uuum
910 2117 1021 2147 locum

324 2167 537 2197 contrahere.
561 2175 615 2197 111.
636 2169 685 2197 16.
716 2168 724 2183 ‘
743 2166 776 2196 in
795 2177 895 2197 unum
911 2167 1022 2197 locum

323 2216 529 2256 coegerant!
560 2226 608 2247 vr.
627 2220 679 2247 10.
696 2222 731 2248 et
748 2226 811 2248 vu.
827 2220 859 2248 9.
892 2217 902 2234 ‘
920 2227 1021 2248 unum

323 2268 356 2298 in
373 2268 483 2298 locum
500 2267 613 2307 copias
629 2267 774 2307 cogere?
809 2267 850 2299 B.
875 2267 948 2299 Civ.
967 2276 1020 2298 111.

322 2321 375 2349 73.
399 2319 409 2335 ‘
424 2323 612 2358 coactoque
630 2328 730 2348 unum
747 2319 779 2348 iu
801 2319 909 2350 locum
929 2327 1023 2349 excr-

324 2367 426 2399 cituz'
451 2371 460 2384 ⁶
479 2366 634 2399 conferre
658 2367 692 2397 in
710 2377 812 2398 tinum
827 2367 948 2398 locum‘
973 2377 1022 2399 vr.

322 2424 375 2452 17.
425 2419 536 2451 Aliter
565 2421 636 2451 scio
661 2420 873 2452 Latinissime
899 2420 964 2451 dici
991 2420 1023 2451 in

323 2481 417 2502 unum
444 2471 522 2509 cogi.
579 2471 646 2502 Sed
684 2480 748 2501 nou
779 2471 904 2510 agitur,
941 2471 1021 2511 quid

322 2523 430 2564 magis
456 2524 607 2554 minusve
648 2524 823 2560 eleganter
854 2523 1022 2563 scriptum

294 2610 297 2612 ,
324 2573 380 2613 sit,
402 2573 461 2605 sed
479 2573 558 2614 quid
576 2574 751 2611 scripserit
768 2574 892 2604 Caesar.

366 2623 418 2655 Aa
435 2633 467 2654 se
488 2623 591 2654 venire
608 2623 705 2663 cidit]
727 2624 802 2654 Nou
821 2628 950 2654 temere
968 2633 1022 2654 vo-

325 2683 398 2705 cem
411 2673 491 2705 cidit
506 2673 649 2705 omisere
667 2673 729 2705 viri
747 2674 852 2705 docti.
898 2673 1022 2704 Admo-

324 2734 407 2758 nere
431 2728 545 2758 tamen
567 2725 657 2758 volui
678 2728 715 2757 et
732 2724 765 2757 in
783 2723 1023 2766 antiquissimis

779 165 921 198 NOTAE
955 167 1217 198 VARlORUM
1252 167 1301 197 IN

1063 261 1266 292 membranis
1279 272 1355 293 eam
1370 261 1410 292 ab
1427 261 1568 293 Scliotto
1583 267 1764 303 repertam,

1064 317 1100 343 et
1133 312 1223 352 apud
1262 311 1490 343 Flodoardum
1518 312 1596 352 legi,
1635 311 1766 344 Hister.

1066 364 1198 394 Enetos.
1215 363 1330 393 Rheni.
1351 372 1374 394 1.
1393 366 1442 393 11.
1489 361 1555 393 Ubi
1575 362 1648 393 haec
1664 363 1767 394 verba

1067 413 1210 444 Caesaris
1227 414 1403 444 exscribit.
1429 413 1489 444 Ait
1505 403 1638 453 quoque
1650 411 1768 443 5011οῑί

1070 468 1124 495 tus
1142 473 1257 495 vocem
1278 465 1389 502 abesse,
1412 473 1486 504 qua²
1515 462 1630 493 statim
1657 462 1767 502 sequi-

1068 518 1135 551 tur,
1158 513 1191 543 in
1218 513 1363 544 nicmbb.
1390 512 1590 543 desiderari.
1634 511 1768 543 Vossius.

1067 563 1202 593 Monuit
1223 562 1436 601 Ciacconffls,
1457 572 1523 593 non
1550 572 1621 592 esse
1637 562 1716 592 cidit
1733 562 1767 592 in

1067 613 1140 643 aliis
1152 612 1326 643 codicibus
1341 623 1350 649 ;
1374 618 1409 643 et
1423 613 1551 643 Brutus
1568 611 1601 642 id
1619 616 1766 642 testatur

1070 664 1111 692 de
1128 662 1262 693 Carrar.
1292 671 1401 702 neque
1425 662 1553 693 habent
1574 661 1660 692 Edu.
1683 661 1769 692 Vas·

1068 722 1135 743 cos.
1153 712 1272 752 steph.
1289 711 1437 750 Stradae,
1461 717 1496 742 et
1517 712 1602 742 aliae.
1642 712 1769 742 Verum

1069 761 1150 792 Mss.
1167 771 1249 802 qnos
1274 771 1335 801 ego
1359 761 1440 800 vidi,
1467 766 1503 791 et
1529 761 1699 792 Gruterus
1726 761 1769 791 ad

1068 811 1131 843 Ed.
1158 811 1387 852 Grypliianain
1415 810 1459 842 Α.
1490 813 1584 842 1538.
1613 810 1769 849 contulit,

1070 862 1110 891 ad
1139 871 1240 892 unum
1265 870 1379 891 omnes
1407 866 1443 891 et
1470 860 1557 891 Edd.
1584 860 1771 891 veteriores

1068 911 1145 941 vidie
1179 915 1376 947 servarunt3
1413 919 1473 941 nec
1496 909 1606 948 video,
1634 919 1693 940 cur
1719 914 1770 940 te-

1070 972 1162 994 mere
1177 972 1219 993 ex
1237 972 1302 992 unu
1319 963 1494 1005 alteroque
1511 961 1638 992 Codice
1663 960 1769 991 deleri

1069 1013 1203 1043 debeat.
1227 1015 1236 1029 ‘
1255 1012 1379 1053 Copias
1396 1012 1576 1052 Belgarum
1600 1010 1642 1041 ad
1659 1020 1694 1041 se
1716 1019 1771 1040 ve-

1071 1064 1141 1095 nire
1157 1063 1244 1094 ridit'
1268 1063 1398 1094 nunciis
1420 1062 1612 1103 litterisque
1628 1060 1770 1092 Labieni

1069 1115 1127 1154 (V.
1141 1124 1170 1145 c.
1187 1114 1229 1152 ι.)
1242 1114 1380 1154 aliisque
1399 1113 1510 1151 rebus,
1525 1123 1606 1154 siuas
1621 1111 1770 1143 animad-

1070 1164 1227 1195 vertebat
1242 1175 1249 1201 ;
1274 1174 1330 1195 eas
1348 1173 1427 1194 vero
1442 1173 1507 1194 non
1525 1164 1622 1203 longe
1639 1163 1771 1198 abesse,

1070 1215 1212 1252 cognorit
1228 1214 1269 1244 ab
1285 1213 1557 1254 exploratoribus
1580 1218 1614 1243 et
1636 1213 1770 1244 Remis:

1071 1264 1113 1294 de
1129 1264 1294 1294 similibus
1312 1263 1387 1294 vide
1405 1273 1507 1304 supra
1524 1262 1564 1294 ad
1584 1272 1606 1295 1.
1630 1266 1684 1294 43.

1115 1318 1154 1346 13
1189 1316 1319 1347 Flumen
1362 1315 1521 1355 Axonam]
1571 1315 1771 1354 Anonymus

1072 1366 1246 1403 Maronem,
1274 1366 1349 1406 lege
1380 1365 1575 1395 Mau-onam.
1627 1363 1773 1395 Videtur

1072 1416 1264 1456 ignorantia
1294 1424 1468 1456 peccasse,
1510 1414 1588 1455 quia
1627 1418 1772 1454 uterque

1073 1466 1178 1496 amnis
1198 1465 1342 1496 Rhcmos
1357 1465 1505 1504 attingit.
1535 1463 1602 1494 Sed
1619 1462 1772 1494 Axonam

1072 1514 1125 1545 hic
1143 1520 1235 1545 recte
1254 1513 1356 1544 scribi
1373 1513 1457 1544 situs
1472 1514 1619 1545 locorum
1635 1512 1772 1544 evincit.

1078 1564 1212 1595 Vossius.

1117 1617 1156 1645 16
1181 1614 1255 1645 Post
1275 1625 1311 1645 ea
1324 1624 1392 1654 quae
1405 1616 1492 1644 erant
1612 1610 1773 1651 reddebat]

1073 1664 1127 1696 Ita
1142 1665 1176 1695 in
1196 1663 1444 1695 recentioribus
1461 1663 1559 1694 editt.
1587 1663 1712 1703 legitur
1732 1671 1774 1693 ex

1073 1715 1273 1755 conjectura
1283 1715 1323 1745 P.
1337 1713 1530 1750 Ciacconii3
1551 1713 1633 1744 Mss.
1647 1722 1728 1744 vero
1738 1716 1776 1743 et

1073 1765 1226 1804 impressi
1254 1769 1387 1795 veteres
1414 1763 1575 1795 exhibent
1611 1766 1679 1803 post
1707 1772 1775 1793 eum

1073 1825 1140 1855 quoe
1153 1818 1252 1853 erunt,
1275 1824 1351 1855 quae
1368 1823 1446 1844 sane
1463 1813 1568 1844 lectio
1593 1817 1707 1853 potest
1723 1822 1774 1844 re-

1074 1864 1189 1902 tineri,
1204 1864 1230 1895 si
1249 1873 1431 1904 pronomen
1449 1863 1490 1894 ad
1508 1864 1678 1894 exercitum
1690 1862 1774 1895 refe-

1075 1924 1140 1953 ras,
1179 1920 1215 1946 ut
1245 1913 1326 1946 fecit
1355 1915 1618 1954 Memphi-astes.
1653 1914 1774 1946 Danais.

1074 1966 1130 1996 Ita
1147 1966 1298 2006 Scaliger
1313 1971 1349 1996 et
1370 1966 1606 2005 Recentiores,
1631 1975 1673 1996 ex
1697 1975 1775 1997 con-

1067 2017 1204 2057 jectura
1222 2017 1407 2048 ciacconii.
1451 2017 1535 2048 Mss.
1563 2021 1677 2048 autem
1707 2020 1772 2057 post

1074 2076 1149 2097 eum
1166 2076 1233 2106 quae
1249 2069 1356 2097 essent.
1405 2066 1503 2098 Quod
1528 2066 1603 2097 ideo
1630 2066 1775 2099 mutavit

1075 2117 1294 2155 Ciacconins;
1319 2117 1408 2158 quia,
1424 2126 1489 2148 vox
1504 2127 1569 2147 cum
1586 2127 1652 2158 qno
1670 2116 1775 2149 reser-

1075 2172 1181 2205 retur,
1214 2176 1278 2197 non
1306 2167 1525 2207 intelligeret.
1580 2167 1675 2199 vidit
1704 2168 1777 2199 Da·

1076 2218 1178 2249 vis-ius
1197 2227 1308 2249 veram
1332 2227 1406 2249 esse
1427 2218 1531 2257 illam,
1554 2227 1654 2259 quam
1669 2217 1774 2250 habe-

1075 2273 1151 2299 rent
1166 2269 1249 2299 Mss.
1266 2268 1458 2298 lectionem.
1489 2267 1557 2299 Sed
1573 2277 1690 2299 vocem
1705 2277 1775 2299 eum

1073 2319 1181 2349 minus
1196 2323 1290 2349 recte
1304 2318 1346 2348 ad
1360 2319 1529 2349 exercitum
1545 2317 1670 2349 refert:
1696 2327 1772 2348 cum

1074 2370 1188 2400 Caesar
1208 2369 1314 2399 multo
1336 2368 1526 2409 elegantius
1549 2367 1773 2409 intelligatur.

1074 2418 1250 2451 Quomodo
1267 2423 1302 2449 et
1325 2418 1370 2458 id,
1392 2417 1481 2459 quod
1498 2417 1648 2457 proxime
1661 2417 1773 2458 sequi-

1075 2474 1143 2507 tur,
1153 2470 1192 2499 ad
1204 2468 1495 2508 m1n1‚intclligitur
1508 2466 1625 2507 utique
1640 2465 1682 2497 ad
1699 2467 1774 2498 Cae-

1074 2528 1194 2550 sarem.
1243 2519 1350 2549 Clark.
1396 2518 1477 2548 Eum
1510 2521 1545 2547 et
1570 2519 1669 2547 essent
1693 2525 1771 2546 con-

1073 2580 1172 2601 sensu
1191 2569 1358 2600 Mstorum
1385 2572 1421 2598 et
1445 2566 1531 2598 Edd.
1560 2567 1654 2598 vett.
1675 2576 1773 2608 repo-

1074 2622 1125 2653 sui
1139 2633 1145 2652 :
1171 2624 1258 2652 erant
1276 2628 1390 2652 tamen
1407 2619 1504 2650 video
1515 2619 1587 2659 jam
1603 2618 1637 2650 in
1651 2618 1715 2653 Ed.
1730 2619 1772 2653 R.

1073 2672 1193 2712 Steph.
1210 2681 1277 2703 eam
1293 2671 1326 2701 in
1344 2669 1493 2701 Plautin.

1118 2725 1158 2755 18
1174 2720 1298 2767 Pas-ret]
1313 2720 1437 2761 Scalig.
1451 2719 1608 2753 Leidenn.
1624 2719 1722 2762 prim.
1736 2725 1772 2752 et
