1818 3131
291 193 820 236 iuu.v1.csv.l3.un
856 204 1010 234 nunno
1047 205 1275 235 GALLuum

103 305 143 332 1¹.»
174 300 221 332 11⁸
246 311 348 332 οηυιεε
372 297 535 337 decedunt]
573 297 756 328 Hotoman.

59 361 135 383 cum
153 351 292 382 Brantio
303 355 339 382 et
355 348 494 387 nuda-o,
511 347 561 378 uti
585 350 621 378 et
644 346 758 386 vulgo,

59 401 199 441 capiunt
216 402 288 431 liaec
311 399 412 430 verba
427 398 469 429 de
485 396 608 435 obviis,
631 396 700 437 qui,
717 407 757 427 ne

60 460 176 482 eorum
194 450 394 490 contagione
412 447 617 488 polluantur,
640 457 758 478 occur-

61 506 174 532 rentes
191 500 267 538 illis,
277 500 314 530 de
329 498 379 529 tia
393 498 541 528 decedunt
557 497 608 528 iis.
651 497 758 528 Recte

59 550 208 591 quidem,
235 550 262 580 si
287 548 434 588 vulgaris
462 548 564 579 lectio
590 557 671 578 sana
694 552 758 579 est.

59 601 182 631 Verum
199 598 452 639 Metaphrastes
480 599 537 628 illa
562 607 627 629 non
656 598 760 628 vertit

59 651 204 688 Graece;
238 654 274 680 et
311 650 392 680 Mss.
430 648 556 680 Audin.
596 658 634 679 ac
662 647 757 679 Leid.

58 700 156 740 prim.
173 710 249 731 cum
265 700 390 739 Scalig.
420 705 455 731 et
482 699 546 730 Ed.
574 699 615 730 R.
639 699 757 738 steph.

57 750 219 782 exhibent
234 750 272 781 ab
298 751 337 782 iis
362 761 390 782 ο.
413 751 585 781 discedunt.
634 749 671 780 ln
693 749 759 779 alio

57 801 241 832 descendunt
276 801 416 832 solemni
454 798 662 831 confusione.
710 799 758 830 Ab

58 856 220 881 exaratur
237 860 370 891 quoque
395 850 426 880 in
456 850 568 881 Onon.
597 854 631 879 et
658 848 759 879 Peta-

58 900 156 931 viauo
192 901 283 931 inter
328 910 454 934 versus,
505 904 759 940 agnoscuntque

57 949 328 989 praepositionem
384 950 472 980 Ven.
528 951 621 980 1517.
676 948 757 979 Ald.

59 999 191 1040 Gryph.
217 1005 253 1030 et
282 1000 434 1030 Plautiu.
457 997 525 1030 Sed
554 999 696 1029 decedere
720 999 760 1028 iis

57 1049 248 1090 elegantius
263 1049 411 1088 videtur,
435 1054 595 1090 tanquam
620 1049 759 1089 pollutis

58 1105 93 1131 et
110 1100 252 1140 leprosis
281 1099 372 1140 apud
391 1099 544 1132 Judaeos.
589 1099 674 1129 Rem
701 1108 757 1129 ex·

57 1151 164 1192 plicat.
183 1152 293 1193 aliquo
323 1152 423 1183 modo
452 1151 572 1182 Cicero
600 1150 701 1182 Catil.
731 1160 756 1182 1.

57 1206 88 1236 7.
111 1205 120 1221 ‘
136 1204 224 1236 Quid
242 1204 331 1246 quod
348 1205 496 1237 adventu
515 1210 572 1237 tuo
587 1205 653 1236 isto
679 1205 758 1236 sub·

58 1254 153 1286 sellia
168 1254 371 1287 vacuefacta
385 1257 484 1287 sunt?
530 1255 631 1289 Quod
645 1265 758 1287 omnes

57 1306 265 1344 consulares,
280 1306 481 1347 simulatque
494 1305 668 1345 insedisti,
684 1316 758 1346 par-

58 1360 127 1387 tem
144 1355 244 1388 istam
256 1356 492 1387 subselliorum
509 1355 632 1386 nudam
655 1361 757 1396 atque

56 1405 190 1436 inanem
207 1406 417 1446 reliquerunt
429 1403 452 1435 ?’
495 1404 582 1436 Vide
599 1405 700 1436 etiam
716 1405 759 1436 ad

58 1465 85 1488 1.
102 1459 156 1488 ⁴⁴.
179 1458 188 1472 ‘
205 1456 272 1489 Qui
289 1456 353 1487 uisi
369 1455 525 1494 decedat,
551 1460 587 1486 et
602 1456 627 1485 si
644 1455 758 1486 deces-

58 1506 182 1538 sisset.'
238 1508 400 1538 ceterum
427 1516 529 1538 eorum
552 1516 618 1537 non
647 1512 699 1536 est
724 1506 759 1536 iu

57 1557 146 1589 Edd.
165 1557 292 1598 primis,
309 1567 418 1598 neque
433 1558 570 1588 Vascos.
584 1556 761 1597 Stephani,

59 1606 216 1648 aliisque,
230 1606 278 1638 uti
290 1616 353 1637 nec
367 1606 399 1637 in
409 1606 650 1645 Aimoiuo,aut
660 1606 758 1637 Mstis

60 1656 156 1696 meis,
182 1661 309 1696 praeter
331 1656 456 1688 Andiu.
481 1655 577 1686 Leid.
603 1656 699 1696 prim.
724 1659 760 1686 et

59 1706 172 1738 Oxon.
183 1705 243 1737 sed
259 1706 414 1747 agnoscit
429 1705 533 1736 etiam
545 1705 700 1737 Graecus.

101 1758 143 1788 24
167 1756 238 1788 Hoc
253 1759 382 1796 mortuo,
396 1756 424 1787 .ςί
445 1757 601 1797 quis—At
623 1757 650 1786 si
673 1756 760 1796 sunt]

60 1806 144 1839 Mes.
161 1807 246 1847 Reg.
264 1807 392 1837 Eliens.
418 1812 455 1837 et
481 1806 591 1836 Vossii
617 1810 652 1837 et
668 1806 759 1837 Edit.

62 1858 159 1888 Rom.
183 1857 279 1888 ‘Hoc
297 1861 442 1896 mortuo,
465 1860 520 1888 aut
542 1857 759 1898 siquis—aut,

58 1906 84 1937 si
100 1906 200 1946 sunt,’
217 1908 281 1938 &c.
325 1906 554 1938 Nihilominus
577 1907 758 1947 eleganter.

58 1956 226 1996 ,Adlegitur
263 1956 297 1986 in
342 1955 461 1987 iisdem
501 1955 609 1987 Codd.
651 1956 759 1988 deest.

62 2007 167 2038 Clark.
212 2007 298 2038 Post
309 2010 428 2037 mortuo
445 2006 576 2038 addunt
590 2007 759 2038 autetiam

63 2056 147 2089 Mss.
161 2056 310 2095 Brantii,
325 2057 532 2097 aliorumque
555 2062 589 2088 et
606 2057 671 2088 mei
685 2067 760 2088 cum

61 2107 151 2139 Edd.
188 2107 318 2147 primis,
356 2107 511 2147 exceptis
540 2117 653 2138 rursus
683 2108 760 2147 Cuj.

63 2157 151 2188 Scal.
175 2156 264 2188 And.
282 2156 380 2187 Leid.
398 2166 449 2197 pr.
467 2161 501 2187 et
517 2156 629 2188 Oxou.
657 2163 760 2198 atque

62 2207 112 2238 ita
140 2206 419 2247 Metaphrastes;
445 2206 585 2245 rectius,
614 2212 652 2237 ut
681 2207 760 2238 mihi

64 2257 211 2288 videtur.
257 2256 342 2288 eod.
358 2257 524 2297 Egmund.
549 2258 690 2288 ulterius
716 2259 762 2288 in-

65 2307 249 2347 terpolavit
274 2307 323 2338 ‘si
352 2311 484 2338 mortuo
508 2307 662 2338 succedit
690 2308 761 2348 ejus

64 2357 176 2396 heres,
206 2362 265 2388 aut
295 2357 346 2388 si!
393 2357 483 2388 Dein
512 2358 564 2399 qui
594 2367 659 2389 uon
693 2359 763 2398 quis

65 2409 195 2448 optime
210 2407 320 2448 Bong.
345 2417 397 2448 pr.
413 2416 433 2437 a
449 2417 491 2439 m.
517 2417 568 2448 pr.
591 2408 686 2439 Voss.
710 2418 760 2449 pr.

65 2457 159 2490 Leid.
186 2467 237 2498 pr.
266 2457 433 2498 Egmuud.
461 2459 586 2489 Lovan.
614 2463 651 2489 et
666 2459 763 2491 multi

65 2508 121 2540 atii
137 2519 213 2540 cum
230 2509 294 2540 Ed.
310 2508 459 2548 lacerta,
487 2508 584 2547 bene,
601 2514 636 2540 ut
650 2509 763 2540 monui

67 2568 179 2600 supra.
236 2558 283 2590 At
323 2568 401 2590 cum
438 2559 673 2599 Metaphraste
703 2561 763 2591 εἶδε

68 2613 206 2641 servant
218 2610 394 2651 eleganter
408 2609 471 2640 soli
489 2609 599 2641 Oxou.
621 2614 656 2641 et
672 2609 765 2641 And.

69 2658 202 2701 Reliqui
230 2669 359 2700 omnes,
397 2664 469 2691 tum
498 2660 652 2699 aliorum,
692 2666 762 2693 tum

70 2708 149 2747 mei,
186 2714 223 2741 et
258 2709 352 2741 Editi
391 2716 515 2751 praeter
541 2711 646 2742 Basil.
673 2711 760 2742 Yen.

71 2761 166 2792 1517.
209 2759 289 2793 Atd.
315 2761 446 2803 Gryph.
472 2762 586 2794 Plaut.
609 2764 670 2794 Sic..
694 2766 760 2793 aut.

1398 194 1510 236 1151

814 296 891 327 Non
920 298 1005 328 mule
1030 298 1121 338 legas
1146 298 1155 316 ‘
1171 303 1229 329 aut
1255 297 1422 336 succedit,
1452 305 1510 330 aut

810 347 837 377 si
865 348 962 386 sums
979 354 1043 379 otc.
1092 349 1249 388 Denique
1275 349 1432 387 adlegitur
1460 359 1511 379 re·

809 402 877 428 stat
903 399 935 427 in
967 400 1080 439 Cujac.
1111 400 1230 430 Petav.
1267 399 1391 438 Scalig.
1421 398 1510 430 An-l.

811 447 924 478 Oxon.
942 454 977 479 et
1003 450 1097 479 Leid.
1126 460 1176 489 pr.
1202 450 1233 479 iu
1260 459 1324 490 quo
1347 449 1510 488 adtigit-ar.

812 498 958 539 Reliqui,
975 504 1010 529 et
1024 499 1112 529 Edd.
1131 500 1247 539 primae
1268 511 1343 531 cuin
1374 501 1512 532 Beroal-

810 548 853 580 do
883 558 948 578 non
979 549 1119 588 habent,
1145 551 1360 592 junguntque
1385 561 1512 592 praece-

810 599 903 630 denti
943 600 1046 630 verbo
1076 602 1220 631 succedit.
1278 602 1318 632 Iu
1347 602 1510 641 Bongars.

811 650 918 689 primo
950 660 969 680 a
989 660 1032 680 m.
1062 651 1212 680 secunda
1242 652 1512 691 suprascriptum

810 700 968 739 deligitur.
1015 698 1068 730 ἕνα
1105 699 1134 731 οἶ
1174 700 1316 739 Δρουίδαι
1360 701 1513 739 αἱροῦνται

810 750 921 781 Graec.
975 751 1082 787 Bene,
1105 755 1140 781 at
1165 760 1229 780 non
1247 751 1327 781 item
1344 751 1511 789 adlegitur.

811 801 886 831 Hoc
903 801 990 831 enim
1011 801 1148 832 verbum
1164 801 1327 831 adhibent
1346 807 1514 840 auctores,

811 851 945 892 quando
978 861 1060 882 unus
1091 857 1207 883 cetero
1233 851 1333 881 caetui
1363 850 1513 889 additur,

811 902 862 932 vel
881 902 913 931 in
931 902 1108 941 collegium
1127 901 1295 943 quoddam
1310 900 1513 932 adsciscitur

812 952 884 992 pari
916 952 1123 983 auctoritate
1167 957 1202 982 et
1229 951 1414 991 dignitate:
1449 951 1512 982 hoc

811 1012 889 1034 vero
907 1002 980 1033 loco
1004 1002 1208 1042 intelligitur
1236 1011 1320 1032 uuus
1348 1011 1390 1032 ex
1420 1005 1513 1032 coetu

810 1059 845 1085 et
875 1062 917 1083 ex
945 1053 1100 1083 omnibus
1142 1053 1287 1090 electus,
1322 1057 1358 1082 ut
1385 1052 1512 1082 ceteris

811 1103 946 1143 praesit;
971 1103 1131 1143 quocirca
1147 1107 1342 1142 suspectum
1359 1106 1412 1132 est
1433 1100 1515 1131 mihi

810 1154 1029 1185 vehementer
1058 1153 1101 1184 de
1126 1153 1354 1190 Glossemate,
1380 1150 1444 1182 nisi
1460 1151 1514 1181 eli-

806 1204 896 1243 gitur
923 1203 1114 1244 subponere
1144 1203 1260 1239 velles,
1289 1202 1344 1232 vel
1362 1201 1514 1239 deligitur

810 1254 921 1294 potius
937 1263 996 1284 seu
1011 1254 1176 1292 delegitur.
1220 1250 1309 1282 Vide
1327 1251 1408 1282 Var.
1430 1251 1511 1281 lect.

810 1305 850 1335 ad
868 1314 893 1336 1.
917 1308 949 1336 3.
966 1314 1030 1336 vu.
1046 1307 1097 1336 83.
1115 1310 1150 1336 et
1167 1304 1260 1335 alibi.
1291 1313 1322 1334 c.
1339 1306 1393 1334 23.
1417 1306 1425 1321 ⁴
1439 1303 1513 1334 Ma-

811 1356 985 1396 gistratus,
1000 1356 1057 1395 qui
1081 1355 1112 1386 ei
1139 1355 1228 1386 bello
1255 1353 1406 1394 praefuh,
1430 1353 1513 1384 deli-

810 1405 957 1444 guntur)
1003 1405 1135 1444 Nepos,
1151 1404 1254 1444 AgeS.
1274 1413 1303 1434 c.
1321 1407 1351 1435 1.
1375 1408 1410 1434 et
1440 1413 1514 1443 pas-

809 1455 882 1485 sim.
899 1455 1048 1486 Glossar.
1062 1455 1177 1493 deligo,
1189 1452 1382 1492 ἐπιλέγομαι.
1408 1454 1512 1485 Certe

810 1505 843 1535 in
852 1505 935 1536 Mss.
946 1504 1126 1545 aliquando
1138 1503 1404 1535 confunduntur.
1424 1503 1513 1534 Vide

811 1555 910 1586 Misc.
929 1554 1014 1587 Obs.
1031 1555 1107 1586 Vol.
1132 1564 1180 1585 iv.
1207 1564 1240 1594 p.
1268 1557 1341 1586 140.
1357 1553 1399 1584 ad
1419 1553 1514 1594 Apu-

809 1606 865 1636 leii
882 1607 904 1637 l.
931 1614 981 1637 ει.
1005 1616 1038 1646 p.
1064 1608 1140 1639 262.
1162 1606 1170 1623 ‘
1189 1605 1226 1636 In
1254 1606 1432 1646 collegium
1457 1615 1512 1638 me

810 1655 1065 1697 pastophorum,
1085 1657 1184 1687 immo
1201 1656 1290 1687 inter
1306 1656 1394 1696 ipsos
1411 1656 1512 1688 decu-

811 1708 939 1738 rionum
953 1708 1220 1748 quinquennales
1236 1707 1386 1748 adlegit,'
1410 1707 1512 1748 vulgo

809 1759 914 1797 elegit.
960 1758 1072 1789 Valet.
1100 1758 1193 1789 Max.
1221 1767 1260 1789 ιῐ.
1292 1761 1323 1790 2.
1346 1759 1362 1798 ξ
1395 1761 1445 1789 10.
1468 1760 1512 1789 ‘a

809 1807 1014 1838 Censoribus
1048 1809 1080 1838 in
1114 1807 1265 1838 ordinem
1305 1808 1511 1838 senatorium

810 1857 1003 1888 adlectum.'
1047 1857 1102 1887 Sic
1127 1857 1230 1888 etiam
1260 1857 1412 1888 Harlem.
1442 1857 1510 1888 Ms.

809 1908 936 1937 electum
953 1907 1061 1937 minus
1080 1907 1165 1937 bene
1182 1907 1215 1937 in
1234 1907 1446 1948 quibusdam.

853 1960 894 1988 28
920 1957 998 1992 Quoe
1026 1958 1112 1996 regio
1143 1957 1238 1988 totius
1271 1957 1388 1988 Gallia>
1411 1958 1514 1988 media

809 2007 953 2047 habetur]
983 2008 1108 2048 Delphi
1131 2007 1308 2039 umbilicus
1324 2008 1511 2047 terrae‚nbi

810 2058 981 2088 oraculum
1014 2057 1195 2097 Apollinis.
1246 2057 1382 2089 Vossius.
1441 2058 1510 2090 Hic

812 2107 897 2137 situs
919 2107 951 2137 in
969 2117 1069 2138 causa
1087 2114 1173 2147 erat,
1197 2117 1257 2138 cur
1273 2108 1453 2139 concilium
1471 2118 1513 2139 eo

811 2156 845 2186 iu
863 2158 936 2188 loco
951 2162 1154 2195 cogeretur:
1179 2158 1290 2188 nullus
1318 2158 1407 2189 enim
1427 2158 1510 2189 alius

811 2207 951 2238 Druidis
966 2216 1007 2238 ex
1021 2208 1109 2237 omui
1131 2207 1242 2238 Gallia
1262 2206 1511 2240 confluentibus

812 2267 908 2298 aeque
922 2256 984 2288 fuit
1003 2257 1210 2288 commodus.
1257 2257 1335 2288 Nou
1352 2258 1450 2288 aliam
1466 2258 1512 2290 ob

811 2308 974 2340 rationem
993 2307 1137 2348 Delphis
1154 2308 1404 2339 conveniebant
1433 2307 1512 2339 Am·

812 2359 1140 2400 phietyones‚quam
1162 2358 1252 2400 quod
1280 2359 1327 2390 illi
1355 2361 1388 2390 in
1415 2360 1513 2391 Grae-

812 2409 873 2440 eiae
917 2409 1106 2441 meditullio
1164 2409 1291 2440 fuerint
1339 2409 1511 2441 collocati.

813 2459 899 2490 Vide
915 2460 1117 2491 Strabonem
1133 2460 1261 2500 Geogr.
1279 2460 1299 2491 l.
1318 2468 1369 2491 tx.
1384 2470 1418 2500 p.
1434 2462 1511 2491 419.

812 2514 848 2541 et
864 2511 1066 2541 Pausaniam
1084 2511 1107 2542 l.
1126 2519 1189 2541 vn.
1209 2520 1242 2550 p.
1258 2513 1333 2541 445.
1366 2511 1479 2541 Dacis.

856 2561 1026 2592 Considunt
1052 2562 1084 2592 in
1108 2563 1171 2592 loco
1197 2561 1387 2600 consecrato]
1422 2559 1512 2599 Τόν-φ

814 2610 965 2642 Graecus.
1010 2611 1078 2642 Sed
1113 2612 1178 2642 luco
1209 2610 1343 2641 mallem
1382 2610 1512 2649 legere,

812 2660 916 2701 siquis
953 2665 1049 2692 vetus
1076 2661 1186 2692 codex
1211 2660 1363 2700 juvaret.
1421 2659 1510 2690 Nam

813 2711 1008 2752 plerumque
1025 2711 1104 2742 talia
1120 2712 1193 2741 loca
1220 2709 1322 2749 deligi
1339 2708 1380 2738 ad
1396 2718 1511 2740 sacros

810 2767 997 2793 conventus
1011 2762 1134 2793 solent.
1178 2761 1266 2791 Saue
1280 2760 1435 2791 Lucanus
1451 2759 1473 2791 Ι.
1484 2767 1510 2791 1.
