1818 3131
361 207 454 239 ιω.
487 207 531 237 v.
563 203 670 237 oAP.
701 193 770 236 58.
805 204 867 235 DE
902 207 1058 239 nmmo
1090 209 1320 241 curleo,

119 303 228 338 (entia
243 303 357 346 pauno
377 304 479 335 etiam
499 300 681 343 simplicior
704 304 740 332 et
761 308 817 331 ve-

117 355 246 388 nustior
261 359 314 386 est
330 355 394 386 iste
409 351 568 394 loquendi
585 351 713 382 medua.
758 351 816 382 Sic

115 406 218 446 infra,
233 406 256 437 l.
274 414 321 437 u.
338 406 355 445 ί)
369 407 420 435 40.
441 406 534 443 atque
547 402 611 443 ille,
622 403 675 441 &a
707 402 815 433 Clark.

116 455 161 489 V.
188 456 230 488 ad
255 464 306 488 iv.
332 457 384 486 25.
408 458 443 484 et
459 461 507 484 vi.
530 455 584 485 41.
607 451 681 485 ‘Ac
698 457 815 485 tantus

115 505 205 538 fuit!

156 559 198 588 17
223 555 359 596 Qua-que
371 553 402 593 s.
419 565 448 586 v.
464 554 621 595 μήτι-ἱρὴ]
644 554 814 595 Conjunc-

114 607 240 639 tionem
255 616 311 647 que
325 615 393 636 nou
409 605 563 645 agnoscit
582 605 691 637 codex
715 606 813 646 ullus,

113 656 175 688 nisi
190 656 414 688 recentissimi
439 657 547 696 Bong.
564 661 644 688 tert.
663 660 698 687 et
723 657 812 688 Dor-

111 706 182 742 vill.
216 715 320 748 quare
351 706 564 738 confidenter
591 706 702 738 delevi
734 716 810 738 cum

111 756 176 788 Ed.
194 756 333 788 Incerta
352 756 506 798 aliisque,
530 757 648 797 majori
671 756 811 788 distinc-

110 806 204 843 tione
223 806 385 838 adhibita.

155 864 243 887 Lvn.
256 859 271 887 l
291 857 391 888 Manu
405 855 635 896 muninssimis]
657 856 811 888 Priorem

110 906 267 943 voculam
283 916 326 937 ex
347 907 469 937 Glossa
485 906 653 948 adjectam
669 907 812 938 arbitra—

110 960 166 988 tm·
184 957 280 988 Fulv.
294 958 456 988 Ursinus:
473 956 531 988 sed
549 966 740 998 perperam,
755 957 812 989 de-

110 1010 207 1038 notat
222 1007 309 1038 enim
327 1007 358 1038 id
381 1007 471 1048 quod
496 1012 570 1039 arte
595 1008 739 1038 humana
762 1007 812 1047 fit,

108 1061 146 1088 et
159 1060 291 1088 naturae
308 1058 504 1097 opponitur.
530 1059 639 1090 Daris.
682 1059 809 1090 Merito

108 1107 165 1142 bic
202 1107 420 1148 reprehendit
450 1108 610 1139 Davisius
637 1108 809 1148 ursinum,

110 1157 165 1199 qui
196 1168 312 1191 vocem
344 1168 436 1189 manu
468 1158 648 1190 delendam
679 1163 810 1190 censet.

110 1207 188 1239 Siue
204 1217 270 1249 qua
285 1208 402 1249 utique
419 1218 528 1252 neque
547 1209 714 1240 Latinitas
731 1219 808 1240 con-

108 1257 340 1300 stabit,neque
352 1258 533 1290 sententia.
559 1259 666 1290 Clark.
690 1258 807 1290 Adde:

109 1307 262 1346 ,Iustinus
288 1317 391 1340 xxiv.
414 1312 445 1340 6.
470 1310 479 1326 ‘
499 1309 574 1340 Nec
597 1318 690 1340 manu
705 1309 810 1347 facta,

109 1357 170 1389 sed
206 1359 362 1391 naturalia
407 1359 565 1399 praesidia
601 1358 809 1391 defendunt!

110 1408 234 1440 Cicero
250 1409 323 1440 Fin.
340 1417 396 1439 111.
412 1411 465 1440 22.
488 1410 497 1425 ‘
513 1409 602 1441 Quid
620 1414 678 1440 aut
702 1410 733 1440 in
758 1421 811 1441 ηα-

107 1461 285 1489 tura—aut
302 1459 334 1488 iu
351 1458 508 1498 operibus
523 1468 613 1489 manu
627 1458 726 1496 sactis
741 1464 809 1491 tam

109 1507 346 1548 compositum,
369 1514 506 1549 tamque
526 1514 753 1550 compactum,
777 1513 811 1541 et

108 1562 382 1599 coagmentatum
397 1559 539 1590 inveniri
553 1565 665 1600 potest
677 1559 697 1590 ?’
722 1559 810 1591 Vide

109 1608 153 1641 sis
182 1613 218 1640 et
247 1607 347 1641 Offic.
378 1619 417 1640 ιι.
448 1612 478 1641 4.
517 1610 655 1641 Curtius
685 1619 748 1642 vn.
777 1614 806 1643 2.

109 1660 119 1677 ⁴
134 1659 273 1701 Magnos
289 1669 440 1691 recessus
454 1659 582 1691 liabent
596 1669 809 1702 amoenosque

111 1709 304 1741 nemoribus
330 1720 421 1740 manu
449 1710 609 1741 consitis!
663 1710 751 1742 Quin
774 1715 810 1742 et

111 1764 226 1791 noster
241 1759 282 1790 B.
301 1760 337 1790 C.
355 1768 409 1789 111.
427 1763 479 1790 44.
504 1760 512 1776 ‘
527 1768 625 1790 manu
643 1760 726 1790 sata'
747 1770 809 1800 pro

111 1818 177 1840 non
214 1814 335 1850 sponte
369 1809 589 1840 nascentibus
624 1811 808 1850 usui-pavit.

110 1860 222 1892 Datis.
248 1870 318 1891 cur.
343 1870 411 1892 sec.
457 1860 524 1891 Adi
553 1860 603 1891 Cl.
632 1861 807 1893 Drakenb¹

111 1911 153 1942 ad
170 1911 242 1942 Liv.
260 1920 301 1942 11.
318 1914 348 1941 5.
374 1911 382 1927 ‘
398 1920 566 1952 manuque
581 1911 757 1953 adjutum.’

152 1963 172 1992 2
194 1959 266 1991 Sese
281 1961 449 1991 contineret
462 1960 587 2000 castris]
627 1962 809 1994 Continet-et

110 2010 164 2043 hic
180 2015 294 2042 exstat
317 2011 350 2042 in
367 2012 436 2042 solo
464 2012 568 2052 Bong.
593 2016 673 2044 tert.
695 2018 729 2044 et
751 2014 808 2044 ille

110 2061 195 2093 ordo
210 2062 244 2092 in
260 2062 338 2093 solis
354 2061 453 2092 Gott.
469 2062 566 2093 Voss.
584 2066 664 2093 tert.
687 2067 723 2093 et
747 2063 807 2094 Ed.

111 2111 187 2145 luc.
232 2112 358 2144 Verum
371 2113 478 2144 ceteri
500 2113 581 2143 Mss.
605 2118 640 2144 et
666 2114 728 2145 Ed.
754 2114 808 2145 In·

111 2167 206 2193 certa
234 2172 273 2193 ac
300 2162 466 2201 Vasc05.3
502 2162 584 2193 item
614 2163 745 2194 Stradae
774 2169 808 2194 et

113 2215 204 2253 post.
232 2212 377 2253 Gryphii
393 2212 476 2242 dant
487 2212 595 2242 castris
604 2222 668 2243 sese
680 2213 734 2243 vel
746 2223 809 2244 sese

111 2272 139 2293 c.
159 2264 286 2292 teneret.
331 2261 398 2292 Adi
420 2262 554 2292 omniuo
569 2271 593 2293 1.
608 2264 661 2293 40.
683 2263 693 2279 ‘
707 2273 808 2304 quum

111 2312 232 2344 castris
269 2322 308 2344 ac
343 2311 522 2353 paludibus
557 2322 593 2343 se
625 2314 810 2346 tenuisset!

112 2361 240 2394 Eadem
272 2362 426 2394 confusio
454 2363 493 2394 B.
519 2363 593 2395 Civ.
622 2372 647 2395 1.
673 2367 725 2395 69.
749 2366 758 2383 ‘
774 2375 808 2397 se

112 2413 231 2445 castris
245 2413 459 2444 tenuissent!

155 2466 173 2493 5
199 2463 338 2494 Nuiicios
354 2463 467 2503 mittit]
496 2464 608 2496 Oxou.
624 2465 810 2497 circummit-

108 2509 300 2554 tigomiss'a
318 2523 398 2544 voce
419 2515 555 2546 nuncios.
600 2515 690 2553 Vide
715 2515 757 2548 ad
784 2526 810 2550 1.

113 2565 165 2596 34.
186 2564 298 2595 statim
321 2565 384 2595 soli
407 2565 521 2596 Oxon.
545 2570 580 2597 et
602 2565 728 2603 Audin.
755 2568 810 2599 lia-

113 2612 197 2645 b’ent
226 2618 375 2646 convocat.
447 2616 582 2656 Reliqui
613 2626 688 2648 cum
721 2618 809 2650 Edd.

117 2663 244 2705 primis,
251 2666 332 2697 item
342 2666 483 2697 Vascos.
497 2666 537 2697 R.
548 2666 665 2707 Stepli.
679 2666 809 2709 Gryph-

116 2718 205 2754 post.
232 2720 267 2746 et
291 2716 445 2756 pluribus
466 2720 590 2747 evocat.-
621 2717 710 2758 quod
737 2718 809 2749 Cae-

118 2765 183 2797 sari
205 2765 348 2799 reddidi.
391 2766 480 2799 vide
497 2767 540 2800 ad
555 2777 606 2801 iv.
621 2771 675 2800 20.
699 2769 709 2786 ‘
723 2769 810 2801 Evo-

1455 201 1570 244 1135

868 302 954 333 catis
985 303 1025 334 ad
1055 313 1090 335 se
1121 303 1272 345 undique
1297 302 1570 338 mercatoribus?

867 352 958 383 Dein
987 357 1165 396 plerumque
1189 366 1292 387 omnes
1317 357 1466 388 retinent
1493 367 1569 389 con·

867 406 999 434 stanter
1015 405 1069 435 hic
1095 406 1175 437 Mss.
1200 417 1265 438 non
1287 408 1436 448 plerique.
1481 408 1570 440 Con·

867 452 938 483 sule
966 458 1083 485 notata
1109 456 1150 485 ad
1180 465 1235 487 ιιι.
1264 460 1317 488 30.
1347 458 1568 500 ‘plerumque

865 503 1019 535 omnibus
1035 504 1165 536 Gallis!

909 563 1009 586 Lvui.
1036 560 1056 587 8
1095 556 1215 595 Magna
1244 559 1441 600 contumelia]
1484 559 1566 592 Mss.

865 602 952 644 Reg.
971 608 1006 636 et
1020 605 1143 646 Vossii‚
1165 617 1277 646 magna
1293 618 1359 640 cum
1375 610 1569 641 contumelia.

864 654 974 686 Clark.
998 655 1293 697 Praepositionem,
1311 668 1410 699 quam
1429 668 1569 691 sexcen-

864 705 930 737 ties
957 707 1054 738 addit
1083 707 1210 747 Caesar‚
1238 708 1294 739 ubi
1320 710 1377 740 alii
1408 711 1569 743 omittere

865 757 986 797 solent,
1011 757 1136 789 inserui
1165 758 1372 790 auctoritate
1401 759 1568 801 Bongars.

864 807 976 847 primi,
1004 817 1070 839 sec.
1102 808 1228 839 Petav.
1256 808 1472 840 Leidensium
1500 819 1569 841 om-

863 857 967 896 nium,
996 856 1107 889 Oxou.
1136 858 1234 889 Voss.
1262 868 1315 898 pr.
1344 868 1412 890 sec.
1440 863 1476 890 et
1505 859 1570 900 Eg·

862 908 978 938 mund.
1007 918 1072 940 vn.
1105 911 1158 940 52.
1192 911 1201 926 ‘
1221 908 1405 941 Obsidibus
1441 918 1570 940 summa

864 967 939 988 cum
965 960 1172 990 contumelia
1193 958 1363 990 extortis!
1397 959 1438 989 B.
1465 958 1568 991 Alex.

864 1017 891 1038 c.
908 1010 959 1039 60.
985 1012 993 1025 ‘
1010 1017 1084 1039 cnm
1103 1012 1198 1039 tanta
1215 1008 1422 1039 contumelia
1437 1017 1568 1048 posses-

861 1058 972 1089 siones
995 1058 1267 1089 Cordubensium
1292 1057 1428 1089 flamma
1450 1068 1569 1089 consu-

861 1107 1058 1139 merentur!
1089 1108 1130 1138 B.
1159 1108 1235 1139 Civ.
1266 1116 1306 1138 11.
1332 1111 1385 1138 14.
1409 1108 1417 1124 ‘
1436 1108 1570 1148 Majore

862 1167 939 1188 cum
954 1156 1079 1189 fiducia
1090 1157 1110 1188 ι’
1131 1162 1167 1188 et
1184 1157 1319 1197 passim.
1351 1156 1439 1187 Vide
1455 1161 1569 1188 tamen

861 1206 903 1238 ad
927 1207 970 1238 B.
993 1207 1067 1238 Civ.
1085 1216 1125 1238 11.
1151 1210 1203 1238 28.
1226 1207 1234 1223 ‘
1252 1206 1468 1245 Contumelia
1494 1215 1569 1247 per-

860 1256 953 1297 fugae
981 1256 1222 1297 adpellantur.'
1261 1256 1329 1287 Sed
1357 1256 1402 1287 ibi
1431 1261 1528 1287 notat
1553 1265 1569 1287 e

861 1308 1055 1340 contumelia.

905 1360 945 1387 10
968 1356 1032 1388 Sub
1047 1358 1220 1398 vesper-mn]
1235 1357 1290 1388 Sic
1304 1357 1388 1388 Mss.
1406 1356 1493 1398 Reg.
1511 1356 1567 1389 Al.

861 1407 914 1437 ubi
928 1407 1029 1438 visum
1044 1411 1100 1447 est,
1114 1407 1168 1438 sub
1186 1416 1353 1446 τωρεναιη,
1369 1409 1434 1438 διο.
1482 1408 1566 1439 Quae

862 1458 979 1499 lectio,
1023 1467 1067 1490 ex
1099 1458 1261 1490 Codicum
1303 1458 1450 1498 plurium
1489 1467 1567 1490 cou-

863 1517 975 1546 sensu,
992 1509 1114 1539 verior.
1142 1508 1250 1539 Clark.
1274 1508 1359 1538 Mss.
1383 1515 1418 1538 et
1442 1508 1531 1540 Edd.
1547 1517 1568 1540 a

862 1567 916 1588 me
933 1558 996 1588 visi
1020 1567 1135 1589 omnes
1157 1558 1287 1589 addunt
1310 1557 1362 1588 ubi
1385 1559 1483 1589 cisum
1499 1562 1567 1590 est:

862 1607 952 1648 quod
990 1608 1172 1639 delendum
1205 1617 1274 1639 non
1303 1607 1378 1639 fnit.
1423 1608 1566 1639 Graecus

862 1658 950 1697 δόξαν
966 1659 1079 1690 αὐτοῖς.

906 1712 945 1739 12
983 1709 1168 1739 perterritis
1203 1708 1353 1747 hostibus]
1397 1709 1566 1749 Bongars.

861 1769 928 1791 sec.
941 1763 1087 1800 proelerr.
1113 1759 1177 1790 Sed
1192 1759 1357 1799 Bongars.
1370 1758 1468 1799 prim.
1482 1759 1566 1790 Vos-

861 1810 943 1841 sian.
960 1811 1059 1851 prim.
1083 1810 1204 1840 Petav.
1228 1809 1395 1848 Egmund.
1413 1814 1449 1840 et
1463 1810 1564 1842 Voss,

861 1860 997 1892 secund.
1018 1860 1201 1900 proterritis
1213 1859 1406 1890 verissime:
1432 1860 1495 1891 hoc
1513 1865 1566 1892 est

859 1911 908 1942 it‘a
935 1911 1078 1950 territis,
1101 1915 1140 1941 ut
1161 1910 1196 1940 in
1220 1909 1334 1951 fugam
1359 1911 1565 1951 conjiceren-

860 1965 929 2001 tur,
946 1960 1036 2003 quod
1054 1960 1131 1991 ideo
1155 1960 1320 2000 sequitur,
1337 1961 1444 1991 nostri
1459 1971 1565 2003 more,

862 2011 919 2052 qui
949 2020 1135 2051 synonyma
1170 2011 1314 2040 alterum
1355 2010 1566 2052 explicantia

854 2060 991 2101 jungit:
1017 2065 1054 2091 ut
1078 2060 1193 2092 statim
1208 2060 1339 2100 dispersi
1352 2060 1564 2101 dissipatique.

859 2110 946 2140 Vide
986 2110 1028 2141 de
1062 2114 1238 2150 proterrere
1274 2110 1431 2151 quaedam
1472 2112 1564 2152 apud

861 2160 956 2192 Colv.
979 2165 1015 2191 et
1039 2160 1130 2192 Pric.
1153 2159 1196 2191 ad
1212 2159 1348 2200 Apuleii
1371 2161 1457 2193 Met.
1473 2162 1496 2193 l.
1514 2171 1564 2195 lv.

859 2221 893 2251 p.
909 2215 961 2243 76.
985 2212 994 2229 ‘
1013 2212 1056 2243 ad
1082 2212 1337 2253 proterrendos,
1363 2212 1390 2243 si
1413 2212 1472 2254 qui
1498 2214 1566 2249 evi,-

861 2263 1025 2303 gilassent
1035 2264 1054 2295 :'
1071 2265 1159 2296 male
1168 2265 1271 2296 Stew.
1282 2264 1422 2306 Sciopp.
1433 2266 1566 2298 Wouw.

860 2318 897 2345 et
912 2315 1019 2347 Scriv.
1041 2319 1174 2356 perterr.
1190 2320 1226 2347 et
1243 2316 1412 2347 Pricaeum
1431 2317 1471 2347 ad
1487 2316 1564 2348 init.

860 2363 882 2396 l.
896 2373 930 2396 x.
953 2365 962 2382 ‘
979 2370 1122 2406 propter
1137 2366 1315 2398 terrendos
1331 2367 1473 2397 miseros
1494 2367 1563 2398 via·

860 2416 981 2453 tores;'
1006 2422 1043 2448 et
1062 2417 1164 2448 Viros
1180 2416 1312 2457 doctos,
1327 2422 1430 2459 atque
1446 2418 1480 2449 in
1498 2418 1565 2458 pri-

860 2467 921 2497 mis
937 2467 989 2499 Cl.
1005 2468 1122 2500 Burm.
1135 2468 1178 2500 ad
1194 2468 1313 2500 Phaed.
1328 2469 1410 2500 Fab.
1421 2470 1523 2509 xiv.§
1534 2472 1563 2500 1.

858 2516 990 2549 Statius
1019 2519 1127 2551 Theb.
1163 2529 1204 2551 11.
1232 2521 1306 2551 644.
1344 2521 1353 2537 ‘
1372 2520 1564 2559 Parmaque

861 2567 1036 2601 Menoeten
1052 2571 1280 2602 Proterrebat
1296 2580 1409 2611 agens,
1422 2568 1563 2609 trepidis

862 2620 1004 2661 vestigia
1028 2626 1121 2653 retro
1145 2622 1309 2653 passibus
1330 2620 1564 2660 urguentemt’

860 2669 920 2701 ubi
934 2672 981 2702 nil
997 2673 1192 2705 mutandum
1208 2683 1283 2703 esse
1298 2673 1371 2712 jam
1387 2671 1463 2701 olim
1480 2671 1563 2701 Bar-

862 2720 951 2752 thius
994 2723 1129 2764 Virgilii
1168 2723 1245 2753 loco
1284 2720 1358 2752 Αἶα.
1388 2729 1454 2751 xn.
1482 2723 1560 2752 289.

859 2771 1022 2804 ostendit.
1043 2772 1205 2804 Lactant.
1233 2770 1276 2802 de
1301 2770 1407 2802 Mort.
1427 2780 1562 2812 persec-
