1818 3131
218 202 330 245 113⁰

219 307 401 341 Lambinus
423 305 518 345 legit,
548 306 644 336 lorum
673 306 767 336 ullum
790 305 920 346 relinqui

218 358 345 389 volebat.
399 356 541 386 Codices
579 356 732 386 nonnulli
770 356 894 387 liabent
911 367 919 388 ι

217 418 312 448 neque
336 407 429 436 «liam
450 406 577 445 pai-rulo
604 407 634 435 d.
662 406 796 444 illorum,
823 406 919 436 locum

217 458 349 497 relinqui
382 457 522 487 ridebat:
553 466 634 497 quos
662 462 798 488 secutus
825 457 919 488 Gra·-

218 518 277 540 cns
294 509 415 539 vertit:
442 507 487 538 ἔτι
511 506 544 538 δὲ
562 508 607 538 ἐπ’
629 507 721 550 ὀλίγῃ
743 507 850 550 βλάβῃ
865 509 921 539 τὸν

216 557 312 589 τόπον
328 559 437 588 τοῦτον
460 557 590 589 ἐκείνους
605 558 647 597 μὴ
673 558 920 598 ›carmel-patrem

218 607 303 648 ὁρῶν.
347 608 414 639 Sed
441 608 534 648 prius
561 609 698 648 placet:
727 619 823 649 quam
851 610 920 639 vel-

218 658 284 689 lem
311 658 390 689 vet.
422 659 506 690 Cod.
542 659 724 690 lectionem
756 659 919 689 firmaret.

223 709 356 741 Vossius.
402 710 496 740 Illum
521 710 616 740 locum
633 709 763 748 relinqui
786 708 918 738 ridebat.

216 759 372 799 Scaliger
396 765 431 790 ct
447 760 692 794 Rccvntioi·cs;
716 768 811 798 neque
827 758 922 788 etium.

214 812 343 850 pari-ulo
364 812 550 842 detrimento
577 811 723 847 illorum,
753 810 847 838 locuni
875 818 921 838 re-

216 861 313 900 linqui
327 862 468 897 ridebam
493 866 529 891 ut
546 861 717 891 sententia
733 860 789 898 sit,
806 861 922 891 nullum

209 909 311 947 fuisse
333 911 464 950 amplius
488 910 631 940 relictum
652 911 762 948 locum,
783 909 922 940 hostibus

216 960 354 990 nocendi.
403 959 467 990 Sed
493 960 574 989 Mss.
591 968 706 989 omncs
723 959 860 997 liabent,
885 959 921 988 il-

216 1010 279 1042 lum
294 1011 402 1040 locum.
428 1010 476 1040 Ut
487 1010 572 1040 adeo
585 1010 759 1040 sententia
773 1008 921 1048 sit,judi-

216 1071 299 1092 casse
315 1064 362 1092 Ca
369 1071 480 1099 sarem,
490 1063 617 1102 parvulo
626 1061 823 1097 detrimento,
841 1061 921 1100 quotl

217 1111 263 1142 ibi
285 1112 423 1142 hostilius
438 1111 553 1149 inferri
574 1115 688 1151 posset,
713 1121 771 1141 non
784 1121 871 1150 posse
890 1120 922 1140 se

217 1162 334 1203 efficere
350 1166 384 1192 ut
402 1163 457 1193 ille
473 1164 556 1193 locus
570 1162 608 1193 ab
625 1163 662 1193 iis
676 1163 920 1202 relinqueretur.-

211 1212 279 1242 Ἔτι
293 1211 325 1242 δὲ
352 1213 400 1242 ἐπὶ
416 1212 508 1254 ὀλίγῃ
531 1211 639 1254 βλάβῃ
655 1212 710 1243 τὸν
722 1212 819 1243 τόπον
833 1216 921 1242 ΤΟΤ-

216 1266 297 1293 ΤΟΝ
329 1262 459 1294 ἐκείνους
488 1264 529 1300 μὴ
561 1263 803 1303 καταλείψεσθαι
836 1264 922 1302 ὁρῶν,

218 1318 256 1345 ut
284 1314 531 1354 interpretatus
563 1322 617 1346 est
646 1316 799 1346 Graecus.
845 1315 922 1347 Qua

218 1365 253 1396 in
278 1365 463 1405 sententia,
491 1367 635 1405 relinqui,
663 1365 750 1395 idem
776 1365 843 1395 erit
870 1374 924 1403 ac,

216 1416 361 1446 relictum
378 1416 439 1454 iri3
473 1416 640 1457 quomodo
658 1425 760 1456 snpra
784 1415 921 1446 dixerat

218 1466 334 1497 Caesar
350 1475 397 1497 iv.
414 1467 430 1506 ξ
448 1470 499 1497 19.
517 1467 526 1483 ‘
545 1466 771 1506 polliceantur
788 1465 922 1495 obsides

218 1516 323 1555 dare‚'
341 1526 401 1556 pro
419 1526 459 1548 eo
477 1516 567 1558 quod
581 1521 646 1555 cst,
661 1517 798 1546 (laturos.
833 1515 922 1546 Vide

218 1566 321 1598 etiam
339 1567 381 1598 ad
397 1576 460 1598 vn.
477 1568 494 1607 ξ
511 1569 561 1598 34.
612 1565 726 1606 Atque
741 1565 828 1596 hanc
842 1574 924 1605 quo-

217 1626 282 1657 que
301 1618 524 1657 posteriorem
543 1618 575 1647 in
593 1617 799 1648 seutentiam
816 1616 923 1656 accipi

217 1672 332 1707 potest
348 1668 451 1698 etiam
465 1668 556 1708 prior
572 1668 629 1697 illa
646 1667 764 1698 Lectio
776 1667 925 1707 Scalige-

218 1726 312 1748 rana.
336 1719 581 1755 Veruntamen,
595 1722 632 1747 ut
643 1716 733 1758 qnod
747 1726 800 1747 res
811 1721 863 1747 est
875 1715 924 1747 di-

219 1777 306 1806 cam,
321 1777 432 1809 neque
448 1768 520 1799 haec
536 1777 646 1808 neque
669 1767 726 1798 illa
742 1767 874 1805 Lectio,
892 1776 925 1797 u—

218 1817 323 1848 trovis
333 1818 432 1849 modo
446 1819 619 1858 explicata
635 1818 778 1849 Caesaris
791 1818 924 1857 elegan-

219 1867 301 1899 tiam
313 1873 348 1898 et
359 1868 640 1908 perspicuitatem
655 1868 755 1907 sapit.
781 1868 923 1899 Quocir-

219 1926 261 1948 ca
285 1918 512 1957 pulcherrima
539 1917 686 1955 videtur,
713 1918 739 1948 si
762 1917 862 1948 modo
879 1926 922 1949 ex

219 1968 362 1998 vetustis
386 1968 569 1999 (lodicibus
586 1967 780 1998 confirmari
797 1972 924 2008 posset,

221 2017 377 2048 Lambini
395 2017 589 2048 emendatio
605 2028 613 2054 ;
637 2028 730 2058 neque
744 2018 838 2048 eliam
850 2027 922 2057 par-

218 2068 286 2099 tulo
301 2068 497 2107 dctrinuento,
510 2069 662 2109 (suorum
676 2068 863 2108 videlicet)
876 2068 924 2098 ul-

220 2118 288 2149 lum
314 2119 412 2149 locum
440 2119 572 2158 relinqui
609 2118 745 2150 volebat
760 2130 767 2149 z
808 2128 922 2159 qnem-

220 2168 400 2200 admodum
427 2168 514 2199 infra
530 2170 656 2208 Caesar,
671 2177 720 2200 vr.
738 2170 754 2209 ᾧ
773 2171 827 2199 39.
854 2170 863 2185 ⁴
879 2178 922 2200 ne

219 2218 356 2250 minimo
373 2219 509 2259 quidem
525 2219 618 2250 casui
641 2219 752 2250 locum
776 2219 922 2260 relinqui

220 2269 403 2308 debuisse‚‘
423 2270 481 2300 ait.
527 2270 603 2310 Vel,
616 2270 643 2300 si
661 2269 733 2300 haec
748 2268 847 2300 nimis
865 2279 921 2300 au-

220 2320 286 2351 dax
303 2321 460 2351 videatur
475 2321 692 2361 conjectura3
717 2320 798 2361 quid
815 2321 840 2351 si
859 2321 921 2352 isto

220 2370 355 2401 demum
387 2371 487 2402 modo
512 2372 686 2411 legamus?
709 2381 801 2411 neque
827 2373 922 2402 elium

216 2422 345 2462 pari-ulo
367 2421 561 2461 detrimento,
583 2421 744 2462 (hostium
760 2421 922 2460 scilicet‚)

221 2473 327 2504 ullum
364 2473 461 2502 Iocum
483 2471 613 2511 relinqui
640 2470 789 2502 videbat.
836 2473 921 2505 Quae

222 2522 392 2554 sententia
407 2526 442 2553 et
465 2527 518 2553 est
540 2521 732 2561 perspicua,
759 2526 796 2552 et
818 2521 923 2553 verba

221 2573 296 2614 ipsa
312 2583 355 2605 ex
370 2573 453 2604 Mss.
481 2572 772 2604 consentientilms
789 2572 922 2603 desum-

222 2629 280 2663 ta;
303 2633 369 2656 una
383 2624 489 2655 solum
506 2627 637 2654 mutata
654 2622 804 2662 literula,
828 2624 924 2654 ullum

221 2683 283 2714 pro
298 2673 397 2705 illum.
441 2672 507 2705 Sed
518 2672 656 2713 judicet
669 2673 795 2704 Lector
810 2673 924 2706 erudi-

223 2729 288 2756 tus.
335 2723 446 2756 Clark.
507 2724 616 2755 Locus
632 2728 686 2755 est
713 2723 924 2756 intricatissi-

222 2788 308 2819 mus,
342 2787 361 2810 e
393 2787 460 2820 qno
488 2787 544 2812 me
580 2777 731 2811 nondum
765 2778 925 2820 expedio.

681 210 823 241 NOTAE
856 209 1074 241 VARIORU
1086 210 1118 240 M
1152 209 1202 240 IN

972 304 1128 336 Lambini
1153 305 1378 344 conjecturam
1410 303 1452 334 ad
1485 303 1574 345 Nep.
1605 304 1671 338 Ha-

972 356 1061 386 mile.
1079 366 1107 386 c.
1127 358 1155 385 l.
1185 355 1331 394 probant
1353 355 1455 386 ctiam
1484 355 1672 395 Manutius,

973 408 1128 438 Cinccon.
1146 412 1179 438 et
1211 407 1447 437 Hotomannus
1471 416 1546 438 cum
1567 407 1671 438 Brau-

973 457 1029 487 tin.
1086 458 1154 487 Pro
1178 456 1271 487 etium
1299 456 1381 488 Mas.
1412 457 1524 487 Ciacc.
1552 456 1675 488 Erant·-

974 507 1098 538 Lovan.
1114 507 1206 538 enim.
1254 506 1354 536 Unde
1376 506 1535 537 ciaet-on.
1561 505 1675 545 condes

972 557 1017 587 cit
1044 557 1233 595 nequeenim
1249 557 1306 587 rel.
1355 557 1442 587 Dein
1470 556 1593 587 illorum
1619 556 1676 588 hav

973 606 1056 636 bent
1081 607 1161 636 Mss.
1182 607 1282 645 longe
1306 607 1437 646 plurimi
1455 612 1489 637 et
1505 607 1676 639 meliores>-

972 654 1040 686 sed
1065 655 1259 686 Ed‹1.Vett.
1287 656 1391 692 illum;
1416 657 1466 687 uti
1492 660 1527 687 et
1553 656 1676 688 Petu.

974 705 1047 736 Pal.
1078 706 1175 736 Gott.
1208 706 1317 742 Bona.
1348 710 1429 737 tert.
1454 706 1553 738 Voss.
1591 711 1675 738 tert.

974 757 1107 789 Duker.
1125 763 1161 789 et
1175 759 1321 790 Dorvill.
1348 759 1414 789 loca
1430 758 1558 790 Audin.
1579 760 1676 790 locum

974 819 1023 840 eos
1037 814 1090 840 est
1107 810 1138 840 in
1162 810 1256 841 Leid.
1283 811 1390 850 primo
1416 813 1451 841 et
1479 810 1676 849 oxoniensi,

974 864 1070 890 cerlo
1086 860 1209 890 indicio
1220 860 1319 891 altius
1331 861 1425 891 ulcus
1441 860 1558 892 latere.
1583 860 1677 891 Dein

974 910 1070 950 copiis
1085 910 1182 941 deest
1197 911 1229 941 in
1247 910 1372 941 Audin.
1388 910 1484 943 Leid.
1498 920 1549 951 pr.
1560 910 1677 942 Oxou.

975 960 1099 1000 Scalig.
1117 964 1153 990 et
1181 961 1244 992 Ed.
1269 961 1312 992 R.
1330 961 1512 1001 Stephani:
1539 971 1605 992 non
1621 970 1677 1002 ag-

975 1011 1083 1042 noscit
1095 1011 1196 1042 etiam
1211 1012 1464 1052 Metaplirastes
1477 1010 1596 1042 πάντας
1605 1011 1678 1043 τοὺς

973 1061 1038 1099 μεθ’
1061 1062 1181 1098 ἑαυτοῦ,
1202 1061 1298 1092 σώους
1313 1061 1404 1101 ἔχων.
1451 1061 1577 1093 Forsan
1601 1061 1678 1094 sim-

975 1112 1159 1152 plicissima
1175 1113 1320 1144 Caesaris
1348 1122 1441 1144 mens
1468 1117 1543 1144 est:
1567 1122 1603 1143 se
1627 1122 1680 1144 re-

975 1164 1132 1203 vertisse,
1158 1165 1237 1205 quia
1261 1164 1445 1195 verebatur
1474 1163 1615 1194 insidias
1642 1163 1677 1194 in

973 1214 1083 1245 silvis:
1123 1215 1202 1255 quia
1233 1224 1308 1246 eum
1336 1215 1525 1245 silvestrem
1565 1214 1679 1245 locum

974 1264 1017 1295 ab
1031 1265 1070 1295 iis
1088 1274 1154 1296 non
1170 1265 1312 1306 relinqui
1331 1265 1483 1303 videbat,
1501 1275 1607 1306 parvo
1623 1274 1680 1297 ac·

974 1320 1077 1355 cepto
1101 1315 1317 1347 detrimento.
1364 1316 1430 1346 Sed
1446 1315 1585 1346 videant
1601 1324 1680 1346 acu·

975 1366 1101 1396 tiores:
1148 1370 1184 1396 et
1213 1375 1293 1396 sane
1322 1366 1490 1396 Mstornm
1532 1365 1679 1396 varietas

976 1415 1151 1455 cogitandi
1168 1415 1315 1456 amplam
1340 1416 1472 1456 praebet
1489 1416 1681 1447 materiam.

976 1466 1026 1497 Cl.
1044 1465 1202 1496 Wassens
1226 1466 1369 1507 conjicit
1390 1476 1516 1497 sewi-um
1536 1466 1623 1497 illum
1637 1467 1682 1497 lo·

975 1526 1044 1547 cum
1063 1517 1195 1556 relinqui
1207 1527 1235 1548 v.
1253 1517 1326 1548 scil.
1343 1516 1384 1547 ab
1401 1516 1509 1547 hoste.
1555 1515 1612 1546 An
1629 1525 1680 1548 re-

977 1566 1194 1598 scribendum
1210 1568 1289 1598 decr.
1310 1567 1372 1607 (sc.
1387 1575 1521 1597 suorum
1538 1565 1592 1596 vel
1603 1565 1680 1605 sno)

974 1616 1097 1648 illorum
1110 1618 1176 1648 loca
1186 1627 1204 1647 a
1215 1626 1246 1648 se
1262 1617 1397 1656 inrumpi
1413 1616 1464 1647 vel
1476 1616 1579 1647 etiam
1592 1615 1681 1646 illum

977 1666 1100 1698 locum!
1211 1701 1213 1703 ,

1020 1722 1040 1749 8
1065 1719 1193 1754 Quanta
1220 1716 1352 1757 virtute]
1386 1717 1443 1748 Ita
1468 1717 1622 1756 Scaliger
1645 1719 1682 1748 ct

979 1769 1216 1802 Recentiores.
1257 1768 1340 1799 Mss.
1378 1772 1414 1798 et
1443 1767 1552 1800 Editt.
1582 1767 1681 1799 Vett.

976 1822 1091 1858 quanta
1106 1828 1181 1849 cum
1198 1819 1323 1848 virtute.
1370 1818 1471 1850 Quod
1488 1828 1554 1848 non
1571 1822 1680 1849 muta-

977 1872 1048 1897 tum
1079 1868 1243 1907 oportuit.
1270 1867 1377 1897 Clark.
1431 1867 1581 1898 Faernus
1605 1867 1681 1907 jam

976 1918 1060 1959 legit
1091 1919 1163 1948 sine
1194 1917 1364 1958 particula
1393 1927 1478 1951 canu
1508 1921 1546 1948 ut
1573 1921 1610 1949 et
1638 1917 1679 1949 R.

974 1969 1188 2008 Stepliauus;
1213 1972 1248 1998 et
1278 1977 1298 1997 a
1324 1976 1383 1997 sno
1410 1967 1540 1998 Codice
1563 1967 1683 2000 abesse

976 2024 1122 2050 testatur
1152 2018 1317 2056 Ursinus3
1345 2017 1446 2048 sicuti
1474 2017 1572 2048 abest
1599 2027 1681 2058 quo·

976 2079 1040 2111 que
1071 2080 1089 2100 a
1116 2069 1205 2100 Scal.
1233 2068 1330 2100 Leid.
1356 2077 1407 2108 pr.
1431 2071 1467 2099 et
1483 2067 1682 2100 Oxoniensi.

976 2120 1131 2162 Reliquis
1156 2126 1269 2151 tamen
1294 2120 1377 2151 Mss.
1395 2123 1429 2150 et
1447 2119 1534 2151 Edd.
1551 2119 1606 2150 hic
1623 2118 1681 2151 ad·

974 2181 1108 2203 sensum
1124 2171 1279 2212 praebere
1295 2179 1371 2202 cnm
1396 2169 1532 2201 Clarkio
1555 2169 1681 2201 malui:

976 2222 1054 2263 qnia
1071 2225 1257 2262 perpetuus
1281 2220 1408 2252 Caesari
1431 2229 1503 2252 mos
1527 2224 1580 2251 est
1596 2229 1681 2260 prae·

975 2272 1179 2312 positionem
1221 2275 1392 2312 repetere,
1421 2274 1460 2301 ut
1501 2269 1680 2311 aliquoties

974 2322 1099 2353 monui.
1145 2322 1201 2353 De
1223 2322 1285 2353 hac
1310 2322 1382 2362 ipsa
1407 2331 1475 2352 cum
1498 2320 1553 2353 adi
1576 2329 1632 2352 111.
1650 2323 1678 2351 1.

974 2374 982 2389 ‘
1000 2375 1126 2414 Magno
1165 2383 1242 2404 cum
1281 2373 1446 2414 periculo,
1483 2371 1679 2412 magnisque

975 2433 1051 2455 cuin
1081 2423 1243 2464 portoriis
1257 2423 1276 2454 :'
1315 2424 1393 2455 dein
1424 2433 1473 2454 res
1499 2423 1564 2453 sint
1594 2421 1676 2453 Mss.

974 2474 1193 2514 vetustiores,
1222 2479 1259 2506 ut
1287 2475 1395 2514 Bong.
1424 2483 1474 2514 pr.
1499 2471 1592 2504 Leid.
1624 2481 1677 2512 pr.

975 2526 1072 2556 Voss.
1101 2535 1151 2566 pr.
1179 2526 1262 2557 Lov.
1290 2526 1386 2565 Egm.
1412 2523 1548 2564 aliique.
1587 2521 1678 2554 Item

974 2578 1161 2617 singillatim
1190 2577 1327 2617 reposui
1353 2585 1372 2606 e
1397 2575 1477 2606 Mss.
1496 2574 1680 2615 plerisque,

975 2628 1065 2659 inter
1078 2637 1161 2668 quos
1186 2627 1294 2665 Bong.
1318 2635 1372 2666 pr.
1397 2625 1494 2655 Voss.
1512 2634 1562 2664 pr.
1578 2623 1677 2655 Leid.

976 2688 1027 2719 pr.
1045 2678 1134 2709 Scal.
1151 2677 1218 2709 Ox.
1235 2677 1332 2717 Egm.
1356 2675 1467 2707 Pulm.
1483 2674 1625 2706 Schedae
1642 2678 1679 2706 et

975 2727 1064 2760 Edd.
1092 2728 1188 2758 Vett.
1215 2726 1399 2767 singulatim
1427 2727 1511 2760 Lov.
1542 2725 1676 2758 Duker.

976 2779 1054 2812 vide
1069 2779 1112 2811 ad
1130 2787 1187 2812 ιιι.
1203 2781 1235 2811 2.
