1818 3131
410 218 502 249 mu.
534 216 607 247 ιιι.
640 215 746 246 CAP.
768 205 810 244 4.
846 215 908 245 DE
943 215 1097 246 nunno
1129 215 1357 246 GALLlco.

152 311 391 352 munitionesque
414 311 503 342 idem
523 307 691 346 significat
715 317 754 339 ac
778 318 853 348 opus

152 364 356 394 munitionum
370 362 575 392 hibernorum.
599 360 656 390 Sic
673 359 762 399 apud
778 360 852 390 Vir-

153 414 269 453 gilium
289 413 460 444 AEu.1.05.
485 414 492 427 ‘
512 411 699 450 molemque
714 416 747 439 et
764 420 850 440 mon·

154 468 206 493 tes
230 464 364 495 ius-wer
381 461 466 490 altos
494 460 657 496 Imposuit
671 460 689 496 ;’
716 461 775 489 hoc
791 464 853 498 ost,

153 514 260 543 molem
285 513 416 541 ullorum
442 511 601 541 montium.
647 510 734 540 Vide.
757 511 800 539 G.
820 510 851 540 J.

153 562 304 592 Vossiuu·
334 561 417 591 lust.
447 561 546 590 Orat.
571 569 605 590 v.
628 562 701 590 313.
741 560 853 590 Doris.

154 611 288 642 Nodum
307 611 359 640 hic
387 611 418 640 iu
446 610 557 650 scirpo
577 611 698 651 quaerit
715 610 853 642 ciacco-

152 662 240 699 nius,
262 661 339 691 dnn·
368 662 418 691 vel
436 671 510 700 opus
536 661 588 691 vel
613 661 856 701 munitionesque

152 710 333 741 delendum
362 710 543 740 existimat.
600 710 686 741 Nam
715 715 854 750 praeter-

153 770 253 801 quam
282 759 382 800 quod,
409 769 483 799 opus
509 760 704 790 hibernorum
729 760 856 791 muniti-

152 820 291 851 onesque,
325 810 412 841 idem
439 809 632 849 significare
668 810 776 849 possit
804 820 855 849 ae,

152 870 227 901 opus
239 861 441 891 munitionum
458 860 668 899 hibernorum,
689 860 738 900 (id
765 860 855 901 quod

152 911 329 942 annotavit
342 909 539 949 l)avisius;)
563 910 668 950 liquet
687 919 788 949 porro
803 920 855 940 vo-

154 970 241 1000 cem,
262 971 347 1000 opuS.
373 961 490 991 latiore
513 960 647 990 omniuo
663 959 856 997 significatu

154 1012 320 1051 usurpari,
355 1021 454 1051 quam
491 1010 684 1041 munitiones.
747 1011 855 1041 Clarlc.

155 1061 335 1093 Refellitur
363 1061 562 1093 Ciacconius
586 1062 731 1091 maxime
758 1061 857 1092 simili

153 1113 261 1144 nostri
279 1113 353 1144 loco
371 1113 411 1144 B.
429 1112 504 1143 Civ.
521 1121 545 1142 1.
563 1114 616 1143 20.
635 1114 643 1129 ‘
660 1112 777 1152 Opera
792 1122 859 1142 unu-

155 1160 370 1204 nitionesque
403 1171 509 1203 prope
546 1171 619 1193 esse
658 1160 857 1202 perfectas.’

157 1212 250 1244 Hir-t.
268 1212 311 1243 de
328 1213 368 1243 B.
390 1212 486 1243 Alex.
506 1221 536 1242 c.
555 1215 586 1243 1.
621 1213 629 1228 ‘
649 1211 859 1242 Munitiones

159 1262 318 1303 operibus
337 1265 526 1302 augentur!

198 1315 217 1343 5
242 1312 505 1352 Existimat-erat]
554 1312 611 1343 Sic
648 1312 732 1343 Mss.
774 1312 861 1351 Reg.

158 1363 286 1394 Eliens.
313 1367 348 1394 et
365 1363 485 1402 Vossii,
507 1367 543 1393 et
560 1362 651 1393 Edit.
676 1364 770 1393 Rom.
797 1363 863 1394 Re·

159 1413 344 1453 centiores,
366 1413 574 1443 existimaret.
622 1413 732 1444 Clark.

202 1463 336 1493 Consilio
359 1462 500 1493 celeriter
521 1462 699 1503 convocato]
731 1463 786 1494 Ita
808 1463 861 1493 hic

158 1516 194 1544 et
211 1512 323 1552 paullo
345 1515 422 1551 post
451 1512 574 1551 legitur
597 1512 631 1542 in
647 1512 747 1542 editt.
766 1513 863 1543 Rom.

159 1567 197 1593 et
211 1562 296 1593 ven.
312 1561 595 1601 quemadmodum
612 1561 714 1591 etiam
731 1571 772 1591 ex
786 1571 864 1592 con-

154 1612 295 1652 jectura
311 1609 464 1650 reposuit
489 1610 524 1642 J.
543 1610 580 1642 F.
605 1609 797 1641 Gronovius
821 1610 864 1641 ad

159 1660 248 1692 Livii
273 1668 371 1691 xmv.
405 1663 455 1690 11.
500 1659 571 1690 Alii
601 1660 709 1691 Codd.
736 1661 864 1692 hahent

158 1711 287 1742 concilio
316 1710 456 1741 celeriter
480 1713 653 1750 convocato,
685 1715 721 1741 et
747 1721 806 1750 quo
832 1711 865 1740 in

160 1760 299 1791 coneilio.
345 1759 522 1790 Meudose.
568 1759 679 1790 Daris.
729 1759 865 1790 Consilio

159 1811 216 1842 hic
250 1814 285 1841 et
314 1809 427 1849 paullo
449 1812 524 1848 post
554 1812 648 1838 recte
674 1808 785 1847 Bong.
813 1817 864 1848 pr.

165 1861 291 1892 Lovan.
308 1859 420 1891 Oxou.
436 1859 534 1898 Egm.
549 1863 583 1889 et
596 1863 664 1890 tres
677 1863 865 1900 quatuorve

161 1910 219 1942 alii
235 1919 312 1941 cum
328 1909 416 1940 Edd.
443 1909 573 1948 primis.
596 1909 637 1939 V.
653 1913 690 1940 et
705 1909 748 1939 ad
764 1918 798 1940 v.
812 1912 864 1940 28.

160 1961 169 1978 ‘
189 1961 233 1991 ad
249 1959 426 1991 consilium
444 1968 515 1989 rem
529 1957 712 1990 deferunt!

212 2013 252 2041 lo
274 2008 399 2048 Posset]
423 2008 531 2040 Codd.
555 2008 710 2049 plerique
730 2012 866 2049 possent.

169 2062 277 2093 Clark.
336 2060 431 2091 Male
462 2060 576 2100 itaque
608 2059 785 2091 revocavit
811 2059 868 2090 ille

165 2110 392 2152 singularem:
427 2119 501 2140 narn
533 2114 662 2150 praeter
689 2108 778 2140 Edd.
803 2109 870 2150 pri-

167 2170 252 2201 mas,
275 2161 378 2191 etiam
395 2160 600 2200 Stephanus,
617 2160 782 2200 Scaliger,
801 2160 871 2190 Da-

166 2210 283 2249 visius,
296 2210 420 2250 aliique
433 2209 615 2241 ediderunt
626 2213 771 2251 possent:
782 2210 870 2251 quod

167 2259 329 2292 exhibent
350 2259 416 2290 mei
448 2269 574 2292 omnes.
619 2260 686 2291 Adi
710 2260 752 2291 ad
777 2270 817 2292 11.
840 2265 870 2292 5.

167 2317 177 2328 ·
197 2311 416 2342 Commeatus
429 2314 466 2340 ut
479 2309 551 2340 siue
569 2310 724 2351 periculo
740 2310 782 2341 ad
795 2320 871 2341 eum

167 2360 298 2402 portari
327 2359 491 2400 possent‚'
516 2364 552 2390 ut
580 2360 759 2400 legendum
787 2360 871 2391 dixi-

165 2421 253 2443 muS.

208 2464 250 2493 15
275 2460 336 2492 Rei
360 2464 499 2492 wentam
524 2460 676 2500 experiri]
715 2461 768 2492 Ne
793 2462 867 2493 haec

168 2513 303 2555 quidem
340 2513 471 2554 phrasis
513 2517 608 2543 sueta
647 2513 871 2553 scriptoribus

168 2563 332 2604 antiquis.
388 2563 526 2594 Fulvius
559 2563 701 2593 Ursinus
732 2572 798 2592 non
826 2563 873 2592 in-

167 2613 342 2645 commode
354 2614 485 2654 opperiri
501 2613 716 2644 emendabat.
735 2612 873 2652 Anony-

170 2673 265 2694 nius:
293 2664 394 2697 ‘Quo
423 2669 535 2695 tamen
564 2664 705 2694 consilio
733 2673 798 2693 non
822 2673 873 2693 re-

166 2713 273 2754 jecto,
309 2715 369 2745 sed
399 2715 518 2754 dilato,
553 2715 732 2754 elegerunt
773 2713 873 2744 armis

171 2763 285 2803 potius
314 2765 476 2805 experiri,
514 2775 613 2805 quam
645 2764 739 2805 fuga,
777 2764 874 2805 siqua

256 2816 412 2856 Del1›h.ec
434 2817 507 2848 rar.
526 2819 609 2848 Clas.

841 2818 868 2847 C
868 2826 929 2847 cesa
932 2825 947 2845 r

1493 207 1604 248 1009

904 313 994 340 esset
1009 309 1050 339 ad
1068 310 1211 341 salutem
1225 309 1301 341 via!
1319 308 1429 340 Etiam
1444 308 1603 340 Graecus:

903 360 958 395 τῆς
984 359 1096 390 τούτου
1127 361 1183 390 τοῦ
1213 359 1392 400 πράγματος
1421 357 1603 393 ἀποβάσεως

904 410 1070 447 πειρᾶσθαι.
1128 411 1248 450 ltaque
1279 419 1342 448 ego
1369 409 1504 439 omnino
1527 418 1604 439 reor

905 458 1072 488 Cwsareui
1091 460 1263 497 scrip-isse
1280 459 1427 498 experiri.
1467 459 1506 488 lit
1523 463 1606 498 pulo

907 508 1006 537 licere
1039 507 1162 544 (licere,
1198 509 1335 547 experiri
1377 511 1524 548 quomodo
1556 517 1607 538 res

904 559 1060 597 procedat,
1085 567 1160 587 uam
1187 557 1275 587 idem
1303 559 1354 588 hie
1379 564 1519 589 eventus
1543 563 1608 588 est.

911 609 1043 639 Vossius.
1074 608 1158 638 Haec
1177 608 1333 648 loquendi
1353 610 1439 639 ratio
1456 609 1605 639 insolens

906 659 978 689 visa
1002 664 1054 688 est
1092 658 1128 688 F.
1155 658 1288 696 Ursmo,
1324 659 1380 699 qui
1421 664 1603 698 propterea

907 708 1101 740 emendavit
1123 708 1169 739 rei
1191 711 1330 738 eventum
1358 710 1505 748 opperiri.
1542 708 1608 739 Sed

907 759 1032 799 absque
1055 767 1157 789 causa
1181 759 1324 788 sontica.
1372 759 1508 789 Curtius
1527 769 1558 789 v.
1575 760 1607 788 8.

908 811 958 838 17.
1003 808 1078 839 ‘Ut
1110 808 1229 839 eadem
1259 809 1452 839 constantia
1489 809 1611 839 animo-

909 870 993 897 rum,
1016 870 1082 900 qua
1113 860 1287 900 pra‘torita
1317 860 1497 898 tolerastis,
1523 870 1614 900 expe-

906 911 1031 941 riamini
1055 911 1215 951 quicquid
1247 911 1370 941 deinde
1387 910 1456 941 fors
1473 911 1613 943 tulerit!

907 960 972 992 Sed
991 967 1025 992 et
1042 967 1158 991 noster
1175 962 1211 991 Β.
1231 961 1274 992 G.
1294 971 1331 992 n.
1351 964 1399 991 16.
1423 963 1431 977 ‘
1451 962 1529 992 belli
1548 961 1615 992 for-

910 1017 1025 1042 tunam
1051 1011 1204 1051 esrperiri'
1230 1011 1327 1040 dixit.
1354 1011 1463 1042 Daris.
1503 1012 1614 1041 Recta

909 1062 981 1092 haec
1014 1062 1148 1091 omnino
1178 1067 1211 1090 et
1242 1070 1324 1090 sana
1353 1067 1441 1091 sunt.
1499 1060 1614 1091 Livius

910 1120 997 1142 xxv.
1023 1113 1074 1142 27.
1114 1112 1122 1127 ‘
1150 1110 1320 1141 fortunam
1351 1111 1478 1140 navalis
1506 1114 1615 1141 certa-

912 1161 1008 1191 minis
1034 1159 1193 1200 experiri!
1251 1160 1377 1192 Justin.
1407 1169 1445 1191 11.
1462 1162 1495 1191 2.
1524 1169 1558 1190 v.
1582 1163 1616 1191 6.

909 1212 918 1229 ‘
937 1210 1106 1242 fortunam
1133 1210 1236 1242 maris
1262 1210 1425 1250 experiri.'
1492 1210 1616 1241 Eadem

912 1262 1091 1303 conjuncta
1119 1261 1224 1292 verba
1250 1261 1353 1292 habet
1376 1261 1514 1291 Curtius
1530 1269 1614 1291 vm.

913 1315 964 1343 13.
991 1314 1007 1352 ᾧ
1039 1314 1090 1343 12.
1129 1312 1137 1328 ‘
1167 1312 1287 1342 Parvae
1323 1312 1369 1341 rei
1410 1310 1618 1350 discrimine,

913 1371 1049 1393 summae
1066 1361 1286 1402 experiebatur
1301 1363 1484 1392 eventum.’
1529 1360 1617 1390 Nos-

913 1417 968 1443 ter
984 1421 1008 1443 1.
1021 1414 1074 1442 31.
1099 1414 1108 1429 ‘
1127 1411 1376 1452 fortunamque,
1392 1419 1616 1451 quaecumque

914 1462 1059 1498 accidat,
1081 1461 1306 1501 experiantur.¹
1351 1461 1435 1490 Vide
1454 1460 1557 1491 etiam
1574 1459 1617 1490 ad

916 1519 984 1541 vn.
1002 1513 1055 1541 78.
1083 1511 1122 1540 Β.
1140 1510 1212 1540 Civ.
1235 1519 1272 1540 u.
1290 1512 1342 1540 30.

957 1569 1007 1590 xv.
1033 1563 1048 1590 1
1075 1559 1179 1590 Rebus
1197 1568 1273 1598 quas
1287 1559 1515 1589 constituissent
1531 1559 1620 1589 collo-

914 1609 1034 1649 candis]
1070 1609 1109 1639 In
1127 1619 1181 1639 vv.
1197 1618 1249 1639 cc.
1268 1608 1392 1649 legitur
1410 1617 1544 1650 quoque
1559 1609 1621 1640 col-

914 1659 1078 1699 loquendis,
1106 1657 1195 1700 quod
1227 1659 1443 1689 Hotomanno
1469 1660 1620 1698 impense

914 1710 1041 1748 placet.
1097 1709 1169 1747 Ego
1196 1708 1363 1738 neminem
1391 1709 1440 1739 ita
1471 1710 1620 1739 locutum

916 1757 1064 1788 memini.
1124 1757 1268 1788 Plautus
1299 1757 1411 1788 Milite
1445 1759 1452 1773 ‘
1471 1758 1622 1799 colloqui

915 1807 1070 1849 aliquem'
1096 1807 1204 1837 dixit:
1246 1811 1281 1838 at
1307 1817 1370 1838 non
1399 1809 1526 1848 colloqui
1555 1818 1622 1839 rem

915 1858 1062 1898 aliquam.
1105 1857 1225 1887 Tacito
1240 1855 1407 1897 frequens,
1429 1860 1438 1874 ‘
1457 1858 1622 1888 disserere

917 1918 985 1938 rem
1015 1908 1159 1948 aliquam
1175 1907 1192 1936 ι’
1228 1907 1277 1938 sic
1307 1906 1432 1938 Annal.
1458 1917 1482 1938 1.
1507 1909 1516 1924 ⁴
1535 1908 1623 1938 bona

919 1958 1013 1998 pacis
1051 1957 1220 1988 incassum
1258 1957 1488 1989 disserebant!
1554 1958 1622 1989 Sed

918 2008 1026 2038 minus
1041 2007 1075 2037 id
1093 2007 1253 2038 usitatum
1271 2018 1343 2039 aevo
1358 2008 1508 2040 Juliano.
1554 2008 1625 2039 Ita-

919 2066 984 2098 que
1001 2056 1123 2087 damno
1151 2067 1290 2097 prorsus
1325 2059 1528 2089 sententiam
1553 2059 1622 2089 Ho-

920 2107 1084 2138 tomanni.
1129 2107 1323 2138 Praesertim
1349 2118 1426 2139 cum
1443 2110 1558 2140 Caesar
1574 2110 1624 2140 di-

920 2162 978 2189 cat
998 2158 1069 2198 jam
1087 2158 1308 2189 constitutum
1332 2157 1374 2188 de
1391 2158 1489 2190 rebus
1511 2158 1625 2199 fuisse,

921 2209 1000 2250 quid
1029 2209 1134 2249 igitur
1162 2213 1282 2249 postea
1313 2210 1482 2251 colloquio
1513 2211 1623 2250 opus?

926 2259 1061 2291 Vossius
1090 2259 1177 2290 Haec
1194 2259 1321 2290 locutio
1338 2269 1403 2290 non
1419 2261 1500 2291 ⁴<atis
1517 2261 1626 2300 proba.

921 2309 1057 2340 videtur
1081 2309 1116 2341 J.
1141 2309 1190 2339 M.
1214 2309 1347 2349 Bruto;
1379 2311 1452 2350 ejus
1467 2311 1624 2342 nimirum

922 2360 1032 2391 animo
1048 2370 1114 2391 non
1132 2360 1376 2392 obversabatur
1399 2362 1490 2392 locus
1508 2362 1626 2401 Hirtii,

921 2410 979 2451 qui
994 2410 1083 2441 rebus
1107 2411 1246 2441 omnibus
1267 2412 1415 2450 confectis
1429 2416 1459 2443 et
1474 2413 1626 2444 collocat-is

922 2470 999 2491 usus
1028 2466 1080 2491 est
1107 2461 1193 2492 Bell.
1226 2461 1324 2494 Alex.
1354 2465 1454 2494 c.33.
1512 2463 1624 2494 Daris.

923 2511 1013 2542 Mire
1028 2516 1212 2553 nugantur,
1237 2513 1294 2552 qui
1321 2513 1513 2551 emendant,
1537 2513 1626 2542 collo-

922 2563 1058 2602 quendis.
1085 2563 1193 2594 Clark.
1227 2563 1322 2594 Bene
1337 2562 1524 2594 defendunt
1539 2564 1625 2594 hanc

923 2612 1101 2644 lectionem
1129 2618 1249 2644 contra
1278 2614 1385 2644 Mstos
1409 2614 1549 2653 aliquot,
1590 2613 1625 2644 in

923 2663 1046 2704 quibus
1072 2668 1106 2694 et
1131 2664 1293 2703 Bongars.
1322 2664 1419 2702 prim.
1446 2672 1522 2692 cum
1538 2662 1626 2695 Edd.

923 2713 1078 2754 quibusd.
1110 2718 1147 2744 et
1171 2713 1261 2744 viros
1291 2713 1407 2743 doctos
1424 2713 1561 2744 Vossius
1592 2718 1628 2745 et

922 2763 1097 2794 Davisius.
1144 2763 1308 2794 Geminus
1335 2762 1435 2802 plane
1463 2763 1555 2793 locus
1576 2770 1628 2796 est

1475 2815 1539 2847 38
