1872 3115
365 191 455 219 Llss.
490 189 541 219 11.
574 188 679 218 cAP.
711 177 752 217 8.
787 188 849 217 DF.
883 187 1039 217 BELLO
1071 187 1299 217 GALLlCO.

104 282 146 312 ad
162 282 239 313 Til).
265 292 286 314 1.
310 287 341 314 8.
357 286 409 313 30.
426 282 586 322 aliosque.
633 280 802 311 Martialis

105 332 147 362 (11·
174 338 321 372 spectac.
347 343 376 363 c.
404 334 455 363 28.
481 333 489 348 ‘
508 332 551 361 Et
579 329 667 361 freta
694 329 802 359 navali

105 383 290 412 sollicitare
305 381 407 413 tuba)
434 384 442 398 ‘
456 381 647 411 Sollicitare
661 379 804 420 pacem.²

108 432 224 462 Livius
243 434 335 463 1.2Ι.
391 430 580 465 Sollicitare,
618 431 717 460 immo
743 439 804 469 pro

103 482 246 512 lacessere
274 482 387 511 lmxtem
427 481 528 512 Ovid.
563 481 654 511 Fast.
687 489 719 510 v.
751 483 803 510 40.

104 533 112 548 ⁴
133 532 176 562 Et
193 541 347 570 magnum
375 532 462 562 bello
478 531 645 561 sollicitare
662 529 805 562 jovem!

105 580 232 610 Lucan.
261 589 309 610 iv.
336 584 410 611 665.
443 580 682 620 ‘Sollicitatque
710 579 806 610 ferox

104 638 168 660 nou
186 630 290 670 aequis
307 631 434 661 viribus
450 631 600 661 hostem!

148 682 188 710 10
216 680 266 710 Ex
290 683 416 720 ucraque
436 684 526 720 parte
548 680 655 710 lateris
676 678 808 717 dejectus

103 728 248 769 habebnt]
294 731 402 770 Ejicio
426 740 541 761 vocem
565 730 706 760 habebut.
751 729 806 759 Sic

104 779 193 810 iufra
219 780 324 811 dicit:
359 781 367 796 ‘
385 781 489 819 rna-gis
517 784 555 810 ut
580 780 643 810 loci
674 782 807 815 natura,

107 829 327 870 dejectusque
345 831 454 869 collis,
468 835 504 861 et
520 828 728 867 necessitas‚’
743 831 807 858 &a

108 879 197 918 Nec,
211 880 299 920 quod
316 881 615 921 scian],quisq11a1u
633 884 808 910 auctorum

105 929 241 969 dejectus
251 939 311 969 pro
325 930 492 967 dejectione
505 928 690 970 usurpavit]
714 928 809 959 Grae-

105 988 164 1009 cns
182 979 247 1009 καθ’
263 978 397 1016 ἑκάστην
411 979 467 1018 μὲν
482 981 543 1010 τῶν
557 980 696 1019 πλευρῶν
711 990 808 1008 κατω-

104 1028 198 1068 φερὴς
212 1028 260 1065 ἦν.
310 1030 442 1060 Vossius.
502 1030 669 1060 Memoria
693 1030 808 1069 lapsus

106 1083 158 1109 est
176 1079 225 1109 vi·-
241 1079 405 1110 eruditus.
444 1080 558 1110 Livius
576 1089 627 1110 1x.
643 1082 695 1110 11.
713 1080 721 1095 ‘
740 1079 809 1110 An-

106 1130 232 1169 gustias
257 1135 369 1170 septas
391 1132 508 1169 dejectu
532 1131 689 1162 arborum
715 1140 810 1161 saxo-

105 1190 247 1222 rumque
278 1181 464 1221 ingentium
507 1183 687 1223 objacente
720 1182 809 1212 mole

105 1231 328 1263 invenerunt!
372 1233 502 1264 Seneca
519 1233 619 1264 Cous.
645 1231 688 1262 ad
716 1232 810 1262 Mai·-

106 1280 194 1312 ciam
219 1291 249 1312 c.
277 1285 328 1312 18.
353 1284 361 1300 ‘
381 1283 548 1323 Dejectus
565 1281 753 1320 fluminum,
775 1286 810 1313 et

106 1341 149 1362 ex
167 1342 232 1363 uno
257 1332 352 1364 fonte
378 1334 411 1364 in
437 1334 617 1365 Orientem
642 1333 812 1364 Occiden-

108 1386 246 1423 temque
273 1383 383 1413 defusi
411 1383 545 1415 amnes!
602 1383 670 1414 Sed
697 1387 732 1414 et
754 1382 811 1414 hu-

100 1432 200 1472 jusce
227 1433 302 1463 libri
327 1443 357 1464 c.
374 1436 427 1464 22.
451 1434 583 1472 dejectus
599 1433 811 1464 substantive

109 1487 162 1514 est
194 1483 426 1523 accipiendus.
485 1483 600 1514 Inanis
628 1483 733 1523 igitur
761 1487 812 1514 est

108 1533 442 1574 Vossiiconjectura.
485 1534 599 1565 Dat-is.
644 1532 745 1564 Adde
760 1533 812 1563 Cl.

108 1583 353 1624 Drakenburg.
381 1584 422 1614 ad
451 1584 569 1615 Silium
596 1591 662 1614 xu.
679 1586 752 1613 190.
776 1587 812 1613 et

110 1642 262 1665 socerum
282 1643 393 1664 meum
408 1634 450 1665 ad
466 1635 581 1665 Valer.
598 1634 691 1664 Max.
707 1642 764 1664 111.
780 1636 812 1665 2.

113 1686 143 1714 l.
164 1685 173 1700 ‘
192 1683 387 1715 Altitudine
405 1683 583 1725 dejectus.'

153 1735 189 1764 11
216 1734 255 1764 In
271 1732 395 1774 fronte]
440 1734 554 1773 Longe
571 1733 705 1773 plurimi
725 1733 813 1763 Mss-

111 1788 182 1814 tum
210 1783 362 1821 aliorum,
390 1788 461 1813 tum
487 1783 565 1820 mei,
592 1787 627 1813 et
653 1783 718 1814 Ed.
738 1783 812 1814 Ine.

110 1834 226 1874 steph.
258 1833 390 1874 Grypli.
428 1834 571 1875 aliaeque
598 1834 630 1864 in
653 1833 812 1872 frontem.-

111 1883 238 1915 rectius
265 1884 338 1914 siue
367 1883 482 1914 dubio.
535 1883 622 1914 vide
647 1883 688 1914 ad
717 1893 747 1914 c.
781 1888 812 1914 5.

110 1938 212 1974 atque
238 1934 286 1965 ita
312 1943 370 1964 suo
391 1937 412 1964 'e
436 1934 555 1965 codice
571 1934 680 1965 voluit
696 1933 812 1965 Gifan.

111 1983 187 2014 Ind.
212 1984 348 2015 Lucret.
384 1985 426 2015 V.
454 1984 496 2014 in.
541 1984 610 2015 Sed
637 1984 813 2015 Leidensis

111 2033 248 2074 primus,
273 2034 397 2075 Scalig.
425 2038 461 2066 et
489 2035 605 2075 Cujac.
631 2036 736 2065 solum
757 2035 814 2066 ha-

111 2084 360 2122 bentfrontem:
383 2085 426 2116 de
442 2085 538 2125 cujus
557 2085 711 2116 lectionis
729 2085 814 2116 veri-

114 2138 185 2165 tate
210 2144 275 2165 non
303 2135 431 2166 dubito.
476 2134 545 2166 Adi
574 2136 694 2166 Davis.
719 2138 759 2166 ad
787 2145 812 2166 1.

111 2186 165 2215 49.
183 2189 219 2215 et
236 2184 381 2215 observ.
403 2186 550 2216 Misceu.
578 2186 654 2216 Vol.
681 2195 746 2218 sec.
771 2187 812 2217 ad

115 2233 251 2273 Apuleii
270 2235 410 2266 Metam.
428 2245 507 2266 un.
532 2239 602 2266 171.
631 2246 671 2266 ac
697 2235 814 2268 Ovidii

115 2283 267 2316 Iudicem
281 2286 322 2315 V.
331 2285 481 2323 frontem,
494 2291 529 2318 et
543 2286 672 2324 faciem.
719 2287 814 2319 Infra

114 2344 144 2366 c.
162 2337 212 2366 18.
236 2336 245 2352 ‘
264 2335 386 2366 Infima
401 2337 563 2376 apertus!

155 2385 295 2426 Leviter]
342 2387 424 2417 Mss.
442 2387 566 2418 Eliens.
587 2392 623 2419 et
645 2388 813 2429 Vossii‚2·n

106 2436 247 2475 frontem
277 2437 397 2467 lez-iter.
463 2437 530 2468 Ms.
562 2437 648 2478 Reg.
681 2439 812 2471 leniter:

116 2497 190 2528 quae
207 2492 259 2519 est
275 2497 354 2518 vcra
380 2489 505 2518 lectio:
539 2488 594 2519 Sic
622 2488 708 2518 euim
734 2488 815 2519 alibi

115 2537 205 2579 loqui
221 2539 307 2570 solet
324 2540 457 2570 Caesar:
477 2539 500 2569 1.
517 2547 582 2569 vn.
613 2540 698 2578 §⁷18
711 2539 719 2554 ‘
737 2539 816 2569 leni-

117 2592 172 2619 ter
193 2589 351 2620 acclivis!
386 2590 408 2619 l.
437 2599 501 2620 vu.
532 2590 548 2629 ξ
580 2592 632 2619 76.
667 2590 675 2605 ‘
695 2588 816 2619 leuiter

116 2636 261 2669 deelivi.'
308 2640 417 2670 Clark.
464 2640 556 2680 Lege
573 2639 705 2674 [enicem
727 2639 816 2679 quod

118 2687 273 2719 Clarkius
303 2698 344 2718 ex
374 2689 495 2730 Regio,
525 2699 585 2720 nos
621 2699 663 2719 cx
694 2689 817 2721 Petav.

118 2736 279 2778 Bongars.
302 2748 355 2779 pr.
377 2749 444 2771 sec.

499 2740 574 2771 Pal.
591 2740 718 2772 Lovau.
737 2740 819 2772 Get-

1473 176 1560 218 979

857 284 947 320 torp.
963 280 1063 311 voss.
1079 279 1245 319 Egmond.
1261 287 1446 309 monemus,
1492 278 1557 308 Du:-

858 330 911 362 cis.
929 342 1001 361 cur.
1019 342 1085 363 wc.
1267 361 1271 366 ,

899 381 1112 421 Fasligiatus]
1144 381 1257 413 Proba
1273 381 1391 417 lectio,
1409 389 1470 410 nec
1489 390 1558 409 mv.-

857 431 968 461 tanda.
1026 432 1163 461 Frustra
1190 442 1231 462 ex
1259 431 1461 462 membranis
1490 431 1558 460 Λη-

857 480 966 510 «11··.1·115
998 481 1155 511 §chouna
1192 483 1374 519 σκιαῖς-«11113,
1404 480 1558 515 corrigit.

858 531 998 561 Frustra
1019 540 1151 570 quoquc
1169 531 1367 561 (iim-eonius
1384 536 1419 561 et
1435 529 1489 559 alii
1506 531 1560 566 (ut

859 580 996 611 Hotom.
1023 586 1057 610 et
1079 581 1253 611 Brunliusl
1277 591 1391 619 parum
1419 580 1558 620 probam

859 635 982 669 putant
1013 640 1129 660 vocem
1160 630 1364 667 suslig·i‹11113‚
1403 639 1462 669 pro
1494 638 1559 668 qua

849 679 1027 719 fustigatus
1051 684 1232 720 reponunt.
1278 679 1332 709 Sic
1350 680 1463 709 Cwsar
1489 679 1560 718 ipse

857 730 899 760 de
928 735 1030 769 ponte
1060 730 1081 760 1.
1099 739 1132 761 v.
1154 730 1163 746 ‘
1181 738 1286 770 prona
1310 739 1349 759 ac:
1376 728 1561 768 fastigiata,

859 785 895 810 ut
919 779 1102 811 secundum
1130 785 1282 810 naturam
1310 778 1456 809 fluminis
1486 788 1560 818 pro-

858 829 1079 861 cumberent!
1127 829 1334 869 Pomponius
1363 828 1458 858 Mela
1483 837 1562 868 quo-

859 891 924 922 que
942 891 966 912 1.
983 884 1013 912 4.
1039 880 1082 911 de
1101 880 1231 914 Africa.
1258 880 1266 896 ‘
1281 878 1394 919 pergit
1422 878 1561 908 incurva

859 932 901 962 ad
919 941 1088 970 occasum,
1102 930 1323 970 fastigiatque
1340 939 1375 960 se
1392 928 1561 959 molliter?

860 983 927 1014 Ubi
955 981 1080 1013 frustra
1099 981 1284 1011 Pontianus
1310 979 1448 1019 legebat
1466 978 1563 1013 susst-

856 1037 983 1073 gatque.
1029 1033 1168 1063 Scottus
1190 1031 1242 1061 edi
1265 1030 1398 1061 curavit
1412 1030 1563 1067 cmtigvc-

858 1093 927 1123 que.
975 1083 1086 1113 Etiam
1105 1081 1234 1112 Plinius
1252 1090 1292 1111 11.
1309 1083 1362 1111 25.
1380 1080 1440 1118 ait,
1464 1081 1472 1097 ‘
1492 1089 1564 1109 ea:-

859 1133 937 1164 dem
954 1132 1076 1164 breves
1102 1137 1135 1163 et
1153 1132 1185 1162 in
1203 1140 1397 1162 muci-ouem
1415 1129 1564 1170 fastigia-

860 1183 934 1215 tas.'
980 1183 1045 1214 Sed
1063 1188 1098 1214 et
1120 1183 1233 1213 Livius
1251 1183 1272 1213 1.
1289 1191 1353 1214 VH.
1399 1181 1480 1222 Ipse
1497 1182 1564 1212 col·

861 1235 899 1265 lis
916 1238 969 1265 est
996 1234 1030 1264 in
1052 1233 1188 1267 modum
1216 1239 1314 1264 metae
1337 1233 1347 1250 ‘
1363 1233 1396 1263 iu
1425 1237 1562 1263 acutum

860 1295 1024 1316 cacumen
1049 1295 1068 1315 a
1092 1283 1198 1315 fundo
1223 1285 1306 1315 satis
1323 1284 1392 1314 lato
1413 1282 1566 1323 fastigia-

861 1334 936 1366 tus!
960 1334 1053 1365 Nihil
1070 1334 1190 1365 clarius
1208 1333 1274 1364 dici
1287 1337 1443 1372 poterat:
1462 1337 1563 1362 metm

861 1384 1073 1425 pyramidum
1090 1383 1233 1414 formam
1257 1383 1396 1422 habeut,
1413 1387 1448 1413 et
1463 1382 1496 1412 in
1513 1392 1566 1412 ea-

862 1444 981 1465 cumen
1008 1439 1109 1465 tenue
1131 1434 1303 1472 desinunt,
1325 1434 1390 1463 hoc
1413 1432 1566 1471 fastigia-

862 1488 933 1514 tum
951 1493 1119 1514 vocavere
1135 1489 1283 1514 veteres.
1327 1484 1414 1514 Sunt
1432 1491 1566 1523 quoque

862 1543 914 1563 vv.
943 1543 994 1563 vc.
1024 1533 1080 1573 qui
1112 1534 1224 1564 leniter
1249 1532 1396 1563 liabent:
1435 1532 1566 1562 utrovis·

861 1583 960 1613 modo
977 1583 1081 1622 proba
1105 1583 1222 1614 lectio.
1266 1583 1324 1614 Sic
1347 1583 1356 1599 ‘
1373 1582 1495 1613 leviter
1519 1583 1569 1613 in-

862 1630 998 1663 flexum'
1031 1633 1151 1664 Cicero
1183 1632 1272 1664 dixit
1300 1642 1326 1664 1.
1357 1633 1399 1663 de
1426 1633 1568 1664 Divina-

864 1681 978 1712 tione:
1018 1683 1026 1698 ‘
1045 1683 1183 1713 Leviter
1213 1683 1394 1721 hominem,
1421 1684 1568 1714 clemen-

863 1738 985 1774 terque
1010 1734 1169 1774 accepit,'
1193 1744 1242 1766 VI.
1267 1735 1422 1766 Verriua.
1472 1736 1568 1766 Taci-

864 1787 916 1814 tus
949 1793 1010 1824 pro
1041 1794 1082 1815 eo
1122 1785 1131 1801 ‘
1157 1785 1343 1816 clementer
1376 1786 1566 1827 assurgens’

863 1833 961 1864 dixit.
1005 1833 1130 1875 Itaque
1147 1834 1236 1865 idem
1253 1839 1331 1866 sunt
1351 1836 1472 1874 leviter,
1491 1837 1568 1866 leni—

861 1887 920 1923 ter,
946 1889 982 1915 et
1005 1885 1177 1916 clementer.
1228 1885 1364 1916 Vossius,
1421 1885 1569 1924 fustiga-

862 1938 934 1965 tus.-
965 1934 1015 1965 sic
1032 1934 1261 1974 scribendum,
1277 1944 1343 1965 non
1361 1935 1567 1975 fastigiatus,

863 1989 901 2015 ut
925 1989 1060 2016 veteres
1084 1985 1181 2016 editi.
1233 1986 1335 2016 Silius
1362 1986 1505 2017 Italicus
1534 1996 1567 2016 v.

862 2038 915 2066 50.
940 2035 949 2052 ‘
967 2035 1097 2066 Sensim
1115 2035 1290 2075 fastigans,
1305 2045 1498 2076 compressa
1516 2046 1571 2066 ea-

863 2084 996 2115 cumina
1012 2084 1142 2116 nectit.'
1190 2085 1276 2116 Vide
1293 2085 1338 2116 Is.
1356 2086 1510 2116 Vossium
1526 2087 1568 2117 ad

863 2136 966 2166 Melae
985 2145 1008 2167 1.
1025 2138 1055 2166 4.
1075 2145 1108 2175 p.
1126 2138 1179 2166 24.
1196 2140 1233 2166 et
1248 2135 1282 2167 J.
1299 2136 1338 2166 F.
1356 2136 1567 2167 Gronovium

863 2186 904 2216 ad
924 2186 1010 2216 Livii
1038 2194 1061 2217 1.
1085 2188 1138 2216 38.
1184 2186 1296 2216 Dacis.
1341 2186 1470 2216 Leniter
1490 2196 1566 2216 cum

863 2236 974 2267 Editis
1014 2236 1212 2276 quibusdam
1251 2236 1395 2276 przefert
1434 2247 1567 2277 quoque

864 2286 1102 2317 Hotomannus
1118 2291 1154 2317 et
1171 2287 1348 2318 Cellarius.
1394 2287 1490 2318 Idem
1504 2297 1570 2327 ego

861 2336 975 2367 inveni
1005 2337 1037 2367 in
1069 2337 1224 2367 omnibus
1254 2338 1440 2375 Vossianis,
1472 2338 1567 2369 Leid.

863 2396 915 2428 pr.
933 2396 1002 2418 sec.
1017 2387 1141 2427 Scalig.
1156 2388 1300 2418 Dorvill.
1318 2393 1352 2419 et
1370 2388 1456 2419 Eud.
1474 2387 1567 2419 Amo

861 2437 1108 2478 antiquioribus
1124 2450 1130 2468 :
1145 2448 1254 2479 neque
1269 2438 1368 2469 aliter
1377 2439 1567 2469 Gronovius

863 2493 998 2520 notarat
1021 2498 1040 2519 e
1066 2489 1268 2520 membranis
1285 2490 1442 2521 Andinis.
1467 2499 1495 2519 c.
1515 2491 1566 2520 29.

864 2540 872 2555 ‘
885 2540 958 2570 Una
971 2549 1013 2570 ex
1029 2545 1127 2580 parte
1140 2541 1265 2571 leniter
1279 2540 1419 2570 adclivis
1435 2539 1570 2569 aditus?

865 2599 930 2620 vu.
948 2593 999 2621 19.
1024 2592 1032 2606 ‘
1051 2591 1154 2622 Collis
1179 2591 1303 2622 leniter
1320 2591 1361 2620 ab
1378 2589 1491 2619 intimo
1511 2589 1569 2620 ad·

867 2640 963 2670 clivis
977 2643 996 2670 :¹
1019 2641 1077 2671 ubi
1094 2642 1196 2671 etiam
1215 2641 1367 2681 plerique
1397 2640 1515 2676 leviter,
1531 2646 1569 2670 ut

868 2699 1001 2730 quoque
1015 2700 1044 2720 e.
1056 2693 1108 2721 82.
1123 2692 1131 2706 ‘
1142 2691 1217 2720 loco
1230 2690 1354 2720 leniter
1366 2689 1487 2720 declivi
1500 2687 1519 2720 :'
1533 2696 1569 2720 vt

869 2739 910 2772 Β.
927 2739 1000 2772 Civ.
1017 2749 1056 2771 11.
1072 2743 1124 2775 24.
1149 2741 1158 2757 ⁶
1177 2740 1320 2770 Leniore
1339 2738 1474 2781 mugio
1489 2739 1508 2770 ·.’
1533 2745 1568 2772 ιε
