1818 3131
322 211 414 240 uin.
449 209 512 238 iv.
545 208 648 237 CAP.
671 197 739 237 10.
776 208 836 237 ou
871 207 1026 237 unum
1058 206 1285 237 οΛωΑι-ο.

73 302 210 334 'Pacilus
238 302 326 334 Hist.
343 311 377 334 v.
394 305 446 333 23.
471 303 479 318 ‘
498 301 604 332 Mosae
627 298 772 330 fluminis

74 362 203 382 amnem
221 362 282 392 pvr
296 352 444 382 Rhenum
458 350 598 381 Oceano
615 348 741 380 affundi
752 349 771 379 :¹

74 407 109 433 et
137 404 145 419 ‘
167 401 328 433 Rhenum'
353 405 508 432 vocatum
538 410 624 438 esse,
647 410 686 430 eo
705 409 771 440 quo

73 452 145 483 dixi
174 453 258 490 loco,
287 460 352 481 nou
382 451 517 489 Mosam,
550 449 771 480 certi-:simum

73 507 137 533 cst.
183 501 257 539 Vel,
274 505 310 531 ut
334 500 485 540 apertius
512 509 565 530 me
591 499 772 539 explicem,

75 562 133 591 pro
165 550 392 588 accuratione,
423 560 488 590 qua
525 550 610 580 solet
647 550 773 588 Caesar,

72 600 315 640 simplicissima
333 600 493 639 intelligit
519 600 650 630 Mosam
673 600 774 630 variis

72 649 201 680 scilicet
231 649 325 679 ostiis
356 650 389 680 in
418 646 595 681 Oceanur'n
623 649 774 688 influere,

71 699 131 730 scd
159 700 205 730 ita
238 705 274 729 ut
304 705 380 740 post
417 703 571 740 receptum
608 710 627 730 a
666 710 701 731 se
731 700 773 730 ad

71 750 105 782 S.
134 749 281 782 Andrean
308 750 396 781 iufra
417 750 571 782 Thielam
596 751 773 782 castellum

76 800 229 836 Rhenum,
260 801 329 831 sive
357 801 428 841 ejus
457 805 589 842 partem
624 801 774 840 ΡάΙιιιΙιίιι,

74 852 146 892 ipse
163 862 277 883 rursus
295 852 451 884 inferiore
477 854 550 884 loco
575 854 607 883 in
635 853 774 884 Rhenum

71 903 185 944 ejusve
223 913 343 934 nomen
376 914 440 935 uno
471 914 575 935 cornu
613 907 773 934 transeat.-

71 962 193 993 ncmpe
220 963 284 983 nou
311 954 442 991 longius
459 955 500 985 ab
518 954 657 986 Oceano
675 964 718 985 m.
739 964 772 994 p.

75 1010 183 1033 Lxxx.
211 1013 276 1043 quo
308 1009 421 1034 autem
451 1005 525 1035 loco
553 1005 668 1036 Caesar
699 1014 773 1034 cum

74 1053 252 1083 transitum
283 1055 506 1092 intellexerit,
528 1065 588 1094 pro
605 1060 701 1086 certo
717 1055 774 1084 ad-

74 1101 207 1132 firmare
234 1113 300 1134 non
326 1104 453 1134 ausim:
488 1105 646 1145 Vulgaris
671 1105 774 1136 lectio

74 1152 112 1182 ab
139 1163 173 1183 eo
199 1154 232 1184 in
261 1154 298 1183 0.
326 1153 431 1193 influit
457 1159 547 1185 esset
575 1155 775 1194 explicanda

74 1202 267 1241 durissime,
282 1208 319 1234 ut
335 1205 377 1234 sit
398 1204 436 1234 ab
451 1214 497 1241 eo,
516 1204 588 1235 scil.
606 1205 693 1243 loco,
710 1215 775 1246 quo

74 1253 197 1292 recipit
225 1253 389 1284 Vahalim.
435 1253 542 1285 Immo
568 1255 602 1285 in
635 1255 777 1286 Rhenum

71 1303 199 1341 transit,
225 1307 398 1333 auctorem
422 1303 607 1343 scripsisse,
630 1313 695 1335 non
718 1305 775 1335 ob-

73 1361 171 1382 scure
189 1351 346 1382 videntur
370 1351 509 1383 innuere
531 1354 634 1383 verba
652 1354 778 1385 Rhenus

73 1405 186 1432 autem.
225 1401 403 1432 Praeterea
418 1403 451 1432 in
469 1403 625 1434 Oceanum
643 1404 777 1435 transire

75 1461 136 1492 pro
163 1452 292 1492 influere
315 1452 435 1483 dubito
464 1462 506 1483 an
535 1454 692 1484 Latinum
720 1454 774 1484 sit.

75 1503 178 1533 Certe
196 1503 243 1532 ita
261 1512 425 1543 nusquam
444 1504 571 1533 (‘aesar.
619 1504 692 1534 Nec
719 1504 777 1535 ob-

75 1557 143 1583 stat
179 1552 338 1592 repetitio
379 1552 536 1583 Oceanum
574 1559 609 1584 et
644 1554 776 1584 Oceano.

76 1604 249 1643 Frequens
264 1603 352 1633 enim
377 1602 412 1633 id
433 1603 559 1633 Caesari
576 1612 649 1634 esse
666 1603 779 1634 docui-

78 1663 149 1685 mus
166 1654 207 1684 ad
225 1663 249 1684 1.
267 1656 320 1684 43.
334 1657 387 1685 4-1.
413 1658 448 1684 et
477 1663 515 1684 11.
533 1656 563 1686 9.
599 1653 686 1684 Aliis
702 1664 779 1684 con-

71 1704 220 1744 jecturis
259 1704 338 1733 olim
380 1708 513 1734 tentare
550 1704 638 1734 hunc
669 1704 778 1734 locmn

79 1763 254 1793 aggressus
282 1753 353 1791 fui;
390 1763 483 1793 quas,
511 1754 588 1793 quia
615 1754 686 1793 ipse
707 1753 778 1793 jani

79 1803 212 1842 damno,
248 1812 440 1844 proponere
479 1813 594 1843 operae
632 1804 778 1843 pretium

78 1863 145 1885 non
173 1854 266 1884 duxi.
323 1853 499 1894 Quidquid
531 1854 589 1892 sit,
621 1854 777 1893 copulam

77 1913 134 1944 que
163 1904 352 1934 necessario
387 1903 599 1934 inserendam
635 1902 778 1943 judico:

80 1958 258 1995 postquam
283 1954 371 1985 enim
394 1955 530 1984 Vahalis
561 1964 580 1984 a
604 1954 703 1985 Mosa
730 1963 780 1984 re-

78 2008 198 2044 ceptus
215 2008 277 2042 est,
294 2013 359 2035 non
377 2004 483 2044 primo
499 2002 647 2035 efficitur
669 2003 781 2033 insula

80 2054 304 2092 Batavorum3
321 2054 380 2085 sed
396 2054 616 2094 Vahalisjam
630 2053 688 2084 diu
701 2058 780 2083 ante

81 2102 287 2134 confluentes
316 2104 377 2144 (de
407 2104 528 2144 quibus
557 2112 589 2133 c.
611 2103 678 2141 15.)
703 2112 779 2133 cum

84 2153 201 2183 Rheno
239 2153 310 2184 sine
344 2154 442 2184 Mosa
480 2153 512 2183 id
557 2153 778 2192 praestiterat.

82 2202 173 2235 Quid
202 2202 228 2232 si
259 2212 300 2232 ex
326 2203 474 2233 lectione
510 2202 594 2233 Cod.
627 2202 714 2233 And.
746 2207 782 2233 et

81 2251 221 2282 aliorum
238 2261 282 2290 eo,
298 2250 423 2282 efficias
449 2253 637 2291 insulamque
660 2262 728 2282 cum
750 2262 783 2283 ea

83 2302 176 2344 efficit
192 2302 309 2333 Butae.
327 2306 391 2332 ἃς.
428 2302 556 2332 Verum
580 2301 713 2341 quidem
732 2306 784 2332 est

86 2354 243 2384 Graecum
289 2352 511 2391 interpretem
544 2356 581 2382 ut
611 2352 710 2392 vulgo
740 2352 787 2382 le-

84 2403 184 2443 gisse,
202 2402 261 2433 sed
279 2402 335 2432 ille
352 2407 529 2441 corruptos
553 2402 698 2433 Codices
718 2412 784 2433 uon

84 2463 182 2484 secus
196 2462 234 2483 ac
250 2453 309 2490 illi,
325 2452 380 2492 qui
398 2453 484 2482 hunc
502 2452 610 2482 locum
636 2456 703 2482 tam
727 2453 786 2483 mi-

86 2513 160 2534 sere
184 2503 445 2542 interpolarunt,
462 2507 597 2532 secutus
614 2506 678 2532 est.
724 2503 787 2533 Ce-

87 2559 194 2585 terum
230 2563 272 2583 ex
315 2552 395 2582 meis
433 2552 542 2583 Codd.
593 2552 699 2582 Bouh.
734 2561 786 2592 pr.

85 2603 177 2634 Leid.
194 2612 260 2633 sec.
279 2607 314 2633 et
330 2603 429 2632 Voss.
453 2611 521 2632 sec.
549 2606 626 2642 post
650 2601 787 2632 Batavo-

87 2663 156 2683 rum
176 2652 360 2683 inferciunt
386 2661 404 2682 e
428 2652 551 2683 Glossa
573 2662 640 2692 quae
655 2653 787 2692 adpella-

88 2707 140 2733 tur
167 2702 285 2734 Batua.
327 2703 405 2733 Pet.
423 2711 557 2743 quoque
587 2702 647 2733 dat
666 2702 788 2732 mitibus

86 2761 231 2794 passuum
250 2762 306 2794 per
319 2752 405 2793 fines
428 2761 537 2784 Lxxx.
568 2752 699 2784 Plinius
723 2752 787 2784 toti

1418 194 1530 234 1049

824 300 943 330 insulae
977 300 1076 331 modo
1101 301 1159 331 dat
1190 299 1337 339 spatium
1361 307 1380 329 c
1406 299 1528 329 milium

824 359 856 389 p.
881 350 948 380 Sea
973 351 1048 381 vido
1073 351 1174 382 I'out.
1200 350 1242 381 de
1262 350 1369 381 Rheni
1386 349 1525 381 Dii-ort.

824 410 852 430 c.
869 403 899 430 4.

867 454 886 479 8
913 451 1034 480 Oceano
1060 450 1332 491 adpropinquat-it]
1359 450 1530 481 Membra-

823 508 876 529 uae
914 498 1059 529 Andiuu·
1089 505 1124 530 et
1153 501 1339 531 (jxonicns.
1375 499 1530 530 Oceanum

823 550 1066 589 adpropinquat:
1091 550 1180 590 quod
1211 560 1290 580 sane
1319 560 1381 580 uon
1405 555 1531 580 temere

824 599 1076 639 spcrnendun1;
1130 600 1213 630 licet
1251 601 1374 640 ,sa-pius
1417 599 1533 630 dativo

825 655 940 680 utatur
982 655 1112 681 auctor.
1173 651 1273 681 Certe
1304 650 1530 690 adpropinquat

826 700 981 740 praetuli:
1007 700 1085 740 quia
1110 700 1158 730 ita
1186 710 1319 740 quoque
1343 700 1424 729 dant
1452 709 1528 731 cum

826 751 897 780 aliis
914 750 1109 787 Leidenses,
1128 751 1223 790 Egm.
1239 751 1334 780 Voss.
1353 755 1432 779 tert.
1449 749 1530 779 Sca-

825 802 883 840 lig.
908 802 999 832 Duk.
1019 802 1164 832 Dorvill.
1181 801 1267 832 Edd.
1287 801 1403 840 primae
1429 805 1464 830 et
1489 800 1529 830 R.

825 853 1002 892 Stephani,
1018 853 1116 883 Vasc.
1128 852 1276 885 Stradm,
1293 851 1444 891 aliaeque.
1468 858 1533 880 vn.

826 906 877 933 82.
894 903 902 919 ‘
922 902 1170 933 Munitionibus
1193 900 1534 941 adpropinquarent,'

826 952 859 982 in
880 952 976 982 Voss.
995 951 1100 991 primo
1118 951 1311 981 munitiones.
1343 952 1473 981 Auctor
1492 950 1534 980 B.

829 1002 928 1042 Hisp.
945 1012 975 1033 c.
990 1005 1021 1031 5.
1040 1004 1048 1019 ‘
1067 1001 1212 1032 fluminis
1236 1002 1325 1041 ripas
1350 1000 1533 1040 adpropin-

827 1051 994 1092 quantes)
1031 1052 1086 1082 Sic
1109 1051 1198 1081 enim
1218 1052 1301 1081 Mss.
1327 1050 1407 1080 ibid.
1433 1059 1462 1080 c.
1479 1051 1532 1080 30.

825 1103 1000 1143 ‘iniquum
1042 1102 1152 1132 locum
1187 1099 1529 1141 adpropinquassent’

827 1157 879 1183 est
895 1153 927 1183 in
941 1152 1036 1183 Leid.
1054 1161 1105 1192 pr.
1131 1152 1185 1182 Ita
1200 1152 1419 1193 propinquare,
1430 1150 1538 1191 proxi-

826 1212 910 1232 mare
925 1211 1001 1232 cum
1018 1200 1145 1232 Aecus.
1160 1201 1250 1241 apud
1265 1201 1359 1231 alios.
1396 1199 1484 1230 Vide
1503 1200 1537 1230 in

828 1252 988 1282 Miscell?
1003 1251 1184 1282 Observat.
1223 1251 1265 1282 ad
1306 1251 1407 1291 Apul.
1446 1251 1534 1281 Met.

828 1302 850 1333 l.
869 1310 920 1332 xi.
953 1312 984 1341 p.
1003 1304 1077 1332 248.
1106 1302 1114 1317 ‘
1134 1301 1254 1341 Ripam
1279 1300 1534 1341 proximamus!

826 1355 835 1369 ⁶
852 1352 965 1388 Naves
983 1351 1119 1381 adnarc’
1137 1356 1253 1382 noster
1266 1351 1306 1381 B.
1324 1351 1398 1382 Civ.
1414 1353 1521 1382 11014.

872 1404 909 1432 11
943 1401 1046 1441 Atque
1071 1401 1136 1431 ovis
1159 1401 1262 1431 avium
1293 1401 1396 1431 rivere
1426 1401 1535 1430 existi-

828 1451 965 1490 mantur]
1000 1452 1126 1489 Graeci,
1153 1457 1187 1481 et
1208 1451 1337 1481 Plinius
1363 1460 1401 1480 ac
1425 1451 1533 1489 Mela,

832 1502 934 1531 Oonas
951 1501 1136 1540 appellant.
1182 1501 1268 1531 Sane
1296 1506 1333 1531 ut
1359 1499 1455 1530 multi
1480 1509 1535 1530 vo-

829 1552 902 1581 lunt
932 1551 1097 1591 hodieque
1126 1557 1223 1581 vetus
1256 1560 1377 1581 nomen
1410 1550 1537 1580 retinet

829 1602 1010 1632 insularum
1034 1610 1112 1640 una,
1129 1611 1228 1642 quam
1246 1602 1417 1641 Eyerlaudt
1437 1610 1535 1631 voca-

830 1661 914 1682 mus.
954 1652 1069 1691 Negat
1086 1656 1198 1681 tamen
1216 1651 1395 1682 Cluverius
1411 1650 1454 1681 de
1471 1651 1534 1682 hac

831 1702 939 1732 insula
976 1701 1124 1731 scribere
1163 1701 1333 1731 Caesarem
1374 1701 1538 1740 poluisse.

830 1753 917 1782 vide
945 1752 1104 1782 German.
1131 1751 1203 1791 ejus
1232 1756 1321 1792 part.
1347 1754 1378 1782 2.
1406 1761 1437 1791 p.
1463 1753 1536 1782 134.

835 1801 971 1832 Vossius.

874 1855 913 1882 12
937 1851 1110 1891 qultisque
1138 1851 1293 1891 capitibus
1320 1851 1352 1881 in
1383 1852 1539 1881 Oceanum

829 1901 949 1942 influit]
988 1903 1112 1932 Rarum
1150 1911 1231 1932 sane
1265 1901 1356 1941 apud
1392 1908 1540 1940 veteres,

831 1953 912 1991 imo,
936 1953 1024 1993 quod
1041 1952 1179 1993 quidem
1205 1961 1269 1992 ego
1295 1951 1410 1990 sciam,
1436 1961 1454 1981 a
1481 1959 1540 1981 ne-

831 2003 919 2034 mine
941 2003 1005 2033 alio
1030 2009 1226 2042 usurpatum
1250 2002 1453 2032 vocabulum
1475 2001 1536 2032 hac

831 2054 979 2085 notione.
1039 2054 1124 2084 Nam
1164 2052 1296 2087 ἐκβολὰς
1336 2052 1536 2092 plerumque

833 2110 954 2135 vocant
981 2104 1071 2135 ostia.
1129 2103 1325 2143 Utcumque
1356 2101 1539 2133 Lambinus

832 2159 1014 2186 comment.
1029 2154 1070 2184 ad
1096 2157 1126 2185 l.
1147 2153 1270 2183 Horat.
1289 2152 1387 2183 odam
1407 2157 1545 2183 conteu-

834 2205 954 2236 tendat
980 2207 1084 2244 caput,
1109 2202 1243 2244 quando
1268 2202 1310 2233 de
1337 2201 1440 2232 fluvio
1461 2202 1544 2233 dici-

834 2260 900 2292 tur,
930 2262 1065 2293 semper
1096 2258 1215 2283 notare
1244 2251 1377 2282 ostium.
1439 2251 1541 2284 Quod

833 2305 924 2335 inter
948 2310 1076 2335 caetera
1103 2302 1283 2343 probatum
1309 2302 1335 2332 it
1359 2301 1408 2331 his
1426 2301 1545 2332 Maro-

835 2354 925 2384 ronis
956 2354 1069 2384 verbis
1102 2362 1144 2383 ex
1173 2352 1236 2383 Ge.
1269 2361 1318 2382 η’.
1349 2361 1434 2381 vers.
1468 2354 1544 2382 319.

834 2406 978 2436 ‘Tristis
1015 2405 1057 2435 ad
1088 2403 1232 2435 extremi
1269 2412 1401 2433 sacrum
1437 2408 1542 2443 caput

835 2456 943 2487 astitit
959 2454 1089 2486 amnis!
1124 2454 1191 2485 Sed
1209 2453 1348 2484 fallitur.
1384 2454 1470 2484 Nam
1488 2453 1542 2483 hic

836 2512 938 2546 caput
966 2507 1098 2537 omnino
1132 2510 1230 2536 notat
1269 2503 1398 2535 fontem
1429 2504 1545 2542 amnis,

836 2559 886 2588 uti
909 2562 944 2588 et
976 2558 1109 2588 Servius
1137 2555 1302 2593 affirmat3
1343 2561 1378 2585 ct
1409 2554 1542 2585 abunde

838 2608 891 2637 vel
905 2608 976 2638 sola
992 2617 1057 2638 vox
1081 2607 1163 2637 sacri
1180 2607 1318 2637 indicat.
1366 2606 1454 2636 Nam
1471 2603 1544 2634 fon·

838 2661 888 2687 tes
904 2655 1082 2688 fluviorum
1099 2657 1186 2688 sacri
1204 2655 1434 2687 credebantur
1451 2664 1545 2694 nym-

837 2707 922 2747 phis,
935 2717 1118 2748 earumque
1141 2706 1238 2738 sedes
1253 2714 1339 2735 esse.
1385 2703 1489 2734 Unde
1509 2709 1548 2735 et

837 2757 934 2789 Maro
951 2757 1051 2798 paulo
1069 2761 1147 2797 post
1164 2756 1212 2786 ait
1233 2754 1416 2787 Aristaeum
1433 2757 1546 2795 pasto·
