1818 3131
233 226 345 269 1116

275 337 296 365 ὓ
318 331 516 372 SuguIisque]
549 331 588 361 ln
620 341 695 372 quae
720 330 852 362 scilicet
884 340 933 361 re-

234 383 405 425 ponebant
435 392 534 412 manu
564 381 761 412 exhaustam
798 387 934 420 terram,

234 439 271 465 ut
286 433 371 463 bene
389 431 528 471 exponit
556 431 799 463 Hotomannus.
846 432 932 462 Nam

233 489 269 513 et
283 482 425 513 Graecus
454 482 582 519 χιτῶσιν
609 475 645 511 οῖ’
671 482 820 520 explicat
848 481 932 511 Oro-

234 532 300 562 sius
318 541 365 562 vr.
382 534 433 561 10.
460 534 468 548 ⁸
484 531 614 561 Gladiis
641 531 849 562 concidendo
869 537 933 562 ter·

233 592 304 612 ram
321 586 356 612 ct
385 581 508 621 sagulis
526 581 760 621 exportando!
808 583 932 612 Brutus

234 637 347 663 tamen
376 641 393 662 c
425 631 506 662 Cod.
539 633 670 661 Carrar.
696 636 729 661 et
754 631 814 662 Ed.
845 632 931 661 Flor.

232 682 362 714 sarculis
376 684 430 713 vel
455 692 529 713 cum
551 683 687 713 x'ascos.
708 681 843 720 surculis
865 692 932 712 ma-

233 734 326 764 vult:
353 734 431 774 quia
449 734 562 764 (arear
577 742 642 762 non
659 732 757 769 dicit,
771 742 827 762 eos
842 733 932 762 nulla

232 783 385 815 habuisse
401 783 618 818 feirmienta,
642 783 699 813 sed
718 787 850 812 tantum
867 783 933 821 illa,

234 844 309 875 quae
341 839 417 864 sunt
449 834 490 864 ad
520 832 781 863 exhauriendam
809 837 933 862 terram

234 885 365 915 idonea.
412 885 456 914 Et
473 885 568 914 certe
583 883 710 913 surculis
726 883 837 912 inveni
854 892 932 922 quo-

233 944 298 976 que
315 935 347 964 in
363 935 460 965 Voss.
474 934 621 965 secundo
636 938 670 964 et
682 933 832 973 margine
847 934 932 963 Dor-

232 983 348 1015 viliani
373 984 455 1015 Cod.
480 984 612 1014 surculis
635 983 668 1013 in
693 982 825 1013 Duker.
870 983 933 1013 Vc-

234 1044 306 1066 rum
324 1035 445 1066 cumbi
460 1035 525 1064 siut
537 1033 760 1064 recentissimi
775 1032 933 1071 Codices,

233 1095 353 1125 parum
383 1084 597 1115 auctoritatis
635 1084 699 1114 illis
738 1082 932 1114 adscribere

235 1135 341 1166 soleo.
388 1136 601 1175 Quamquam
635 1133 781 1173 ‘sagulis
808 1139 932 1164 terram

232 1185 435 1224 exhauriref
459 1190 495 1216 ut
513 1185 596 1216 mira
613 1194 677 1224 res,
692 1185 740 1214 sic
757 1184 932 1224 singularis

234 1241 287 1267 est
304 1236 441 1267 locutio.

274 1289 292 1317 7
321 1286 533 1326 Cogebantur]
562 1286 628 1317 Ms.
661 1287 744 1326 Reg.
775 1291 810 1316 ct
841 1285 932 1316 Edit.

233 1337 328 1367 Rom.
372 1337 568 1368 nitebantur:
612 1337 694 1367 Mss.
732 1337 854 1367 Eliens.
898 1341 932 1366 et

232 1387 745 1427 Vossii‚corruptc,ridebuntur.
791 1386 931 1417 Gra‘cus

229 1435 481 1476 ἠναγκάσθησαν.
514 1437 622 1467 Clark.
673 1436 860 1467 Videbantur
875 1445 932 1467 ex-

231 1492 302 1518 stat
328 1487 362 1517 in
389 1487 498 1527 Bong.
528 1487 647 1526 primo,
673 1495 741 1517 scc.
759 1486 933 1516 Vossianis

232 1536 354 1577 tribus,
375 1536 495 1568 Petav.
514 1536 588 1567 Pal.
619 1537 742 1567 Lovan.
770 1536 870 1575 Egm.
894 1545 932 1565 ac

230 1590 250 1619 4
273 1588 346 1618 aliis
361 1592 396 1619 et
421 1587 484 1618 Ed.
505 1587 576 1618 Iuc.
604 1586 767 1626 aliisque:
794 1585 933 1616 nitebun-

232 1641 284 1668 tur
301 1647 380 1669 vero
398 1638 431 1667 in
459 1638 567 1675 Bono.
584 1633 676 1666 >tert.
703 1635 814 1666 Ortel.
837 1635 931 1665 Leid.

232 1697 300 1718 sec.
317 1692 353 1718 et
369 1687 435 1718 alio
464 1692 566 1728 atque
593 1686 655 1717 Ed.
687 1686 827 1716 Mediol.
846 1686 932 1716 Veu.

232 1737 405 1777 Beroaldi,
418 1738 553 1768 Vascos.
570 1736 627 1767 sed
642 1746 830 1777 perperam.
878 1737 933 1766 Co-

228 1787 394 1828 gebantur,
410 1788 499 1828 quod
517 1798 536 1818 a
557 1788 641 1818 Mss.
660 1787 798 1817 Hotom.
817 1786 930 1817 Ursin.

232 1839 310 1879 Cuj.
338 1839 425 1869 Scal.
452 1837 546 1869 Leid.
574 1847 623 1876 pr.
649 1836 738 1866 And.
766 1841 802 1866 ct
819 1837 931 1867 Oxon.

230 1892 398 1926 servatur,
412 1892 585 1917 mutarunt
599 1887 658 1924 illi,
672 1886 728 1927 qui
743 1885 932 1917 credebant

231 1939 300 1978 cogi
328 1938 393 1969 huc
418 1948 483 1968 non
501 1937 696 1975 convenire,
726 1938 806 1977 quia
831 1936 932 1967 facie-

233 1989 316 2021 bant
340 1990 500 2019 volentes.
560 1987 660 2019 Quod
693 1987 775 2018 licet
812 1997 930 2017 verum

231 2040 288 2079 sit,
305 2039 486 2069 necessitas
505 2044 616 2068 tamen
641 2042 675 2067 et
700 2037 813 2076 inopia
829 2035 931 2067 ferra-

231 2094 421 2120 mentorum
446 2088 591 2127 cogebat
617 2096 688 2125 cos,
718 2087 782 2117 illis
810 2086 932 2117 instru-

231 2140 352 2171 mentis
370 2139 429 2177 uti,
447 2150 519 2180 qua:
537 2148 602 2169 non
619 2138 738 2169 idonea
762 2143 871 2177 crant,
896 2138 930 2168 id

233 2195 300 2228 est,
331 2190 339 2206 ‘
359 2190 489 2230 gladiis,
516 2189 682 2227 manibus,
715 2189 930 2229 sagulisque!

232 2240 320 2271 vide
336 2240 378 2270 ad
404 2249 452 2271 11.
470 2245 502 2270 «5,
529 2242 537 2256 ‘
553 2241 637 2271 Cum
663 2239 931 2269 'l‘ransrlieuanis

232 2290 398 2331 congredi
415 2289 620 2329 cogeretur)
666 2290 827 2320 Ceterum
856 2298 931 2319 cum

229 2341 306 2373 hinc
325 2341 497 2371 videamus
517 2342 586 2379 cogi
614 2344 649 2370 et
677 2339 734 2370 niti
760 2338 933 2379 confundi,

230 2391 342 2422 malim
372 2401 460 2421 nuuc
487 2401 528 2421 ex
560 2390 641 2420 Mss.
659 2390 764 2420 tribus
783 2390 815 2419 in
833 2390 933 2420 Fron-

233 2440 304 2472 tino
331 2441 442 2481 legere
468 2441 642 2471 niterentur
665 2439 717 2469 vel
743 2439 933 2469 eniterentur

232 2500 256 2522 1.
273 2493 322 2521 ll.
339 2491 355 2530 ᾧ
372 2494 402 2521 3.
450 2490 515 2520 Ubi
544 2489 597 2520 Ill.
627 2489 827 2519 Bouhierius
852 2498 930 2519 con-

225 2541 371 2582 jiciebat
387 2540 489 2571 etiam
514 2540 718 2578 erigerentur.

272 2594 293 2622 8
317 2591 455 2621 Minium
484 2600 628 2630 passuum
653 2598 698 2620 xv
735 2589 766 2619 in
800 2589 933 2620 circuitu

236 2641 434 2673 municionem
447 2639 655 2681 perfecerunt,
682 2639 864 2679 reliquisque
886 2640 934 2670 ‹li-

233 2692 304 2723 ebus
320 2695 432 2729 turres,
447 2690 515 2730 tia]
539 2689 647 2721 Addit
659 2690 800 2720 Orosius
818 2699 932 2721 nume-

235 2751 320 2781 rum,
336 2741 468 2772 scilicet
489 2748 573 2771 cxx.
619 2738 680 2770 Ait
705 2739 795 2769 enim
814 2748 860 2769 vr.
880 2743 930 2770 10.

230 2795 240 2809 ⁶
255 2791 319 2822 Vix
348 2791 454 2823 tribus
477 2791 568 2822 horis
598 2789 723 2822 vallum
742 2789 867 2831 pedum
893 2798 931 2831 x,

696 234 837 265 No'rAE
870 235 1132 265 VARIORUM
1167 234 1217 265 IN

984 330 1105 360 fossam
1123 330 1246 370 pedum
1266 337 1312 359 xv
1330 337 1390 368 per
1403 327 1508 360 millia
1523 337 1681 369 passuum

984 388 1030 410 xv
1049 381 1080 410 iu
1109 379 1252 409 circuitu
1281 377 1510 418 perfecerunt.
1556 378 1685 409 Praete-

984 440 1040 460 rea
1067 439 1139 460 cxx
1170 435 1281 459 turres
1310 429 1394 459 mira
1420 428 1599 459 altitudine
1625 438 1683 459 ex-

984 479 1187 511 ti·uxeruut.'
1244 480 1310 510 Sed
1351 479 1491 509 Orosius
1526 478 1682 509 confudit

983 531 1156 561 historiam
1189 531 1342 567 Caesarie,
1382 530 1436 570 qui
1468 539 1567 569 supra
1598 528 1685 560 dixit

986 583 1152 611 Romanos
1181 585 1231 610 tot
1264 586 1374 610 turres
1403 590 1466 610 una
1498 585 1597 610 nocte
1628 588 1685 609 ex-

984 631 1141 667 truxisse,
1177 630 1368 660 incredibili
1407 631 1593 661 eeleritate.
1638 630 1684 661 Et

983 681 1062 721 quia
1081 681 1135 710 liic
1153 680 1199 710 ait
1231 690 1364 720 quoque
1387 681 1502 710 Car-sar
1533 686 1642 710 turres
1666 689 1686 710 a

984 730 1091 760 Gallis
1107 734 1295 765 extructas,
1318 729 1374 759 ille
1392 739 1566 760 numerum
1585 739 1685 770 supra

984 781 1024 810 dc
1044 780 1202 810 Romanis
1219 780 1364 820 positum
1379 779 1516 819 adjecit.
1554 781 1684 811 Tamen

984 830 1191 861 incredibilis
1209 830 1265 860 illa
1283 830 1420 870 legionis
1435 839 1508 860 una·
1526 830 1684 861 celeritas

984 880 1088 911 fuerit
1106 886 1141 911 ut
1159 889 1229 911 cxx
1251 885 1361 911 turres
1377 890 1442 910 una
1470 885 1568 911 nocte
1595 880 1685 911 exci-

985 936 1108 963 tarent.
1154 931 1207 962 An
1223 931 1374 962 dicemus
1401 936 1495 961 recte
1511 931 1543 961 iu
1562 931 1684 963 Orosio

983 981 1062 1020 legi,
1079 986 1115 1012 et
1131 981 1339 1022 transposita
1356 982 1387 1011 in
1406 982 1539 1012 Caesare
1563 980 1685 1012 verba?

988 1032 1119 1063 Vossius.
1154 1033 1162 1048 ‘
1175 1032 1322 1062 Millium
1341 1041 1495 1071 passuum
1509 1040 1554 1062 xv
1573 1031 1606 1062 111
1621 1032 1685 1063 cir-

983 1082 1090 1120 cuitu,
1103 1082 1302 1113 munitionem
1325 1082 1564 1122 perfecerunt!
1599 1082 1683 1115 Mss.

984 1133 1067 1173 Reg.
1086 1136 1120 1164 et
1138 1133 1251 1163 Eliens
1293 1134 1301 1149 ‘
1319 1133 1439 1163 l'nllnm
1456 1133 1594 1164 millium
1611 1142 1685 1174 pas-

984 1194 1077 1214 suum
1110 1193 1158 1215 xv
1175 1184 1208 1214 in
1226 1184 1369 1215 circuitu
1387 1184 1590 1215 munitionum
1608 1193 1684 1225 pei·-

984 1233 1165 1265 fcccrunt.’
1211 1234 1372 1265 Nonnulli
1391 1234 1537 1270 codices„
1554 1237 1562 1251 ⁴
1575 1245 1594 1265 x
1611 1235 1684 1265 mil-

983 1285 1062 1315 lium
1095 1295 1248 1325 passuum
1281 1285 1438 1322 circuitn,
1465 1285 1683 1316 munitionem

980 1337 1092 1375 pedum
1138 1345 1188 1367 xv
1220 1336 1463 1377 perfecerunt!
1520 1336 1684 1367 Similiter

983 1386 1012 1417 G
1020 1396 1141 1417 raucus:
1159 1385 1336 1427 περίβολον,
1345 1386 1483 1427 περίοδον
1495 1385 1685 1425 ὀγδοήκοντα

982 1435 1103 1475 στάδια,
1143 1436 1214 1476 ὕψος
1251 1436 1283 1468 δὲ
1316 1436 1534 1468 πεντεκαίδεκα
1575 1435 1682 1477 πόδας,

982 1486 1187 1518 ἀπετέλεσαν.
1234 1488 1318 1520 Qua³
1336 1487 1424 1519 forte
1443 1488 1552 1518 verior
1568 1487 1684 1519 lectio.

983 1537 1080 1569 Adeo
1104 1543 1141 1568 ut
1157 1548 1175 1568 e
1193 1538 1363 1579 plerisque
1381 1538 1473 1568 libris
1487 1538 1610 1579 aliquid
1628 1547 1686 1568 ex-

983 1587 1106 1618 cidisse
1138 1587 1303 1619 videatur.
1353 1589 1460 1619 Clark.
1527 1588 1684 1619 'l'urliaut

983 1639 1036 1669 hic
1054 1640 1274 1670 vehementer
1291 1640 1372 1671 Mss.
1395 1646 1430 1671 et
1454 1639 1567 1670 Editi:
1594 1639 1683 1670 uude

984 1690 1087 1720 etiam
1105 1691 1360 1731 Metaplirastes
1378 1691 1512 1721 auctior
1535 1694 1585 1721 cst
1612 1690 1684 1721 vul-

983 1741 1094 1780 gatis3
1133 1745 1167 1771 et
1197 1751 1238 1771 cx
1272 1750 1312 1771 co
1343 1750 1362 1771 c
1394 1740 1563 1781 plerisque
1591 1740 1684 1771 libris

983 1791 1147 1822 excidisse
1179 1791 1258 1832 quid
1296 1791 1487 1831 suspicatur
1515 1789 1683 1821 Clarkius.

985 1840 1112 1871 Contra
1138 1841 1386 1878 Hotomannus,
1415 1840 1471 1880 qui
1502 1841 1623 1879 locum,
1649 1844 1685 1871 ut

984 1891 1082 1931 vulgo
1112 1891 1251 1931 legitur,
1281 1891 1458 1922 coustituit
1489 1901 1529 1921 cx
1562 1891 1684 1922 Orosio

984 1947 1018 1973 et
1035 1941 1147 1972 verbis
1164 1941 1436 1981 praeccdcntibus
1464 1941 1604 1982 hujusce
1622 1941 1684 1972 Ca-

984 1991 1078 2032 pitis,
1096 1993 1278 2031 auctiores,
1295 2001 1394 2032 quam
1418 1991 1557 2029 debent,
1575 1992 1684 2022 Mstos

984 2040 1094 2072 factos
1112 2051 1184 2072 esse
1207 2043 1378 2082 opinatur.
1426 2042 1492 2072 l'ro
1519 2042 1682 2072 ‘millium

983 2102 1138 2132 passuum
1154 2092 1356 2132 quindecim*
1381 2092 1509 2123 habent
1524 2092 1683 2133 simplici-

984 2146 1038 2172 ter
1062 2150 1085 2172 x
1102 2142 1219 2172 milium
1241 2142 1294 2172 vel
1320 2143 1420 2172 decem
1445 2152 1485 2173 m.
1514 2143 1595 2173 Mss.
1624 2143 1685 2174 Fa-

982 2192 1067 2230 erni,
1100 2192 1226 2229 Ursini,
1270 2192 1388 2232 Cujac.
1430 2192 1518 2223 Scal.
1555 2192 1682 2223 Audin.

982 2242 1075 2273 Leid.
1094 2242 1192 2282 prim.
1208 2243 1319 2273 Oxou.
1337 2247 1373 2273 ct
1389 2242 1475 2273 Edd.
1493 2243 1570 2274 Bas.
1581 2242 1682 2274 vase.

981 2291 1060 2323 Ald.
1080 2292 1211 2333 Gryph.
1229 2293 1405 2333 Stephani,
1435 2292 1585 2332 Cellarii,
1613 2292 1684 2323 alii-

982 2353 1059 2384 que..
1105 2343 1172 2374 Sed
1212 2343 1314 2374 iidem
1353 2344 1436 2374 Mss.
1475 2347 1511 2374 et
1548 2343 1610 2374 Ed.
1641 2343 1682 2374 R.

979 2393 1100 2433 Steph.
1129 2398 1209 2424 tunc
1237 2397 1311 2433 post
1336 2392 1535 2423 munitionem
1551 2391 1681 2423 addunt

980 2445 1053 2475 liaec
1072 2445 1183 2484 pedum
1200 2453 1267 2474 xv:
1294 2453 1368 2484 quae
1385 2443 1554 2482 scriptura
1578 2442 1680 2482 plane

981 2494 1138 2526 convenit
1152 2504 1227 2525 cum
1240 2494 1496 2534 Metaphrastc3
1516 2495 1556 2522 50
1573 2491 1682 2522 stadia

981 2544 1067 2575 enim
1085 2543 1236 2575 efficiunt
1263 2547 1302 2574 10
1325 2543 1413 2573 inilia
1442 2551 1619 2582 passuum:
1645 2546 1682 2572 et

981 2600 1076 2626 certe
1093 2594 1173 2625 satis
1190 2594 1338 2633 amplum
1365 2597 1418 2624 est
1442 2592 1590 2631 spatium
1617 2601 1681 2631 pro

981 2643 1214 2684 magnitudine
1237 2643 1453 2673 hibernorum
1467 2641 1562 2671 unius
1578 2641 1680 2681 legio-

981 2694 1044 2733 nis,
1063 2693 1109 2724 uti
1132 2693 1216 2723 bene
1233 2692 1389 2723 observat
1409 2692 1619 2729 Glareanns;
1643 2697 1680 2722 at

980 2744 1102 2775 mitium
1124 2744 1235 2783 pedum
1260 2751 1323 2781 xv,
1351 2743 1438 2782 quod
1455 2747 1507 2772 est
1533 2741 1568 2771 in
1595 2741 1680 2773 Mss.

980 2793 1096 2825 multis
1119 2797 1155 2824 et
1169 2792 1259 2825 Edd.
1284 2792 1413 2833 primis,
1426 2791 1523 2824 nimis
1539 2801 1679 2833 parvum
