1818 3131
319 199 413 228 mn.
450 198 514 227 iv.
548 196 654 225 CAP.
686 184 756 225 15.
794 194 855 223 nn
891 195 1045 224 nunno
1081 194 1310 224 miniaco.

91 294 202 333 agitur
226 293 267 323 de
292 296 363 323 toto
388 291 502 332 populi
538 289 591 321 vel
615 288 788 323 exercitus

90 348 273 380 conventu,
296 351 360 372 uon
376 341 418 371 de
443 339 556 380 paneis
577 338 787 369 consiliariis.

90 401 120 421 c.
147 394 195 421 19.
218 392 226 406 ‘
245 392 341 421 More
365 399 424 420 suo
448 389 588 420 concilio
614 387 742 418 habito'
769 398 787 418 e

93 441 177 471 Mas.
195 446 229 471 et
250 440 451 479 saepissime:
475 443 510 469 ut
538 438 658 468 crebro
685 438 788 468 moni-

93 497 163 522 tum
180 492 211 522 in
229 492 371 522 cassare.
398 498 430 520 v.
446 492 476 520 2.
502 489 561 519 ‘ad
578 489 718 520 concilia
733 496 787 518 ve-

90 541 200 572 nirez'
238 539 428 580 primorum
455 549 530 570 cum
561 539 603 570 de
635 539 786 570 barbaris

91 597 219 631 agatur.
250 599 313 621 vn.
345 593 397 621 05.
432 590 716 630 ‘convocatisque
746 589 786 618 ad

89 640 263 672 concilium
289 639 464 681 praefvctis
481 640 631 681 equitum
651 641 789 671 Vercin-

90 690 244 731 getorix,'
265 690 320 721 ubi
338 691 393 721 alii
411 691 539 721 malunt
554 691 722 721 consilium.

89 749 93 753 '
130 743 150 772 G
175 741 420 782 Per-turbantur]
455 741 508 772 lta
526 741 608 772 Mss.
632 747 667 772 et
684 741 787 772 Editi.

90 791 271 822 Postulare
298 797 407 821 tamen
436 791 571 822 videtur
597 796 787 832 temporum

91 841 191 876 ratio,
246 847 282 872 ut
336 842 467 881 legatur
514 842 787 881 perturbabuntur.

91 893 290 932 Quanquam
314 893 345 922 iu
370 902 405 922 re
430 893 608 932 praeterita
629 897 788 932 tanquam

90 941 252 980 praesenti
269 943 447 980 narranda,
471 941 552 973 ferri
572 952 705 983 quoque
732 952 789 982 pn-

91 996 161 1022 test
186 991 289 1022 lectio
315 993 463 1029 vulgata.
502 993 612 1023 Clark.
658 994 790 1023 Pertur-

93 1041 244 1076 inibantur
266 1046 317 1072 est
334 1042 364 1072 in
388 1043 460 1073 solo
487 1043 617 1073 Duker.
641 1048 676 1073 et
701 1043 788 1074 Edd.

90 1090 182 1129 Aldi,
198 1091 298 1121 Vas-c.
320 1091 465 1129 Stradoe,
489 1091 631 1132 Gryphii
656 1103 694 1123 ac
718 1094 790 1123 Ste-

92 1141 203 1181 phani.
247 1141 404 1172 Praesens
427 1141 677 1173 Historicorum
700 1143 790 1183 stylo

90 1192 261 1223 convenit.
307 1192 393 1223 vide
410 1192 451 1223 ad
470 1192 620 1224 Frontin.
640 1202 663 1223 1.
680 1196 711 1224 2.
729 1194 789 1233 §L

91 1247 125 1272 et
143 1252 243 1282 supra
259 1242 301 1273 ad
318 1251 342 1273 1.
359 1245 390 1274 8.
433 1243 593 1274 Ceterum
611 1252 790 1282 perperam

91 1292 124 1322 in
142 1292 229 1323 Edd.
247 1292 340 1331 Alai,
358 1293 516 1333 Guyphii,
531 1293 683 1324 Plautini
703 1293 791 1324 aliis·

93 1352 158 1382 que
175 1342 311 1374 additur
326 1346 359 1373 ut
373 1343 526 1383 copiasne,
539 1345 604 1374 διο.
626 1343 791 1381 nescirent,

92 1391 168 1432 quid
185 1396 368 1432 praestaret.-
384 1397 505 1423 contra
523 1393 643 1429 Mst0s‚
656 1398 690 1423 et
706 1392 791 1423 Edd.

94 1442 231 1482 primas.
277 1442 409 1473 Horum
433 1442 612 1473 verborum
634 1443 684 1472 vis
709 1442 792 1473 satis

94 1492 178 1523 latet
199 1492 232 1522 iu
254 1492 356 1522 verbo
378 1491 611 1532 perturbantur.
658 1492 713 1522 Sic
731 1501 792 1523 vu.

93 1544 146 1573 35.
171 1543 180 1559 ‘
196 1543 279 1573 Erat
302 1543 335 1572 in
361 1552 404 1573 m.
437 1542 562 1573 Caesari
589 1541 794 1573 difficultati-

93 1592 156 1623 bus
173 1602 237 1630 res,
254 1592 317 1630 ne,’
340 1596 405 1624 Sc.
433 1592 490 1623 ubi
507 1592 715 1633 subintelligi
736 1593 792 1623 de—

94 1642 151 1672 bet
167 1644 330 1674 metuenti.
374 1644 478 1674 Plura
492 1643 569 1673 vide
585 1644 675 1683 apud
699 1644 791 1675 Cort.

94 1691 137 1722 ad
164 1692 312 1723 Sallustii
339 1693 380 1723 B.
405 1693 481 1723 Cat.
510 1704 539 1724 c.
564 1696 617 1724 46.
652 1694 792 1724 ‘anxius

95 1747 182 1781 erat,
198 1743 277 1784 quid
294 1741 385 1774 facto
401 1753 486 1783 opus
501 1743 521 1773 :¹
539 1743 639 1783 vulgo
655 1743 792 1774 additur

97 1793 251 1824 dubitans.

136 1846 157 1874 9
185 1844 319 1874 Pristini
339 1843 418 1884 diei]
454 1844 613 1875 Pristinus
637 1845 704 1876 dies
730 1854 791 1885 pro

93 1904 133 1925 co
150 1893 205 1934 qui
234 1894 386 1934 proxime
402 1894 587 1933 antecedit,
600 1905 700 1936 quem
723 1896 792 1925 vul-

95 1954 156 1984 gus
183 1944 369 1975 P-ridiunum
395 1945 540 1976 diceret.
597 1947 672 1977 Hoc
703 1946 791 1977 idem

94 1994 316 2025 animadverti
338 1994 428 2035 apud
451 1996 650 2027 Ciceronem
675 1995 717 2026 de
745 1997 792 2027 0-

96 2050 160 2075 rat.
192 2053 216 2074 1.
245 2047 274 2075 8.
309 2044 387 2075 ‘Ibi
417 2049 456 2076 ut
482 2054 523 2075 ex
552 2046 698 2086 pristino
724 2056 792 2077 ser-

93 2104 190 2126 mone
208 2096 441 2127 relaxarentur
457 2097 556 2127 animi
574 2099 730 2137 omnium,
744 2108 793 2129 so—

96 2144 188 2176 lebat
214 2145 317 2176 Cotta
341 2145 500 2184 narrare‚’
525 2149 586 2178 &tx
635 2148 719 2178 Nam
744 2147 790 2178 ibi

97 2193 285 2235 pridianum
303 2195 375 2226 sine
392 2195 492 2226 dubio
509 2195 689 2236 significat.
726 2197 793 2228 Ησ-

97 2248 210 2275 toman.
256 2243 406 2284 nujusce
433 2245 689 2284 significationis
723 2247 793 2286 plu-

96 2304 146 2334 ra,
162 2304 260 2335 quam
287 2293 375 2325 forte
393 2295 526 2335 putavit.
549 2295 794 2336 Hotomannus‚

95 2351 215 2376 extant
231 2347 398 2386 exempla.
445 2346 582 2378 Curtius
606 2355 685 2377 vm.
706 2350 736 2378 4.
761 2351 793 2378 2.

96 2396 105 2412 ‘
121 2395 254 2426 Primus
278 2395 349 2426 dies
374 2396 524 2436 quietum
546 2396 612 2427 iter
635 2397 794 2437 praebuit,

97 2447 267 2486 proximus
295 2447 325 2477 ei
342 2446 488 2478 noudum
505 2446 640 2487 quidem
667 2447 795 2486 procel-

97 2498 188 2532 losus
202 2503 237 2528 et
251 2498 358 2528 tristis
373 2508 379 2527 :
403 2497 575 2528 obscurior
592 2502 704 2528 tamen
718 2497 796 2536 pris-

96 2547 182 2579 tirno!
227 2547 421 2579 Macrobius
443 2548 578 2578 Saturn.
603 2557 628 2578 1.
653 2551 684 2578 4.
709 2551 718 2564 ⁶
734 2548 797 2578 Die

95 2597 227 2638 pristine
242 2597 360 2629 eodem
377 2598 476 2628 modo
492 2597 682 2635 dicebatur,
705 2597 795 2638 quod

100 2647 311 2688 significabat
324 2648 375 2679 die
383 2648 528 2688 pristim,
543 2647 577 2678 id
592 2652 654 2687 est,
671 2648 795 2688 priore;

99 2697 190 2742 quod
214 2708 302 2730 nunc
327 2698 430 2739 pridie
461 2698 600 2737 dicitur,
634 2708 795 2729 converso

100 2749 349 2789 compositionis
375 2749 506 2790 ordine,
536 2748 630 2791 quasi
662 2749 797 2790 pristino

1428 184 1538 224 1053

838 288 908 318 die!
940 289 1026 320 Haec
1043 289 1189 327 sublegit
1204 298 1244 319 cx
1262 288 1303 319 A.
1317 287 1421 319 Gellii
1436 288 1538 319 Noct.

838 338 947 368 Attio.
966 342 1066 370 x.24.
1096 340 1201 371 Dru-Lx.
1246 339 1426 370 Suetonius
1451 337 1539 377 Aug.

838 397 869 418 c.
893 390 945 418 94.
970 390 1156 420 ‘somnium
1186 391 1335 430 pristinae
1359 388 1466 420 noctis
1491 387 1537 419 fa·

838 437 1021 468 miliaribus
1046 438 1133 470 sorte
1158 439 1338 470 narrabat?
1383 438 1469 470 Vide
1494 438 1538 468 sis

838 494 871 519 et
915 489 956 518 B.
988 488 1025 519 C.
1066 497 1090 518 ι.
1128 491 1181 520 74.
1218 490 1314 528 Idem,
1359 498 1431 519 cur.
1469 498 1537 519 sec.

839 538 938 569 Adde
959 539 1146 569 Brantium.

883 589 950 624 Quo
975 589 1007 619 in
1028 589 1091 619 Ioco
1115 588 1179 629 qui,
1201 589 1270 628 ihu]
1310 590 1364 620 Sic
1394 590 1476 620 Mss.
1503 594 1540 620 et

840 639 947 670 Editt.
975 639 1068 670 Vett.
1097 638 1240 670 Graecus
1268 640 1361 678 item,
1387 640 1437 670 καὶ
1463 641 1539 671 ’EN-

837 694 963 721 ΤΑΤΘΑ
976 688 1042 728 μέν.
1075 689 1307 728 Recentiores‚
1326 691 1462 724 Quorum
1478 691 1541 729 qui,

837 742 890 779 ξε.
937 739 1036 773 Quod
1054 739 1194 780 perinde
1212 744 1275 770 est.
1301 740 1406 770 Clark.
1453 740 1539 770 Edd.

839 791 975 832 quidem
1009 795 1143 821 veteres
1166 789 1294 820 habent
1317 800 1375 830 quo
1402 790 1434 820 in
1457 791 1540 825 loco;

838 851 903 872 non
922 851 1002 872 vero
1019 842 1102 872 Mss.
1127 840 1188 870 nisi
1214 849 1299 870 unus
1320 844 1356 871 et
1381 840 1467 870 alter
1491 849 1541 870 re·

840 890 992 928 centi0r3
1029 890 1086 921 sed
1103 900 1160 930 quo
1184 890 1260 928 loco,
1289 899 1365 920 cum
1391 889 1454 920 Ed.
1485 889 1540 920 In-

839 947 946 972 certa.
992 940 1041 972 At
1061 950 1188 979 quorum
1214 940 1364 980 Scaliger
1386 939 1495 970 edidit
1521 949 1540 969 e

840 1000 911 1028 suo,
930 995 965 1020 ut
984 989 1131 1027 videtur,
1157 989 1297 1026 ‹·odice;
1323 990 1376 1020 cui
1393 990 1542 1029 adstipu-

840 1041 952 1071 lantur
977 1040 1094 1080 Cujac.
1120 1039 1242 1070 Audin.
1270 1040 1383 1071 Oxou.
1408 1044 1444 1070 et
1469 1039 1542 1070 Lei—

839 1089 934 1122 dens.
955 1091 1094 1130 primus.
1141 1090 1239 1122 Quod
1266 1089 1392 1120 librarii
1411 1099 1474 1120 non
1492 1089 1541 1120 in-

840 1141 1009 1172 tellexisse
1026 1140 1195 1171 videntur.
1242 1140 1344 1171 Certe
1367 1139 1401 1170 id
1427 1148 1540 1170 rursus

839 1191 1021 1230 inmutare,
1037 1199 1101 1220 non
1123 1194 1198 1221 erat
1219 1199 1322 1230 opus:
1348 1200 1476 1230 quorum
1492 1199 1540 1221 sc.

839 1244 1011 1272 castrorum
1027 1240 1172 1271 immines.

884 1293 923 1321 14
946 1292 998 1321 Ad
1024 1301 1096 1330 quos
1123 1290 1352 1330 consectandos]
1386 1290 1543 1331 Legebat

841 1341 1077 1372 Hotomannus
1089 1343 1318 1372 conservandos.
1343 1341 1430 1372 Quia
1441 1345 1543 1381 putat

841 1391 1013 1422 Caesarem
1033 1391 1146 1430 potius
1168 1391 1474 1431 praetermissurum
1492 1390 1543 1421 fu-

841 1440 906 1471 isse
923 1441 997 1479 hoc,
1021 1451 1120 1482 quam
1138 1446 1174 1472 ut
1192 1446 1395 1472 memoraret
1411 1441 1539 1481 equita-

843 1495 912 1521 tum
943 1500 962 1520 a
988 1500 1023 1521 se
1054 1491 1211 1521 emissum
1235 1491 1276 1521 ad
1294 1490 1541 1521 concidendum

841 1550 957 1572 sexum
984 1547 1019 1572 et
1045 1546 1184 1573 aetatem
1205 1542 1388 1572 imbellem.
1435 1542 1541 1574 Quasi

841 1600 907 1621 non
923 1589 1082 1631 frequens
1098 1590 1179 1621 illud
1198 1591 1243 1622 sit
1267 1596 1302 1622 et
1318 1591 1404 1622 citra
1421 1591 1541 1623 crude—

839 1641 946 1672 litatis
963 1646 1088 1672 notam.
1137 1641 1227 1672 Hinc
1249 1642 1400 1679 Tacitus,
1427 1646 1463 1673 et
1486 1642 1544 1673 alii

842 1691 962 1722 toties:
996 1693 1004 1708 ‘
1020 1692 1097 1722 Non
1127 1698 1220 1728 aetaS,
1244 1702 1308 1723 non
1327 1703 1425 1724 sexus
1445 1693 1543 1725 mise—

841 1741 1007 1772 rationem
1022 1741 1174 1773 invenit.’
1201 1742 1317 1773 Caesar
1329 1743 1401 1782 ipse
1416 1745 1543 1774 v11.2S.

841 1791 920 1821 ‘Sic
943 1796 978 1821 et
1007 1790 1203 1822 Genabensi
1229 1792 1338 1830 caede,
1366 1797 1402 1823 et
1427 1793 1542 1823 labore

841 1841 953 1880 operis
981 1841 1125 1879 incitati,
1147 1851 1212 1872 non
1234 1846 1338 1873 aetate
1365 1841 1544 1880 confectis,

841 1900 907 1921 non
922 1890 1131 1930 mulieribus,
1143 1901 1206 1922 non
1224 1891 1546 1933 infantibus-peper-

842 1940 986 1972 cerunt!
1015 1941 1148 1972 Vossius.

886 2000 945 2022 xv.
968 1993 988 2021 3
1012 1992 1064 2021 Ad
1079 1993 1279 2033 confluentem
1297 1993 1395 2023 Mosoe
1411 1996 1441 2023 et
1459 1993 1544 2024 Rhe-

841 2043 889 2083 ni]
933 2043 1095 2075 Graviter
1132 2044 1356 2075 hallucinatus
1390 2050 1441 2076 est
1479 2045 1545 2076 Ph.

844 2094 1032 2132 Cluverius,
1057 2094 1114 2135 qui
1139 2095 1300 2126 German.
1328 2104 1366 2126 11.
1386 2097 1437 2126 14.
1459 2094 1544 2135 legit

841 2146 850 2161 ‘
871 2145 912 2175 ad
951 2143 1160 2176 confluentes
1202 2146 1339 2176 Jloselloe
1378 2150 1415 2177 et
1451 2146 1544 2177 Rhe-

843 2195 897 2232 ni‚’
922 2200 959 2226 ut
989 2195 1101 2226 multis
1128 2196 1341 2227 demonstrat
1364 2196 1463 2231 Joan.
1496 2195 1543 2226 Is.

844 2245 1019 2276 Pontanus
1037 2246 1180 2286 discept.
1207 2247 1369 2286 Ciiorogr.
1394 2246 1437 2277 de
1459 2246 1546 2277 Rhe·

845 2296 877 2326 ui
893 2296 1044 2327 divortiis
1068 2306 1097 2326 c.
1115 2300 1146 2327 5.
1178 2306 1210 2336 p.
1228 2299 1280 2327 27.
1305 2297 1416 2327 Dacis.
1464 2297 1543 2327 Con-

833 2345 939 2386 fluens
955 2351 991 2377 et
1011 2346 1198 2387 confluentes
1214 2352 1390 2387 utrumque
1408 2346 1546 2377 dicitur.

843 2397 932 2427 Vide
953 2397 1057 2428 Drak.
1076 2397 1118 2427 ad
1143 2397 1213 2427 Liv.
1231 2405 1280 2427 ιν.
1301 2399 1352 2427 17.
1370 2397 1379 2413 ‘
1395 2396 1449 2427 Ad
1465 2406 1544 2428 con—

844 2445 987 2478 fluentes
1003 2447 1182 2478 consedit.’

887 2498 906 2526 4
932 2497 1050 2535 Magno
1079 2507 1203 2527 numero
1229 2497 1403 2536 interfecto,
1433 2497 1545 2536 reliqui

844 2555 876 2576 se
904 2546 938 2576 in
957 2546 1078 2586 flumen
1100 2548 1389 2589 proecipiaem-erunt]
1435 2547 1544 2577 Nemo

847 2603 913 2628 tam
941 2598 1045 2637 rudis,
1059 2605 1118 2629 aut
1145 2599 1321 2638 imperitus
1338 2607 1463 2635 rerum,
1486 2597 1545 2637 qui

846 2646 1000 2679 fraudem
1016 2649 1160 2680 Caesaris
1177 2660 1218 2680 ex
1234 2649 1410 2688 ipsiusmet
1433 2646 1544 2678 verbis

847 2708 912 2729 nou
941 2698 1041 2731 facile
1071 2700 1223 2740 colligat,
1259 2699 1316 2739 qui
1355 2698 1544 2729 Germanos

848 2750 950 2781 trium
967 2750 1097 2781 dierum
1112 2750 1255 2780 induciis
1267 2747 1547 2790 confisos,itaque
