1915 3115
421 160 515 191 Lm.
549 161 581 189 ι.
611 159 718 189 cAr.
749 148 820 188 39.
855 158 916 187 ωε
952 158 1106 187 uuum
1140 157 1368 187 GAmAco.

170 265 287 288 vocem
322 264 397 287 eam
442 253 569 285 addere
615 252 746 291 debuit,
792 252 869 292 quia

171 305 337 346 praecedit
353 304 443 346 apud
459 314 534 335 eum
549 304 630 334 ὥστε
640 302 846 344 ταράττεσθαι
860 313 867 334 :

172 366 253 396 non,
270 361 307 387 ut
327 355 415 396 apud
434 355 612 394 Caesarem,
634 354 642 370 ‘
664 354 764 384 timor
780 363 871 384 men-

167 411 221 438 tes
243 405 446 446 occupavit.’
491 405 586 436 Nihil
613 413 695 444 ergo
712 413 796 444 opus
814 413 869 434 vo-

167 457 216 488 cis
232 456 329 496 hujus
355 455 569 496 repetitione,
586 464 686 496 quam
703 455 786 486 Mss.
803 463 869 485 non

168 507 383 545 confirmant,
422 511 649 547 praeterquam
678 505 810 536 Carrar.
834 510 870 536 et

167 563 237 589 tres
251 557 316 589 mei
334 557 541 588 recentiores
565 561 602 587 et
618 556 708 588 Edd.
726 556 867 587 Mediol.

167 609 253 640 Ven.
298 608 377 639 Sine
393 608 495 639 dubio
511 618 530 639 e
554 608 677 640 Glossa
692 607 868 648 marginali

166 658 198 689 in
215 661 346 690 textum
359 658 411 689 uic
428 658 575 699 irrepsit.

207 710 256 740 Ac
290 708 464 749 proefectis]
504 708 626 740 Delevi
659 708 870 749 conjunctio-

169 768 259 799 nem,
296 767 363 790 uon
397 760 637 799 necessariam,
661 760 867 791 auctoritate

168 812 335 854 Bongars.
361 822 412 853 pr.
444 822 511 844 sec.
541 813 664 844 Petav.
689 813 788 844 Leid.
815 822 866 853 pr.

168 864 267 895 Voss.
292 874 343 905 pr.
367 864 494 896 Lovan.
521 864 770 905 multorumque
787 864 867 893 alio-

167 924 263 946 rum:
288 924 349 945 nec
366 919 553 955 agnoscunt
576 923 650 944 eam
675 913 783 945 Codd.
807 914 868 944 Ur-

166 964 230 996 sini
249 965 336 996 Edd.
351 965 423 996 luc.
442 969 478 995 et
495 966 535 996 R.
553 964 672 1005 Steph.

211 1016 249 1045 11
276 1015 430 1054 Magnum
443 1015 612 1055 periculum
629 1015 867 1056 miserabantur]

166 1065 284 1097 Carrio
300 1065 383 1097 Ant.
401 1067 498 1097 Lect.
516 1075 570 1097 111.
589 1070 619 1096 8.
643 1065 675 1096 in
693 1066 766 1096 VV.
796 1067 865 1097 CC.

164 1117 307 1158 reperiri
332 1118 404 1149 haee
428 1123 542 1159 negat,
565 1123 602 1149 ut
627 1119 731 1149 etiam
759 1118 866 1150 Hoto-

164 1177 303 1200 mannus
326 1168 360 1199 in
386 1169 574 1200 Vaticano:
606 1173 642 1200 et
670 1169 805 1208 merito,
829 1174 865 1200 ut

165 1218 231 1249 illis
260 1218 407 1250 videtur.
453 1219 538 1250 Mihi
576 1219 721 1259 genuina
748 1220 865 1251 viden-

165 1271 239 1300 tur:
285 1274 321 1300 et
360 1270 499 1311 egregia
548 1271 757 1311 comparatio
800 1275 865 1311 est,

161 1318 347 1359 ‘Magnum
381 1320 570 1360 periculum
607 1320 866 1360 nilserabautur,

165 1368 256 1410 quod
294 1379 359 1400 non
396 1379 554 1410 magnum
591 1370 626 1401 in
656 1381 693 1402 re
727 1372 866 1402 militari

164 1430 262 1451 usum
288 1421 480 1452 habebant.'
539 1422 700 1462 Nugatur
731 1433 865 1463 quoque

166 1470 308 1502 Ursinus
332 1481 406 1502 cum
430 1482 491 1512 pro
517 1472 752 1511 miserabantur,
782 1474 867 1513 legit

165 1530 227 1551 esse
237 1520 394 1552 rebantur.
440 1521 496 1552 Sic
520 1522 732 1562 paulopost:
758 1524 766 1539 ‘
782 1523 866 1553 Cum

166 1570 386 1602 familiaribus
400 1572 466 1602 suis
480 1581 656 1603 commune
677 1572 865 1612 periculum

164 1622 437 1653 miserabantur!
488 1622 621 1654 Vossius.
680 1625 689 1639 ‘
705 1623 866 1662 Magnum

165 1672 354 1712 periculum
373 1672 636 1709 miserabantur,
661 1671 773 1713 quod‚‘
801 1675 866 1704 διο.

164 1723 302 1754 Desunt
315 1723 387 1754 haec
411 1723 445 1753 in
471 1723 621 1763 plurimis
638 1723 723 1753 Mss.
768 1723 867 1754 L'nde

164 1772 334 1804 excidisse
364 1773 535 1812 videntur,
573 1778 717 1813 propter
748 1781 867 1803 vocem

165 1832 309 1863 magnum
345 1823 498 1864 proxime
532 1822 727 1863 repetitam.
798 1823 866 1854 Pro

163 1871 401 1912 miserabantur,
424 1873 542 1913 legunt
565 1872 721 1904 Muretus
745 1876 781 1904 et
807 1873 867 1903 L'r-

166 1923 270 1962 sinus,
293 1932 355 1954 esse
382 1923 542 1955 rebantur.
601 1923 696 1956 Quos
726 1914 866 1964 ineptiae

166 1977 260 2006 recte
297 1973 410 2014 arguit
442 1974 594 2014 Vossius,
631 1983 707 2004 cum
753 1974 867 2005 Caesar

158 2024 233 2065 jam
269 2024 357 2055 infra
393 2024 513 2055 eodem
550 2023 649 2055 modo
687 2025 865 2065 loquatur;

165 2079 174 2091 ‘
193 2084 368 2106 commune
385 2075 576 2116 periculum
591 2075 865 2108 miserabantur:

167 2126 278 2157 Clark.
339 2126 390 2156 Ex
405 2126 530 2157 nostris
556 2126 650 2157 libris
673 2126 745 2158 haee
762 2126 866 2157 verba

164 2181 352 2216 agnoscunt
385 2176 602 2217 Cujaciauus,
638 2176 865 2217 Bongarsiani

163 2227 262 2266 prim.
276 2231 312 2258 et
328 2228 468 2258 secund.
481 2227 609 2259 Audin.
625 2227 739 2259 Oxou.
753 2228 866 2259 Vossi-

164 2276 220 2307 aui
236 2287 285 2317 pr.
310 2281 345 2308 et
368 2287 436 2309 sec.
450 2277 609 2309 Leidens.
628 2278 739 2318 prim.,
763 2277 812 2309 ita
828 2283 866 2309 ut

165 2326 321 2358 Vossiaui
337 2331 373 2358 et
385 2328 549 2368 Bougars.
563 2337 632 2360 sec.
647 2327 776 2360 addant
792 2338 863 2360 non.

162 2377 205 2408 111
230 2377 376 2409 Dorvill.
399 2378 550 2418 margine
571 2382 606 2408 ut
628 2388 775 2418 magnum
797 2389 863 2420 per.

165 2428 327 2460 Ceterum
354 2428 596 2460 misereabamur
621 2429 724 2461 habet
756 2431 864 2471 Bong.

163 2487 215 2519 pr.
231 2478 426 2510 mirabantur·
442 2480 475 2510 τ’·ιι
497 2483 564 2510 arte
589 2489 657 2511 sec.
680 2480 864 2512 misereban-

162 2531 216 2560 tur
232 2530 327 2561 Leid.
351 2540 402 2570 pr.
432 2540 534 2572 quare
558 2531 702 2561 Ursinus
726 2535 763 2562 et
788 2541 865 2563 cum

164 2588 205 2611 eo
220 2579 264 2611 A.
289 2581 446 2612 Muretus
474 2580 555 2612 Aut.
582 2582 650 2612 LL.
680 2590 715 2613 x.
744 2584 776 2613 4.
799 2592 866 2614 non

165 2629 249 2661 adeo
264 2631 351 2662 male
369 2631 593 2672 conjecerunt
616 2642 679 2663 esse
693 2632 842 2665 rebantur
855 2645 866 2665 .-

164 2689 366 2723 quamquam
392 2687 473 2713 tuuc
498 2683 634 2714 mallem
656 2683 764 2715 inesse.
808 2683 866 2716 Sic

165 2729 312 2762 Castalio
338 2730 423 2764 Obs.
450 2741 476 2763 1.
492 2735 524 2764 8.
539 2743 559 2764 e
575 2743 635 2765 suo
653 2733 780 2767 Codice
791 2733 865 2767 haec

249 2784 369 2826 Delpk.
385 2787 415 2818 et
436 2784 512 2819 Var.
529 2786 616 2820 Clas.

837 2787 946 2820 Caemr

1542 147 1628 187 945

922 251 1023 282 verba
1060 261 1195 293 quoque
1226 250 1373 281 delenda
1405 256 1548 282 censet:
1588 255 1626 283 et

919 307 1012 332 certe
1030 313 1093 334 nou
1110 308 1309 343 comparent
1337 311 1470 344 quoque
1499 302 1530 333 in
1556 302 1626 332 ulla

920 353 1118 384 Editionum
1134 355 1336 394 primarum:
1362 363 1472 394 neque
1490 353 1522 383 in
1540 353 1624 384 Vas-

922 412 991 433 COS.
1021 403 1167 443 Stradffl,
1206 405 1323 444 Stepll.
1364 403 1493 444 Gryph.
1533 403 1624 435 Edd.

923 454 969 484 Et
986 453 1066 494 quid
1084 454 1139 483 uic
1157 453 1297 494 faciant,
1315 465 1380 486 non
1395 453 1493 485 video
1512 464 1520 492 ;
1549 463 1628 485 eum

923 503 1011 535 infra
1043 504 1131 535 idem
1169 505 1262 536 dicat
1290 507 1414 543 (caesar,
1439 510 1475 536 et
1498 506 1625 536 rectius

922 555 999 586 loco
1045 565 1095 586 eo.
1155 555 1333 586 Praeterea
1365 565 1432 586 non
1471 555 1627 595 agnoscit

920 615 1053 647 quoque
1070 606 1213 636 Graecus
1230 606 1378 646 interpr.
1424 608 1539 638 Quare
1555 614 1626 638 sus-

920 656 1105 696 picorhaee
1133 656 1159 688 si
1188 666 1254 688 non
1283 656 1467 695 abundare,
1500 657 1623 688 saltem

920 711 1082 748 corrupta
1097 717 1184 747 esse,
1208 711 1244 738 et
1269 706 1339 738 fors
1362 717 1424 747 pro
1441 706 1626 738 miseraban-

919 760 972 787 tur
999 757 1217 788 scribendum
1255 756 1488 797 aversabantur,
1521 766 1624 788 sensu

920 816 999 839 sane
1035 807 1315 839 commodissimo.
1383 807 1527 839 Graecus
1576 807 1626 839 ait

920 858 954 888 οὐ
976 856 1057 888 πάνυ
1092 857 1166 899 πρὸς
1194 858 1266 890 τοὺς
1297 857 1451 889 ἐναντίους
1489 857 1627 897 ἄλκιμοι.

921 910 1040 940 Celsus
1066 910 1074 926 ‘
1093 909 1249 950 belloque
1277 908 1461 950 inexperti,
1485 914 1522 940 et
1548 908 1626 941 ideo

922 960 1095 991 adomnia
1122 960 1360 1000 trepidanteS.'
1407 959 1478 991 Aut
1501 970 1541 990 an
1568 970 1627 1001 po-

919 1012 986 1043 tius
1050 1011 1266 1042 scribendum
1324 1010 1628 1043 murmurabantur?

919 1061 1010 1104 quod
1036 1061 1173 1092 verbum
1197 1061 1384 1102 deponenti
1423 1062 1530 1093 forma
1569 1062 1629 1093 ali-

919 1114 1054 1155 quoties
1083 1113 1225 1145 adhibet
1248 1115 1358 1144 Varro
1387 1118 1423 1145 et
1448 1113 1526 1144 alii:
1552 1113 1626 1153 ipse

920 1164 1039 1195 Cicero
1065 1164 1114 1195 ita
1139 1165 1148 1181 4
1164 1164 1468 1196 Coumurmuratus
1495 1169 1548 1195 est
1575 1173 1627 1195 se-

919 1215 1008 1247 cum'
1031 1216 1065 1247 in
1083 1215 1243 1247 1’1son.c.
1263 1218 1316 1247 25.
1362 1216 1451 1247 vide
1479 1215 1626 1247 Falsteri

918 1268 1095 1307 Supplem.
1112 1267 1207 1308 Ling.
1225 1267 1367 1298 Latinae.

963 1320 1002 1348 12
1026 1318 1103 1348 Alia
1125 1327 1231 1348 caussa
1261 1317 1369 1357 illata]
1404 1318 1545 1349 Frustra
1572 1317 1628 1349 Ci-

919 1367 1078 1398 acconius
1118 1373 1154 1399 et
1192 1368 1334 1398 Ursinus
1368 1369 1465 1399 alluta
1495 1369 1627 1408 legunt.

918 1417 973 1448 Sic
999 1417 1132 1448 locutus
1159 1418 1276 1449 Caesar
1303 1418 1382 1448 belli
1412 1418 1503 1449 Gall.
1529 1419 1551 1449 l.
1584 1426 1626 1449 11.

919 1467 928 1484 ‘
946 1467 1055 1507 Hujus
1074 1467 1223 1498 adventu
1242 1478 1301 1507 spe
1323 1467 1419 1498 illata
1441 1467 1628 1499 militibus?

920 1517 966 1547 Et
996 1517 1131 1547 Hirtius
1163 1517 1330 1557 principio
1356 1517 1435 1548 belli
1480 1517 1627 1549 Alexan-

919 1565 1027 1597 drini:
1060 1568 1069 1583 ‘
1086 1566 1207 1607 Neque
1221 1577 1301 1597 vero
1325 1566 1566 1598 Alexandrinis
1591 1568 1626 1600 in

919 1615 1075 1654 gerendis
1101 1616 1245 1657 negotiis
1281 1617 1457 1648 cunctatio
1474 1618 1543 1649 ulla
1565 1625 1626 1651 aut

919 1667 1260 1698 morainferebatur!
1289 1664 1425 1700 Vossius.
1470 1669 1558 1701 Vide
1572 1670 1624 1702 el.

921 1719 1039 1750 Burm.
1056 1723 1092 1750 et
1108 1720 1249 1750 Prasch.
1269 1719 1311 1750 ad
1327 1720 1465 1751 Phoedr.
1492 1721 1576 1752 Fab.
1599 1731 1624 1755 1.

921 1773 951 1800 l.
977 1773 1008 1801 4.
1054 1770 1189 1811 ‘sui-gii
1205 1780 1357 1802 caussam
1373 1772 1513 1803 intulit!
1554 1774 1625 1804 Da-

922 1819 982 1851 vis.
1000 1819 1042 1850 ad
1055 1821 1096 1851 B.
1114 1821 1258 1862 Hispan.
1276 1831 1306 1852 e.
1334 1825 1365 1853 1.
1387 1822 1396 1839 4
1410 1823 1524 1864 aliqua
1541 1823 1625 1856 inse-

921 1870 1058 1902 rebatur
1071 1871 1213 1903 caussa!

963 1924 1001 1952 13
1037 1922 1251 1953 Necessarium
1287 1933 1351 1955 esse
1388 1923 1520 1966 diceret]
1568 1926 1624 1957 Sic

918 1976 1015 2002 recte
1032 1972 1099 2002 Ms.
1118 1973 1260 2004 Norric.
1284 1983 1360 2005 cum
1378 1975 1624 2007 vetustioribus

918 2021 1041 2052 editis:
1069 2023 1280 2055 recentiores
1310 2024 1399 2055 enim
1424 2025 1550 2056 habent
1572 2035 1624 2057 ne-

917 2072 1081 2103 cessariam
1111 2083 1174 2104 esse
1210 2075 1346 2106 duceret.
1401 2075 1470 2107 Sed
1506 2085 1626 2117 perpe-

916 2132 1012 2161 ram3
1049 2132 1090 2152 ea
1116 2123 1218 2163 enim,
1248 2134 1348 2165 quam
1369 2136 1439 2166 prae
1466 2136 1502 2157 se
1540 2126 1626 2159 fere·

914 2173 1009 2213 bant,
1057 2182 1160 2204 causa
1190 2184 1233 2206 ne
1269 2175 1320 2207 his
1359 2176 1496 2217 quidem
1543 2178 1626 2218 ipsis

915 2224 1100 2256 videbatur
1137 2226 1226 2266 talis,
1247 2231 1286 2257 ut
1309 2227 1545 2267 proficiscendi
1568 2238 1627 2260 ne-

915 2275 1112 2307 cc<sitatem
1155 2275 1370 2317 imponeret;
1405 2278 1503 2319 hujus
1544 2289 1625 2311 vero

917 2331 1089 2366 praetextu
1125 2332 1256 2359 tantum
1284 2333 1363 2360 suut
1400 2329 1450 2359 usi
1487 2339 1552 2370 quo
1582 2329 1626 2362 iis

917 2378 1064 2410 abeundi
1096 2379 1229 2420 copiam
1254 2379 1386 2411 faceret
1418 2381 1623 2421 imperator.

919 2430 1036 2461 Daris.
1064 2431 1212 2462 Diem-et.-
1236 2431 1284 2462 sic
1307 2432 1436 2472 optime
1448 2442 1490 2463 ex
1511 2432 1623 2463 Editt.

918 2480 1014 2513 Vett.
1048 2481 1229 2520 Davisius3
1253 2491 1329 2512 cum
1341 2482 1493 2522 Scaliger
1505 2487 1541 2512 et
1558 2482 1623 2513 Re-

918 2533 1091 2564 centiores
1121 2533 1209 2563 male
1243 2532 1624 2571 edidissent‚-—duceret.

918 2583 1074 2623 Graecus,
1098 2582 1219 2621 ἔλεγον.
1246 2583 1355 2614 Clark.
1410 2581 1624 2614 Confirmant

922 2633 957 2664 id
987 2633 1054 2664 mei
1076 2643 1192 2665 omnes
1217 2639 1344 2674 praeter
1369 2632 1503 2664 Dukeri
1533 2631 1622 2674 de.

919 2682 991 2724 qui,
1007 2687 1045 2714 ut
1061 2693 1196 2724 semper
1206 2682 1292 2723 fere,
1308 2693 1383 2714 cum
1399 2681 1622 2722 Cari-ariensi,

918 2733 1015 2775 cujus
1052 2733 1260 2766 auctoritate
1293 2736 1444 2765 mutasse
1465 2731 1622 2775 Scaliger

1456 2787 1478 2817 3
1501 2785 1533 2818 Ο
