1818 3131
368 203 461 232 mu.
498 201 562 231 ιν.
597 201 705 230 οΑΡ.
735 190 806 230 22.
842 201 903 230 nn
940 201 1095 231 nunno
1128 202 1356 233 GALLico.

131 295 290 337 aliisque:
310 304 412 337 quare
425 304 497 326 earu
510 293 563 324 hic
574 293 772 334 particulam
783 302 831 322 re-

132 347 239 377 tinere
254 346 359 377 satius
374 350 436 376 est.

173 399 215 426 20
248 394 450 435 Regionibus]
495 394 534 425 In
566 393 691 425 eisdem
721 393 828 425 Codd.

128 446 304 484 reg-ionibus
331 445 478 475 omnibus.
527 445 634 475 Clark.
681 445 830 475 Omnibus

129 495 281 526 invenias
298 503 430 535 quoque
455 494 488 524 in
513 495 679 534 Rongars.
707 494 827 525 Petav.

129 545 300 576 Vossianis
316 543 480 582 omnibus,
499 544 627 575 Lovan.
653 554 691 575 ac
715 545 828 575 multis

129 594 214 634 aliis,
245 598 281 625 et
317 594 403 625 Edd.
429 595 600 635 plerisque
628 595 723 625 Vett.
760 594 828 625 Sed

127 644 215 675 ratio
241 648 276 675 et
302 654 396 675 mens
427 645 570 676 Caesaris
598 644 629 675 ei
657 645 828 675 adversari

126 693 284 725 videtur:
317 704 422 734 quare
446 695 570 725 rectius
591 694 703 725 omisit
719 694 829 725 Meta-

127 744 294 785 phrastes,
329 745 378 775 uti
417 750 451 775 et
482 745 592 776 Codd.
624 743 711 775 And.
740 745 827 775 Scal.

127 795 224 826 Laid..
262 805 313 835 pr.
352 796 463 827 Oxou.
498 800 534 827 et
571 796 657 828 Edd.
689 797 826 828 Vascos.

126 845 285 886 Grypliii,
303 846 477 886 Stephani,
495 847 608 877 I’lant.
623 851 658 877 et
675 855 768 887 seqq.

169 903 262 926 xxu.
299 898 316 925 3
351 895 392 926 Sc:
422 897 459 926 (Ie
487 895 654 936 superioris
682 897 829 936 temporis

124 946 249 977 consilio
274 946 472 986 excusarent]
502 948 579 979 Quo
595 946 711 987 fiebat,
728 952 764 978 ut
782 947 827 978 le-

125 1000 221 1037 gatos
237 996 280 1027 ad
292 997 461 1028 Caesarem
476 1007 540 1028 non
558 998 746 1037 mitterent,
759 997 827 1028 bel·

125 1048 262 1088 lumque
278 1048 318 1078 iis
333 1048 463 1079 illatum
482 1049 730 1089 propulsarent.
759 1048 828 1079 Ro-

124 1097 214 1128 mani
230 1097 331 1137 enim,
352 1102 390 1129 ut
407 1098 488 1138 ipsis
505 1099 610 1129 visum
631 1103 696 1137 est,
713 1099 825 1139 singu-

124 1147 268 1188 larijure
281 1148 474 1189 gaudebant
487 1159 495 1186 ;
519 1147 583 1179 illis
594 1149 683 1179 enim
695 1149 825 1180 licitum

123 1201 207 1237 erat,
223 1198 356 1238 quosvis
384 1208 445 1238 pro
470 1198 570 1229 libitu
593 1198 745 1239 aggredi,
767 1208 826 1239 po-

125 1247 223 1287 pulus
245 1252 371 1288 autem,
387 1248 445 1289 qui
467 1258 517 1287 se,
541 1258 667 1290 suaque
683 1259 748 1280 non
768 1249 825 1280 de-

123 1296 234 1336 deret,
247 1298 415 1338 piaculum
427 1298 641 1331 admittebat.
675 1299 750 1330 Nec
762 1299 825 1330 soli

123 1347 186 1378 hac
202 1346 237 1378 in
252 1357 288 1378 re
310 1354 428 1379 contra
439 1349 611 1388 justitiam
627 1353 826 1390 peccarunt,

126 1402 163 1429 ut
186 1403 330 1439 apparet
345 1409 387 1430 ex
411 1400 524 1439 modo,
542 1410 607 1441 quo
623 1409 703 1441 erga
723 1401 826 1432 Musi-

123 1458 244 1480 canum
281 1459 315 1480 se
355 1450 456 1489 gessit
486 1449 693 1482 Alexander.
737 1451 825 1482 vide

123 1497 303 1529 Arrianum
318 1498 358 1529 de
382 1499 468 1539 Exp.
489 1499 589 1531 Alex.
611 1501 633 1531 l.
649 1510 678 1530 v.
701 1509 734 1540 p.
751 1503 824 1532 134.

123 1548 236 1579 Daris.

165 1601 185 1629 4
214 1599 340 1629 Nostrae
355 1600 585 1631 consuetudinis
600 1600 756 1640 imperiti]
771 1600 826 1640 Ig-

124 1647 196 1678 nari
225 1647 394 1687 Populum
420 1648 610 1680 Romanum
637 1659 703 1680 uon
726 1649 826 1680 modo

124 1695 825 1737 crgadedititioshumanitatemexercere‚

124 1745 184 1776 sed
202 1750 238 1777 et
260 1755 318 1777 eos
340 1756 358 1776 a
375 1746 560 1777 vicinorum
580 1747 709 1787 injuriis
732 1750 825 1778 tutos

124 1800 287 1836 praestare
303 1796 449 1827 solitum.
485 1797 582 1828 Idem.

165 1848 186 1877 6
201 1845 287 1886 Sibi]
306 1847 412 1877 Deest
430 1846 463 1876 iu
480 1846 561 1877 Mss.
574 1850 610 1877 et
625 1846 720 1877 Vett.
738 1845 825 1877 Edd.

124 1896 231 1927 Clark.
269 1896 310 1927 In
326 1896 392 1927 suis
409 1895 590 1927 codicibus
615 1900 728 1926 tamen
751 1905 824 1927 esse

123 1946 254 1977 monuit
269 1945 424 1985 Ursinus,
450 1950 552 1986 atquc
573 1950 728 1976 servatur
742 1945 825 1977 item

124 1995 157 2026 in
173 1996 297 2037 Scalig.
315 2001 349 2027 et
366 1995 461 2027 Leid.
479 2005 531 2036 pr.
548 1996 597 2027 uti
620 2000 655 2027 et
677 2006 698 2027 a
715 1997 825 2028 Meta-

123 2046 274 2086 phraste.

168 2098 209 2126 12
224 2096 364 2127 Navibus
377 2097 501 2128 circiter
514 2096 626 2136 Lxxx]
637 2096 703 2128 Ms.
716 2096 822 2128 Norv.

124 2143 220 2176 editt.
258 2145 358 2177 Rom.
395 2147 481 2177 Ven.
519 2147 661 2188 aliaeque
697 2146 826 2178 habent

126 2202 328 2226 ncccnxxx.
371 2196 439 2226 Sed
456 2206 516 2236 pro
534 2197 670 2236 vulgato
686 2206 825 2228 numero

123 2248 195 2275 stat
226 2245 367 2276 Orosius
396 2246 418 2276 1.
449 2255 495 2276 vl.
527 2251 565 2277 ut
595 2252 631 2278 et
661 2256 712 2277 res
743 2247 825 2288 ipsa.

126 2294 241 2326 Dacis.
271 2297 281 2312 ⁴
301 2296 365 2326 Eos
382 2295 416 2326 in
432 2295 534 2326 fidem
551 2296 692 2337 recepit.
723 2296 827 2327 Navi-

125 2344 380 2377 bus—coactis!
405 2345 460 2376 Ita
471 2355 513 2376 ex
527 2347 608 2378 Mss.
619 2347 724 2378 Editt.
740 2352 825 2379 vett.

125 2399 163 2427 et
177 2396 299 2427 Graeco
323 2396 517 2436 Interprete
541 2397 686 2427 restitui.
722 2397 826 2428 Scali-

127 2455 188 2486 ger
217 2452 252 2477 et
283 2446 485 2477 recentiores
523 2455 648 2485 omnes,
682 2447 828 2487 pessima

125 2495 414 2537 interpunctione,
454 2496 654 2527 sententiam
694 2506 827 2537 prorsus

125 2546 326 2585 turbarunt,
350 2549 359 2564 ‘
375 2556 432 2578 eos
456 2547 490 2577 in
509 2546 610 2577 fidem
625 2547 757 2587 recepit
770 2557 827 2578 na-

127 2596 242 2636 vibus,'
270 2599 332 2628 osce.
359 2597 442 2628 Mss.
472 2597 556 2636 Reg.
582 2601 617 2627 et
643 2596 767 2627 Eliens.
792 2601 827 2628 et

127 2644 219 2682 Edit.
230 2646 325 2677 Rom.
339 2646 479 2687 aliaeque
489 2646 617 2678 habent
629 2649 703 2678 880.
718 2648 826 2678 Clark.

130 2694 328 2736 octingentis
348 2697 506 2737 octoginta
528 2697 629 2728 etiam
655 2697 738 2728 Mas.
761 2698 826 2729 mei

1468 194 1583 236 1063

881 299 915 325 et
932 295 1026 327 Voss.
1046 305 1098 336 pr.
1112 296 1328 337 Ineptissime
1339 305 1431 328 sane.
1455 297 1583 329 Verum

881 353 1054 376 numerum
1072 352 1208 378 servant
1223 348 1342 378 Petav.
1354 347 1582 387 Scalig.Leid.

880 394 978 433 prim.
1012 395 1124 427 Oxon.
1156 401 1191 427 et
1219 398 1284 428 alii.
1347 397 1474 428 Menda
1511 397 1584 428 sine

880 442 983 474 dubio
997 454 1015 474 e
1033 445 1243 477 Glossemate
1262 452 1341 478 nata
1357 451 1417 478 est.

924 496 962 524 1⁵1
1006 495 1143 525 Navium
1177 496 1352 537 longarum]
1393 497 1451 528 Sic
1482 501 1583 528 vocat

879 553 1099 585 quascunque
1128 546 1305 585 militares,
1345 557 1384 577 ac
1416 546 1583 578 onerariis

880 596 1038 635 opponit,
1064 600 1102 626 ut
1137 601 1171 626 et
1204 597 1319 628 Graeci
1349 598 1449 638 μακρὰ
1475 599 1585 629 πλοῖα.

878 644 968 675 Vide
989 645 1024 676 J.
1043 644 1082 676 Α.
1102 646 1237 676 Bosium
1254 647 1295 677 ad
1313 647 1414 678 Corn.
1438 646 1581 687 Nepotis

877 693 1042 724 Themist.
1060 703 1089 725 c.
1104 697 1134 725 2.
1152 699 1182 726 5.
1199 699 1233 725 et
1247 695 1347 727 Joan.
1372 695 1582 727 Schefserum

880 744 953 775 Mil.
974 745 1062 775 Nav.
1080 753 1120 775 11.
1135 748 1167 776 2.
1208 745 1323 776 Dat-is.

922 798 962 826 16
995 796 1074 830 Quoe
1089 805 1128 826 ex
1143 805 1177 827 eo
1192 797 1255 826 loco
1278 795 1411 826 millibus
1423 794 1582 836 passuum]

879 845 1083 876 Ciacconius
1099 845 1305 885 ambigebat,
1325 855 1365 876 an
1388 846 1529 885 legeret,
1544 855 1585 876 ex

877 905 910 926 eo
925 896 986 925 loco
1000 905 1019 925 a
1042 895 1177 926 millibus
1197 906 1229 935 p.
1259 896 1349 928 Quia
1372 896 1441 926 1.v.
1465 895 1581 926 Caesar

878 945 925 976 ait
941 955 960 975 a
975 946 984 962 ‘
997 945 1144 975 millibus
1162 955 1320 985 passuum
1334 944 1487 976 duobus?
1515 944 1584 976 Sed

879 995 1056 1026 attendere
1082 994 1261 1034 debuerat,
1284 994 1374 1025 aliud
1392 1003 1464 1025 esse
1487 1004 1527 1024 ex
1549 1003 1583 1025 eo

877 1047 938 1076 loco
953 1055 973 1074 a
987 1044 1123 1075 millibus
1134 1053 1278 1084 passuum
1299 1043 1427 1082 duobus,
1450 1043 1541 1073 aliud
1565 1053 1585 1074 α

877 1096 1013 1127 millibus
1026 1105 1170 1135 passuum
1181 1094 1306 1125 duobus.
1342 1094 1432 1125 Nam
1449 1093 1584 1134 quando

876 1146 962 1178 illud
976 1156 1015 1177 ex
1025 1155 1059 1176 eo
1071 1146 1134 1176 loco
1146 1145 1288 1184 retines,
1301 1143 1489 1175 abundabit
1499 1143 1536 1173 τὸ
1548 1154 1583 1174 a:

877 1196 1011 1238 quando
1039 1206 1059 1226 α
1082 1195 1220 1234 retines,
1247 1202 1493 1234 supervacuum
1516 1193 1585 1225 erit

875 1246 960 1277 illud
987 1255 1026 1277 ex
1056 1255 1090 1276 eo
1119 1246 1194 1276 loco.
1240 1244 1379 1276 Vossius.
1420 1243 1584 1274 Nonnulli

878 1297 987 1329 Codd.
1015 1307 1056 1328 ex
1073 1307 1107 1327 eo
1133 1297 1197 1327 loco
1212 1306 1231 1327 α
1253 1295 1402 1326 millibus.
1434 1295 1479 1326 Et
1502 1293 1584 1326 alibi

876 1348 1012 1389 quidem
1040 1347 1089 1378 ait
1115 1347 1229 1378 Caesar
1254 1345 1263 1362 ‘
1286 1355 1306 1376 a
1335 1344 1482 1376 millibus
1508 1353 1584 1385 pas-

878 1397 995 1429 suum!
1026 1397 1095 1428 Sed
1121 1397 1262 1427 Vossius
1285 1395 1493 1427 contendere
1515 1404 1583 1426 non

876 1448 948 1479 siue
964 1448 1094 1479 ratione
1107 1447 1254 1487 videtur,
1265 1446 1469 1477 locutionem
1482 1446 1583 1476 istam

877 1502 953 1539 post
969 1506 1069 1528 voces
1085 1507 1124 1528 ex
1138 1506 1170 1528 eo
1185 1497 1245 1526 loco
1262 1495 1371 1526 minus
1387 1495 1583 1528 convenire.

879 1547 988 1578 Clark.
1021 1546 1248 1578 Nihilominus
1275 1544 1313 1575 ab
1342 1545 1467 1575 milibus
1492 1545 1584 1575 exhi-

876 1596 959 1628 bent
979 1596 1046 1627 Ms.
1064 1595 1210 1634 Brantii,
1233 1596 1397 1634 Bongars.
1415 1604 1467 1635 pr.
1483 1595 1582 1626 Voss.

878 1657 929 1687 pr.
946 1647 1039 1677 Leid.
1055 1655 1105 1687 pr.
1125 1646 1246 1677 Petav.
1266 1646 1393 1676 Lovan.
1410 1644 1581 1685 Egmund.

878 1700 914 1726 et
926 1696 983 1726 alii
1001 1699 1146 1736 quatuor
1162 1704 1239 1725 cum
1252 1694 1317 1725 Ed.
1332 1694 1406 1725 Inc.
1423 1704 1443 1724 a
1458 1694 1584 1725 milibus

877 1745 1012 1776 Duker.
1027 1745 1125 1775 Voss.
1153 1748 1233 1774 tert.
1258 1748 1294 1774 et
1317 1743 1405 1775 Edd.
1424 1743 1524 1775 Rom.
1542 1754 1583 1775 ac

878 1794 1024 1825 Mediol.
1049 1803 1149 1835 quein
1174 1803 1373 1824 consensum
1398 1804 1461 1834 ego
1484 1803 1581 1826 vene·

876 1849 968 1875 ratus
983 1844 1020 1874 ab
1036 1842 1175 1874 inserui.
1214 1843 1257 1873 V.
1273 1843 1360 1874 infra
1377 1844 1420 1874 ad
1438 1853 1487 1875 vr.
1505 1847 1536 1875 7.

918 1900 957 1928 21
968 1897 1192 1928 Deducendum
1203 1895 1250 1935 d.]
1262 1895 1347 1926 Mss.
1356 1897 1441 1936 Reg.
1454 1896 1580 1928 Eliens.

875 1951 911 1978 et
938 1947 1048 1978 Vossii
1078 1950 1115 1978 et
1151 1945 1238 1977 Edd.
1271 1947 1366 1978 Vett.
1398 1948 1581 1980 ducendum.

878 1998 987 2029 Clark.
1013 1997 1023 2014 ‘
1038 1995 1305 2028 Deducendum’
1333 2006 1351 2027 e
1369 1997 1436 2028 suis
1457 1997 1581 2029 codici-

876 2048 939 2079 bus
965 2047 1129 2088 produxit
1157 2046 1323 2084 Ursinu53
1364 2051 1400 2077 et
1426 2055 1469 2077 ex
1496 2047 1579 2078 meis

876 2101 1064 2138 agnoscunt
1100 2095 1268 2135 Anffluus,
1308 2097 1427 2138 Cujac.
1456 2097 1580 2139 Scalig.

874 2148 971 2180 Leid.
993 2148 1090 2189 prim.
1117 2152 1151 2178 et
1178 2147 1288 2178 Oxon.
1318 2148 1376 2188 qui
1403 2157 1463 2179 suo
1486 2157 1580 2179 more

875 2199 1087 2240 conspirant:
1106 2198 1264 2240 quocirca
1276 2199 1377 2229 etiam
1387 2199 1580 2231 nihilmuto.

876 2250 1050 2290 Frequens
1072 2253 1184 2279 autem
1209 2249 1242 2279 iu
1265 2248 1314 2279 his
1339 2253 1390 2280 est
1412 2248 1579 2282 confusio.

876 2300 964 2331 Vide
978 2300 1028 2332 Cl.
1044 2299 1223 2331 Drakenb.
1243 2300 1286 2331 ad
1303 2300 1436 2332 Livium
1452 2310 1508 2333 111.
1524 2303 1579 2333 62.

877 2351 971 2382 Cort.
999 2350 1042 2381 ad
1058 2350 1138 2381 Sall.
1157 2350 1257 2381 Catil.
1282 2354 1334 2383 55.
1359 2361 1462 2392 supra
1484 2360 1509 2382 1.
1525 2353 1578 2381 43.

873 2400 883 2416 ‘
912 2400 1078 2441 legionem
1115 2401 1210 2442 equis
1244 2400 1452 2434 devexerat!
1491 2402 1577 2433 Mss.

875 2449 1028 2491 plerique
1053 2451 1139 2481 male
1164 2454 1301 2481 vexerat.
1343 2451 1473 2482 Eadem
1494 2450 1579 2481 vari—

875 2500 944 2531 atio
972 2510 1002 2532 c.
1034 2503 1087 2531 38.
1141 2501 1150 2518 ‘
1171 2500 1211 2532 In
1238 2501 1288 2532 M.
1316 2500 1399 2532 fines
1424 2501 1576 2541 legiones

875 2550 1041 2583 duxeratss
1071 2561 1105 2582 v.
1122 2554 1175 2583 24.
1207 2552 1216 2567 ‘
1234 2552 1399 2592 legionem
1423 2552 1454 2581 in
1475 2551 1579 2582 Mori-

875 2610 934 2633 nos
948 2601 1136 2633 ducendam
1147 2601 1242 2633 dedit
1257 2602 1276 2632 :’
1290 2607 1324 2633 et
1337 2602 1479 2632 millies:
1494 2611 1579 2641 prae-

875 2649 946 2681 fero
975 2652 1142 2692 simplex:
1187 2662 1264 2683 nam
1298 2653 1444 2682 deducere
1480 2654 1578 2683 notat

874 2702 976 2742 vulgo
992 2703 1046 2733 vel
1061 2702 1220 2741 abducere,
1231 2702 1273 2731 V.
1291 2701 1333 2731 ad
1350 2709 1390 2730 11.
1404 2702 1455 2731 33.
1474 2701 1527 2732 vel
1542 2701 1577 2732 in

129 2744 343 2788 undecim,in
367 2747 488 2788 quibus
508 2747 574 2788 ipsi
591 2747 758 2789 Bongars.
773 2757 824 2789 pr.
870 2752 997 2793 planum
1018 2754 1139 2793 ducere,
1163 2755 1222 2783 aut
1245 2751 1278 2782 in
1301 2752 1423 2791 longum
1445 2751 1575 2784 ducere.-
