1818 3131
206 182 319 223 1320

206 287 311 318 riores
330 286 486 317 Editores
507 285 677 326 incepisse
703 285 745 316 ab
761 285 825 315 illis
843 284 908 315 115⁸

204 336 294 367 rebus
330 335 407 372 conf.
475 336 569 366 Bene
597 336 669 376 jam
703 335 906 376 Stephanus,

205 386 369 425 Scaliger,
387 386 509 426 aliique
521 386 711 425 junxerunt
728 395 803 417 cum
821 396 906 426 prae-

205 435 403 466 cedentibus
430 436 601 474 tribuisset,
627 436 765 477 reliquis
788 446 907 477 paren-

206 486 290 516 thesi
307 486 457 525 inclusis,
473 486 562 527 quod
579 492 717 518 secutus
734 497 818 519 sum.
865 488 905 519 In

203 536 378 566 Vossianis
408 546 555 577 quoque,
596 537 692 568 Leid.
723 547 792 569 sec.
825 543 906 569 tert.

205 585 353 616 Dorvill.
367 592 402 617 et
417 587 502 617 Edd.
519 588 633 627 primis
647 597 714 619 non
730 594 905 628 comparet

205 635 264 666 his.
289 640 324 667 et
341 636 374 666 in
391 637 564 677 plerisque
578 637 802 678 distinguitur
815 637 907 668 auxi-

204 686 269 718 liis.
314 686 489 718 Prot-incioe
519 688 603 718 illius
631 688 720 718 rebus
747 687 907 725 consectis,

204 736 253 767 vel
283 736 431 775 confectis
458 737 559 769 rebus.
624 737 691 768 Sed
720 736 908 776 probabilis

204 788 351 825 maxime
364 788 556 818 emendatio
574 787 704 818 Davisii
717 787 907 826 prnvinciae)

205 836 277 868 Illis
300 838 390 868 rebus
419 838 577 874 consectis.
626 837 700 867 Nisi
729 836 814 867 illius
843 846 909 867 em-

205 888 342 928 phatice
374 898 504 919 mecum
533 897 655 928 capere
682 888 778 918 malis
809 897 910 918 sensu

205 938 260 967 τοῦ
285 937 394 977 ipsius,
417 938 470 968 vel
497 938 561 969 lioc
590 947 775 978 pronomen
791 938 911 969 substi-

206 991 313 1019 tuere,
358 988 557 1019 Sexcenties
589 989 676 1019 enim
705 989 771 1029 ipse
798 993 834 1020 et
859 988 911 1019 ille

206 1036 379 1077 confundi,
410 1037 533 1078 sciunt,
564 1038 619 1079 qui
648 1039 777 1078 priscos
794 1042 910 1069 aucto-

207 1096 271 1127 res,
282 1097 465 1129 eorumque
483 1089 760 1120 membranaceos
774 1088 911 1119 codices

206 1138 397 1170 volverunt.
445 1140 688 1171 Defectionem
705 1141 826 1171 Galliae
844 1150 912 1170 sus-

207 1189 371 1229 tinuerat,
398 1199 460 1221 nec
489 1195 622 1221 tantum
649 1191 680 1221 ei
705 1200 767 1230 par
783 1190 912 1229 fuerat,

207 1239 266 1271 sed
283 1245 319 1271 et
336 1240 425 1270 illam
451 1246 664 1280 represserat
691 1240 859 1271 fidelitate
877 1245 912 1271 et

208 1290 341 1321 auxiliis
365 1291 569 1329 Provinciae,
593 1291 690 1330 cujus
716 1290 912 1321 civitatibus

208 1344 244 1371 et
260 1340 472 1380 principibus
489 1341 575 1371 bene
591 1341 719 1370 meritis
735 1340 811 1370 ideo
829 1349 913 1379 prue-

207 1390 274 1421 mia
297 1389 484 1420 distribuit.

250 1441 292 1469 24
316 1437 535 1477 Ilibernatque
565 1437 814 1478 Nemetocennae]
858 1437 913 1469 Sic

209 1489 344 1529 reposui
381 1498 423 1519 ex
461 1488 559 1519 editt.
595 1489 695 1520 Rom.
726 1489 811 1519 Ven.
850 1488 915 1519 Be-

208 1538 320 1569 roald.
344 1539 386 1569 ob
408 1538 549 1569 verbum
575 1540 739 1579 praesentis
769 1540 916 1579 temporis

209 1588 299 1629 quod
329 1588 524 1619 antecessit.
572 1588 612 1619 ln
637 1590 748 1629 vulgg.
775 1589 917 1620 hiberna-

209 1637 324 1678 vitque.
365 1639 477 1669 Dacis.
526 1639 751 1680 Ilibermitque.
790 1639 843 1670 Ita
860 1650 916 1680 op-

210 1687 292 1718 time
308 1689 460 1720 restituit
473 1689 634 1720 Davisius
649 1700 690 1719 ex
704 1689 915 1720 Editt.Vett.

212 1737 393 1770 Quomodo
411 1744 445 1770 et
468 1739 501 1770 in
518 1740 600 1771 Mss.
617 1740 703 1781 Reg.
729 1740 857 1771 Eliens.
881 1746 917 1772 et

211 1788 336 1827 Vossii,
352 1789 517 1830 scriptum
537 1796 600 1821 est.
647 1790 704 1821 Al.
728 1791 919 1822 hibernavit-

215 1849 282 1878 que.
328 1839 428 1872 Quod
445 1849 521 1871 eum
538 1840 774 1880 praecedente,
793 1841 917 1881 recipit,

210 1889 319 1920 minus
349 1895 430 1929 apte
452 1890 612 1921 coliaeret.
639 1890 748 1920 Clark.
795 1891 839 1921 Ni
857 1891 918 1921 Co-

214 1938 307 1970 dices
333 1940 487 1980 plerique
510 1940 711 1979 hibernatque
728 1949 920 1980 propugna-

217 1994 307 2028 rent,
346 2000 463 2030 parum
502 1990 614 2020 valida
643 1995 735 2020 esset
771 1990 920 2021 virorum

212 2039 390 2070 doctorum
408 2040 507 2071 ratio.
555 2040 688 2070 Passim
717 2039 806 2070 enim
834 2049 920 2079 prae·

212 2090 352 2121 teritum
389 2090 551 2130 praesenti
581 2090 731 2131 jungunt
757 2090 921 2130 historici,

212 2145 252 2172 ut
269 2141 412 2171 vidimus
430 2141 543 2181 paullo
569 2150 672 2181 supra
695 2140 796 2171 etiam
819 2150 850 2171 c.
865 2143 918 2171 48.

211 2191 280 2225 Sed
301 2191 476 2222 hibernarat
499 2197 553 2222 est
574 2191 608 2222 in
634 2191 704 2222 solo
734 2191 841 2230 Bong.
867 2200 919 2231 pr.

214 2241 303 2282 quod
320 2242 446 2280 sciam3
470 2242 615 2273 hiemavit
641 2242 675 2272 in
693 2241 788 2272 Leid.
816 2251 867 2281 pr.
885 2246 919 2272 et

212 2293 437 2333 praesensjam
451 2293 819 2333 exhibueruntquoque
832 2292 919 2323 Edd.

214 2342 309 2373 Med.
330 2342 401 2374 Ine.
418 2343 522 2374 Vasc.
538 2344 604 2374 Str.
631 2342 752 2382 Steph.
781 2342 918 2383 aliique.

216 2392 345 2423 Contra
371 2394 487 2433 recepit
509 2398 562 2424 est
586 2393 621 2423 in
651 2392 745 2424 Leid.
774 2402 826 2433 pr.
851 2402 920 2424 sec.

213 2442 312 2474 Voss.
340 2452 409 2474 sec.
439 2448 523 2475 tert.
549 2443 660 2475 Dorv.
685 2448 719 2473 et
746 2442 844 2480 aliis3
882 2448 921 2474 ut

218 2501 354 2533 semper
370 2493 556 2524 variantur.

259 2551 375 2574 XLvu.
393 2546 412 2574 7
440 2545 573 2575 Parente
604 2544 754 2575 Romanis
781 2544 923 2584 civitate]

218 2593 355 2625 Parente
373 2593 435 2624 sibi,
456 2595 539 2625 omni
564 2594 704 2634 civitate,
731 2595 808 2626 Pet.
850 2596 922 2627 Vos·

217 2643 294 2675 sius.
339 2643 408 2674 Sibi
438 2645 520 2675 vinni
550 2649 603 2676 est
634 2645 737 2676 etiam
768 2645 801 2675 in
832 2644 921 2677 And.

219 2693 335 2725 Oxou.
352 2694 521 2735 Egmnnd.
538 2699 573 2726 et
589 2695 684 2725 Voss.
703 2696 814 2726 tertio.

261 2746 281 2773 8
307 2744 503 2775 Commeutns
517 2746 686 2785 complures
711 2746 761 2785 qui
789 2755 923 2786 compor-

216 2791 348 2825 abantur
369 2795 401 2825 in
425 2795 568 2837 hiberna]
592 2795 819 2839 Petavianus,
837 2807 922 2829 com-

675 190 817 221 NOTAE
849 191 1113 221 VARmRUM
1151 191 1200 220 ΙΝ

958 287 1075 314 meatus
1086 284 1253 323 complures
1267 286 1458 323 comparatos
1473 282 1506 313 in
1521 282 1661 316 hiberna.

960 334 1057 365 Idem.

1003 393 1133 415 xum.
1150 387 1167 413 4
1193 384 1244 414 ,111
1260 393 1325 414 eam
1342 382 1505 422 rii-tutem]
1538 383 1662 414 Petav.

958 436 997 464 nd
1013 438 1213 474 campartem
1230 434 1367 464 virtutis.
1415 433 1459 463 At
1476 432 1601 472 Scalig,
1625 437 1663 464 et

959 485 1055 515 Leid.
1071 494 1121 523 pr.
1144 485 1182 514 ad
1199 494 1262 514 eam
1276 483 1378 523 partis
1394 484 1552 513 virtutem.
1598 482 1662 512 Co-

959 535 1024 565 dex
1038 544 1118 564 vero
1133 535 1261 573 Ursini,
1287 537 1326 565 ad
1345 545 1409 565 eam
1424 537 1549 574 partum
1564 533 1665 564 tiriu-

958 588 1029 615 tem.
1071 585 1160 614 Dein
1172 585 1225 624 qui
1239 585 1334 615 Leid.
1352 595 1400 624 pr.
1417 589 1451 614 et
1466 584 1497 614 in
1515 593 1548 613 eo
1565 582 1664 614 deest

959 635 991 664 in
1024 634 1146 664 Petav.
1204 634 1364 674 Plerique
1396 635 1480 665 Mss.
1509 639 1546 665 et
1575 633 1665 664 Edd.

960 685 1077 723 primae
1109 683 1235 714 liabent
1262 687 1329 714 erat
1358 684 1391 713 in
1420 694 1466 714 eo.
1517 683 1665 714 Videtur

959 735 1039 775 quid
1057 734 1180 773 latere,
1208 733 1299 775 quod
1315 742 1435 764 eruere
1453 733 1561 764 adhuc
1586 733 1667 764 dum

959 794 1104 825 nequeo.
1152 783 1207 814 An
1232 782 1296 814 fuit
1319 784 1358 813 ad
1381 785 1566 823 compertam
1582 782 1671 823 virt„

959 846 1024 875 quat
1048 835 1219 875 singularis
1235 835 1266 865 in
1283 844 1318 863 eo
1338 832 1431 865 erat?
1476 833 1531 863 An
1557 833 1598 864 ad
1613 831 1670 870 fa·

959 895 1040 915 mam
1060 889 1185 925 partam
1201 884 1331 915 virtutis
1353 883 1539 924 singularis,
1555 892 1669 916 resec·

961 935 1005 966 tis
1022 935 1168 966 ceteris?
1192 935 1258 965 Vix
1279 939 1375 975 puto.

1004 989 1041 1017 ll
1070 986 1207 1025 Repente
1223 985 1359 1016 omnium
1375 995 1400 1015 s.
1417 984 1482 1014 inv.
1504 983 1552 1023 f.]
1585 984 1670 1014 Tur-

963 1037 1043 1067 bant
1074 1036 1129 1067 hic
1157 1045 1289 1066 rursum
1317 1036 1401 1066 Mss.
1434 1034 1671 1065 vehementer.

962 1088 1145 1127 Vulgarem
1163 1088 1359 1126 lectionem,
1387 1097 1461 1128 quae
1492 1086 1580 1118 bona
1607 1092 1673 1127 est,

963 1137 1112 1168 retinent
1143 1137 1263 1167 Petav.
1294 1138 1408 1168 Oxou.
1433 1137 1523 1168 And.
1554 1138 1671 1168 palat.

963 1188 1056 1218 Leid.
1074 1198 1140 1218 sec.
1160 1192 1195 1218 et
1210 1188 1297 1218 Edd.
1314 1189 1410 1218 Rom.
1427 1188 1569 1219 Medici.
1582 1189 1670 1220 Veu.

963 1238 1119 1277 aliaeque.
1169 1237 1243 1268 Illae
1271 1243 1385 1268 tamen
1403 1247 1479 1267 cum
1496 1237 1672 1277 plerisque

965 1287 1046 1316 Mss.
1065 1291 1099 1316 et
1111 1286 1198 1316 Edd.
1216 1290 1319 1316 antea
1333 1285 1416 1316 daut
1430 1287 1520 1325 prod.
1536 1286 1671 1324 longius.

967 1338 1081 1367 Primo
1098 1340 1163 1367 tum
1180 1347 1244 1376 rep.
1270 1342 1320 1367 est
1347 1337 1380 1367 in
1399 1338 1508 1377 Boug.
1536 1342 1619 1368 tert.
1634 1341 1671 1368 et

966 1386 1054 1418 Edd.
1072 1387 1174 1418 Vasc.
1191 1387 1258 1417 Str.
1276 1387 1395 1427 steph.
1412 1387 1473 1418 Gr.
1491 1391 1578 1427 post.
1606 1390 1674 1418 lum

965 1439 1059 1478 legas
1086 1448 1221 1479 quoque
1248 1438 1281 1468 in
1308 1439 1407 1469 Voss.
1435 1448 1487 1478 pr.
1515 1443 1551 1469 et
1575 1437 1673 1469 Leid.

967 1493 1049 1519 tert.
1074 1489 1156 1519 vicos
1179 1488 1278 1520 Voss.
1298 1498 1367 1519 see.
1414 1488 1505 1519 Dein
1524 1488 1676 1519 Inimicus

966 1537 1082 1568 homini
1099 1541 1220 1577 repente
1235 1538 1367 1569 omnium
1379 1537 1542 1569 scribitur
1556 1538 1590 1568 in
1607 1538 1675 1569 Cu-

960 1587 1029 1628 jac.
1043 1588 1168 1627 Scalig.
1201 1588 1288 1620 Quae
1304 1587 1370 1618 duo
1387 1588 1494 1627 prima
1510 1587 1613 1618 verba
1628 1588 1676 1617 in-

968 1637 1082 1668 venias
1101 1647 1238 1678 quoque
1255 1638 1288 1668 in
1305 1638 1414 1678 Bong.
1432 1647 1484 1678 pr.
1498 1647 1567 1668 sec.
1579 1637 1676 1668 Leid.

967 1699 1017 1729 pr.
1030 1693 1110 1721 tert.
1126 1690 1224 1720 Voss.
1239 1698 1291 1729 pr.
1306 1693 1383 1720 tert.
1397 1690 1495 1729 Egm.
1510 1688 1677 1728 Gottorp.

969 1740 1053 1771 Lov.
1065 1745 1101 1771 et
1114 1740 1178 1771 Ed.
1190 1740 1262 1771 Inc.
1275 1750 1314 1771 ac
1326 1740 1478 1781 margine
1489 1740 1678 1780 aliquarum

971 1790 1060 1821 lidii.
1083 1790 1142 1821 sed
1160 1795 1284 1830 repente
1300 1790 1399 1822 abest
1413 1800 1433 1820 a
1448 1789 1543 1820 Leid.
1571 1799 1621 1830 pr.
1639 1794 1677 1820 et

970 1840 1077 1880 Bong.
1095 1849 1162 1870 sec.
1189 1844 1223 1870 et
1246 1844 1370 1880 repente
1395 1841 1529 1871 onmium
1554 1840 1678 1870 desunt

970 1890 1003 1920 in
1017 1889 1202 1928 vossianis,
1235 1890 1332 1922 Leid.
1361 1895 1443 1922 tert.
1471 1891 1565 1930 Egm.
1592 1891 1676 1922 Lov.

970 1942 1069 1972 Gott.
1087 1946 1122 1972 et
1147 1942 1210 1972 Ed.
1237 1942 1308 1974 Ine.
1336 1943 1470 1974 omnium
1497 1943 1631 1974 exsulat
1658 1952 1679 1974 a

971 1991 1081 2031 Bong.
1122 2001 1173 2031 pr.
1234 1993 1335 2024 Unde
1365 1993 1519 2033 videant,
1555 1993 1679 2033 quibus

971 2042 1046 2082 plns
1063 2043 1124 2073 otii
1140 2048 1205 2082 est,
1228 2043 1308 2083 qnid
1327 2043 1441 2083 effingi
1460 2048 1562 2085 queat
1575 2043 1678 2076 certi.

971 2092 1056 2123 Mihi
1074 2102 1139 2123 non
1158 2093 1279 2134 liquet.
1325 2095 1499 2125 Produc-ere
1521 2093 1680 2134 simplici-

972 2147 1025 2173 ter
1039 2143 1125 2173 solet
1139 2143 1219 2182 poni
1232 2153 1294 2183 pro
1310 2143 1343 2174 in
1359 2144 1678 2184 insidiasperducere.

973 2193 1117 2224 Consule
1135 2197 1253 2224 notata
1268 2193 1309 2224 ad
1326 2193 1457 2234 Nepot.
1472 2194 1588 2225 Haun.
1603 2203 1632 2225 c.
1646 2197 1680 2225 5.

973 2247 1007 2274 et
1025 2253 1099 2284 quae
1113 2243 1247 2274 laudavi
1261 2244 1302 2274 ad
1318 2244 1401 2275 Luc.
1424 2253 1478 2275 lx.
1496 2247 1570 2276 389.
1586 2248 1621 2274 et
1635 2243 1679 2275 ad

973 2295 1089 2325 Front.
1109 2303 1132 2325 x.
1153 2297 1183 2326 l.
1206 2294 1286 2334 §11.
1311 2299 1412 2335 atque
1429 2294 1529 2326 alibi:
1556 2293 1681 2333 longius

969 2344 1099 2384 produci
1122 2345 1275 2375 occurrit
1291 2354 1426 2386 quoque
1451 2345 1492 2377 B.
1519 2345 1592 2376 civ.
1620 2351 1679 2374 ιιι.

974 2398 1048 2426 100.
1095 2396 1137 2427 Β.
1154 2395 1255 2427 Alex.
1268 2405 1298 2427 c.
1315 2397 1369 2426 38.

1017 2449 1057 2478 12
1082 2446 1201 2477 Nema
1216 2446 1356 2485 vulnera,
1383 2444 1517 2485 perfidia
1544 2443 1678 2482 interpo-

972 2497 1044 2536 sita,
1064 2500 1248 2537 paterentur
1277 2496 1392 2536 inulta]
1429 2495 1468 2525 In
1501 2494 1609 2534 primo
1634 2494 1677 2524 B.

972 2546 1243 2586 suprascriptum
1270 2551 1355 2585 erat,
1390 2554 1445 2584 per
1457 2544 1557 2585 fidem
1582 2544 1679 2574 inter-

973 2597 1124 2637 positam:
1148 2602 1184 2627 et
1207 2596 1253 2627 sic
1283 2595 1387 2625 habet
1410 2603 1479 2624 sec.
1501 2603 1540 2624 ac
1564 2594 1678 2624 Palat.

971 2647 1132 2689 perfidem
1147 2645 1331 2686 interposita
1347 2645 1457 2684 Bong.
1477 2649 1556 2675 tert.
1594 2643 1680 2675 Mihi

975 2697 1065 2728 nulla
1082 2697 1185 2727 lectio
1202 2705 1243 2727 ex
1259 2695 1310 2726 his
1330 2695 1455 2734 placet,
1473 2700 1507 2726 et
1524 2693 1680 2735 emendo,

973 2747 1110 2787 rulnera,
1137 2746 1270 2788 perfidia
1294 2744 1447 2785 imposita.
1496 2745 1585 2775 Nam
1615 2742 1678 2774 Co-

974 2799 1057 2833 nnus
1075 2808 1094 2831 a
1114 2799 1285 2830 Voluseno
1300 2796 1497 2828 vulneratus
1520 2799 1593 2826 erat
1614 2792 1677 2826 sub
