1818 3131
226 195 341 238 1316

226 301 282 333 hic
298 300 549 340 repraesentant
563 299 689 336 repente
701 295 847 336 perennis
861 304 934 326 exa·

226 351 294 382 ruit
306 350 394 388 fons,
411 356 473 378 nec
491 346 591 377 aliter
607 345 707 377 editt.
732 346 829 376 Rom.
846 346 931 376 Ven.

226 398 385 432 Beroald.
418 407 518 437 quam
556 397 740 427 lectionem
778 396 934 437 praetulit

227 450 371 488 DionyS.
389 447 541 486 Vossius,
571 446 674 486 quod,
702 451 739 477 ut
753 446 814 485 ait,
836 447 845 463 ⁴
859 446 933 478 fons

227 507 294 529 nou
311 497 509 535 exhaustus,
530 496 589 527 sed
605 496 717 528 aruit.'
761 497 865 528 Nihili
883 501 934 528 est

227 548 328 587 ratio,
344 557 418 578 cum
435 546 603 577 exhaustus
625 547 735 577 siccati
761 547 828 577 vim
847 547 934 578 obti-

229 602 320 629 neat.
381 597 436 628 Sic
467 596 558 637 apud
592 596 775 637 Virgilium
805 596 935 636 Georg.

228 657 286 679 111.
303 650 377 679 432.
399 648 409 664 ‘
424 647 613 688 Postquam
637 646 802 677 exhausta
827 646 934 686 palus,

229 703 401 739 terraeque
418 696 539 728 ardore
564 696 767 727 dehiscunt.’
810 694 936 735 Vulga-

230 752 300 779 tam
320 747 426 787 igitur
451 746 657 786 scripturam
681 744 826 785 plurium
852 743 935 774 Mss.

229 797 438 829 auctoritate
454 794 627 826 suffultam
645 794 789 824 retineo.
825 793 935 824 Daris.

234 847 379 879 Codices
396 845 568 883 nonnulli3
591 844 728 881 exaruit,
745 846 936 882 tantamque,

229 897 282 934 ᾄτ.
330 896 440 927 Quam
474 894 656 925 lectionem
690 892 827 922 omuino
851 892 938 923 reci·

232 945 391 986 piendam
423 942 631 974 existimavit
659 942 818 978 Vossius,
847 941 938 982 quod

231 995 307 1026 sons
324 1003 390 1025 uon
407 994 576 1025 exhaustus
591 996 679 1032 esset,
692 992 751 1023 sed
767 992 937 1023 exaruerit.

232 1042 281 1076 At
308 1054 389 1076 vero
416 1045 538 1075 merito
568 1043 678 1074 virum
705 1042 939 1075 doctissimum

232 1095 454 1136 reprehendit
468 1094 642 1133 Davisius,
657 1103 733 1124 cum
756 1093 939 1124 exhaustum

231 1156 298 1178 esse
325 1146 413 1177 idem
440 1145 485 1176 sit
513 1145 628 1185 plane,
657 1142 749 1184 quod
772 1143 938 1174 exaruisse.

234 1196 347 1234 Adde,
370 1196 461 1237 quod
489 1196 541 1226 liic
573 1193 648 1225 fons
675 1193 812 1233 proprie
835 1193 937 1223 etiam

234 1247 401 1278 exhaustus
423 1245 540 1284 fuerit,
568 1245 652 1275 venis
678 1243 834 1273 intercisis
848 1243 940 1274 vidc-

235 1296 330 1336 licet,
353 1301 453 1336 atque
475 1295 623 1326 adt-ersis.
650 1294 758 1324 Clark.
802 1293 942 1332 Repente

232 1346 376 1385 perennis
402 1344 527 1375 exaruit
544 1343 620 1380 sous
646 1345 826 1382 finitamque
850 1343 941 1373 exiii-

236 1397 318 1427 bent
337 1404 470 1435 quoque
496 1395 581 1424 Mss.
598 1393 694 1424 Voss.
721 1392 841 1424 Leidd.
865 1393 941 1424 Pal.

238 1447 333 1486 Egni.
351 1446 433 1476 Lov.
453 1444 552 1475 Gott.
570 1444 680 1474 Dorv.
704 1447 740 1474 et
763 1442 851 1474 Edd.
876 1443 942 1483 pri-

236 1507 313 1536 mae,
340 1495 405 1526 nisi
435 1494 524 1535 quod
550 1504 605 1533 que
636 1493 669 1524 in
695 1492 790 1523 Leid.
818 1502 869 1533 pr.
898 1493 943 1523 sit

237 1551 372 1578 tantum
398 1555 429 1577 a.
451 1554 494 1575 m.
511 1554 579 1575 sec.
626 1543 764 1583 Repente
791 1541 887 1573 deest
909 1543 943 1573 iu

239 1599 348 1638 Bong.
373 1601 453 1628 tert.
477 1597 577 1636 Aquoe
600 1604 664 1634 rep.
687 1593 832 1634 perennis
857 1603 943 1625 (παν.

231 1648 307 1686 sons
334 1648 449 1688 Boug„
468 1656 534 1677 sec.
560 1644 728 1686 quomodo
744 1643 816 1676 fere
833 1644 945 1675 edidit

240 1699 280 1729 R..
295 1698 459 1737 Steplian.
483 1705 570 1735 aquae
588 1694 736 1735 perennis
753 1704 841 1724 erar.
856 1693 943 1731 fons.

239 1748 440 1789 Aquoefons;
463 1746 513 1777 uti
531 1750 582 1776 est
600 1745 633 1775 iu
651 1745 734 1775 Mss.
753 1754 783 1775 c.
798 1747 851 1775 41.
897 1743 945 1775 At

241 1798 363 1830 Petav.
390 1796 480 1828 And.
511 1800 544 1827 et
573 1795 687 1827 Oxou.
715 1799 854 1825 servant
869 1793 946 1832 fons

239 1849 381 1890 perennis
406 1848 477 1879 exli.
504 1849 636 1877 tantam.
683 1844 783 1876 Quod
807 1844 945 1884 partici-

239 1899 334 1940 pium
348 1906 561 1939 nequaquam
574 1897 649 1926 loco
662 1894 865 1925 movendum
880 1898 944 1925 est.

242 1949 370 1980 Lucan.
399 1956 439 1978 11.
466 1949 539 1977 410.
563 1945 572 1961 ‘
589 1945 861 1984 Hesperiamque
888 1953 945 1974 ex-

240 1997 354 2028 haurit
370 1997 493 2037 aquis!
517 1995 605 2026 idem
630 1995 639 2011 ‘
655 1994 836 2024 exhaustus
854 1993 945 2033 lber,

242 2048 445 2079 exhaustum
471 2044 622 2086 pelagus’
649 2053 699 2074 ιν.
717 2046 791 2074 315.
820 2052 852 2074 v.
870 2045 945 2074 644.

243 2104 280 2130 et
295 2098 369 2130 alia.
413 2097 480 2129 Sed
498 2106 561 2126 uec
574 2095 698 2126 exaruit
715 2094 873 2125 damnare
889 2103 946 2125 au-

241 2151 317 2181 sim.
363 2148 452 2182 Quid
467 2151 575 2185 vetat,
592 2155 658 2186 quo
671 2145 780 2175 miuus
793 2144 946 2175 ordinem

243 2204 425 2241 sequentes
464 2199 647 2235 Mstorum,
685 2195 850 2235 legamus,
891 2205 948 2234 quo

234 2250 324 2288 sacto
339 2249 509 2280 exhaustus
524 2249 646 2288 repente
659 2245 802 2286 perennis
825 2245 949 2276 exaruit

236 2301 323 2340 fons,
346 2297 549 2340 tantamque?
581 2299 668 2328 Fons
696 2297 845 2337 alioquin
875 2307 949 2337 per-

244 2352 353 2391 ennis,
380 2353 438 2382 sed
467 2351 530 2381 hoc
557 2348 648 2380 facto
682 2348 876 2387 exhaustus,
899 2357 949 2378 rc-

245 2408 350 2443 pente
368 2403 503 2432 exaruit.
548 2401 697 2430 Arescere
715 2407 817 2438 rena-3,
830 2398 949 2437 sontes,

243 2454 298 2492 &a
325 2452 444 2483 crebro
471 2450 632 2482 occurrit.
681 2449 724 2479 Et
752 2450 800 2480 uti
826 2454 949 2490 repente

246 2508 282 2534 et
297 2502 389 2540 sacto
403 2501 508 2542 (quod
527 2501 624 2532 deest
641 2500 879 2539 Egmundano)
895 2501 947 2531 liic

246 2552 407 2584 excidere
431 2551 543 2591 potuit
560 2560 601 2581 ex
619 2550 819 2590 quibusdam
842 2550 947 2582 Codd.

246 2602 294 2633 sic
320 2600 419 2632 facile
437 2611 479 2632 ex
506 2601 579 2631 aliis
604 2600 781 2640 exlium-tus,
808 2611 850 2631 ex
875 2601 948 2632 aliis

246 2653 372 2683 exaruit
397 2651 483 2682 elabi
506 2651 633 2691 potuit:
660 2650 693 2680 id
718 2651 807 2691 quod
835 2652 948 2692 saepis-

248 2701 330 2733 sime
355 2702 387 2732 in
413 2701 461 2731 liis
479 2701 738 2732 Commentariis
766 2701 947 2733 usuvenit.

250 2752 371 2784 Paullo
388 2757 467 2784 aute
483 2751 600 2792 ignari,
614 2750 762 2791 uuspeizsi.

683 199 826 231 NOTAE
858 198 1080 230 VARIORU
1088 198 1122 228 M
1155 199 1169 228 1
1178 197 1206 227 N

1027 297 1066 325 13
1094 294 1137 324 Ut
1161 292 1194 323 icl
1216 302 1276 323 non
1303 290 1460 322 hominum
1485 290 1610 322 consilio
1630 291 1685 323 sed

983 344 1123 375 Deorum
1136 341 1418 380 voluntatefactum
1426 342 1591 382 putarent]
1624 341 1687 372 Ni·

983 395 1105 426 mirum
1131 400 1204 426 erat
1233 394 1267 424 in
1300 392 1424 424 talibus
1451 391 1688 432 superstitiosa

985 445 1191 486 antiquitas:
1230 453 1290 474 nec
1323 447 1453 473 temere
1483 441 1596 472 fontes
1628 445 1688 473 aut

985 505 1114 531 amum,
1131 494 1251 535 quibus
1268 494 1395 535 aliquid
1412 493 1563 523 divinum
1579 493 1688 524 inesse

985 544 1291 584 credebatur‚quin
1308 549 1344 574 et
1361 554 1422 583 pro
1439 543 1502 574 diis
1519 542 1690 582 colebant,

986 594 1110 624 sistere
1127 602 1273 631 cursum,
1297 598 1355 624 aut
1372 593 1506 624 solitum
1530 592 1689 623 deserere

987 643 1118 674 alveum
1135 641 1314 682 putabant.
1359 641 1450 674 Hinc
1478 641 1568 682 apud
1593 641 1690 673 Taci-

988 696 1058 722 tum
1076 690 1259 722 Annalium
1275 699 1300 721 1.
1329 700 1405 721 cum
1423 691 1455 721 iu
1472 693 1596 722 Senatu
1614 700 1691 732 age-

987 746 1096 781 retur,
1113 741 1155 772 de
1179 740 1374 772 avertendis
1401 738 1603 779 fluminibus,
1630 749 1692 780 per

988 802 1064 833 quae
1090 791 1224 822 Tiberis
1254 791 1423 831 augescit,
1459 799 1524 830 quo
1559 789 1692 821 obviam

987 843 1095 873 iretur
1131 841 1260 873 crebris
1298 841 1371 881 ejus
1405 839 1693 879 inundationibus,

988 893 1151 926 dictitant
1189 892 1341 932 Reatini,
1379 893 1388 909 ‘
1415 892 1555 931 Optime
1592 890 1693 923 rebus

987 944 1182 975 mortalium
1199 942 1408 974 consuluisse
1431 946 1599 981 naturam,
1616 951 1693 982 quae

990 1004 1051 1025 sua
1066 1004 1123 1025 ora
1138 992 1344 1032 fluminibus,
1358 1002 1433 1023 suos
1447 1001 1576 1032 cursus,
1588 996 1694 1032 utque

990 1045 1167 1086 originem,
1182 1045 1230 1075 ita
1246 1043 1330 1074 fines
1346 1042 1492 1074 dederit.
1530 1041 1696 1082 Spectan-

990 1095 1050 1126 das
1079 1096 1183 1126 etiam
1213 1094 1394 1134 religiones
1424 1093 1605 1133 sociorum,
1635 1093 1694 1134 qui

990 1154 1098 1184 sacra,
1113 1150 1148 1175 et
1172 1145 1279 1183 lucos,
1304 1148 1340 1175 et
1365 1153 1439 1174 aras
1455 1143 1575 1184 patriis
1591 1143 1695 1174 amni-

990 1195 1051 1226 bus
1067 1195 1270 1226 dicaverint.
1309 1194 1399 1226 Quin
1416 1194 1526 1234 ipsum
1543 1193 1695 1224 Tiberim

991 1245 1082 1275 nolle
1097 1253 1236 1284 prorsus
1252 1244 1375 1275 accolis
1391 1242 1501 1274 fluviis
1525 1243 1694 1283 orbatum,

992 1295 1122 1324 minore
1139 1294 1244 1333 gloria
1260 1292 1379 1324 fluere.
1423 1293 1490 1324 Seu
1506 1302 1626 1333 preces
1640 1303 1695 1324 co-

993 1343 1170 1381 loniarum,
1183 1352 1242 1373 seu
1257 1341 1442 1374 difficultas
1457 1352 1611 1383 operum,
1624 1342 1696 1374 sive

994 1394 1192 1435 superstitio
1219 1393 1338 1432 valuit,
1366 1398 1405 1424 ut
1433 1393 1465 1423 in
1492 1393 1697 1425 sententiam

994 1443 1129 1474 Pisonis
1145 1442 1407 1480 concederetur,
1425 1443 1481 1483 qui
1505 1444 1552 1474 nil
1569 1447 1698 1474 mutan-

994 1492 1074 1524 dum
1088 1492 1293 1524 censuerat?
1321 1493 1455 1524 Vossius.
1476 1492 1603 1524 Similis
1620 1493 1698 1524 Gal-

994 1543 1102 1574 lorum
1118 1543 1325 1574 existimatio
1348 1542 1391 1573 de
1415 1542 1564 1574 turribus
1581 1543 1697 1574 ambu-

995 1593 1125 1624 latoriis
1137 1603 1177 1624 11.
1194 1597 1246 1625 31.

1038 1651 1137 1675 xuv.
1159 1647 1179 1675 4
1213 1644 1326 1674 Plures
1353 1642 1500 1674 rebellare
1523 1641 1697 1683 coepissent]

996 1694 1061 1725 Ms.
1075 1695 1170 1726 Carr.
1184 1693 1288 1725 habet
1299 1694 1405 1733 plures
1418 1693 1544 1723 consilia
1555 1693 1697 1724 inissent.

995 1744 1050 1776 Sic
1077 1750 1114 1775 et
1145 1745 1212 1777 Ms.
1239 1743 1380 1774 Norvic.
1412 1748 1447 1773 et
1474 1743 1572 1774 editt.
1601 1743 1697 1774 Roma

996 1794 1082 1824 Ven.
1105 1793 1264 1825 Beroald.
1310 1792 1384 1823 Etsi
1409 1797 1522 1823 autem
1550 1802 1603 1824 me
1631 1801 1698 1824 non

995 1842 1095 1883 fugit,
1111 1853 1207 1874 usum
1225 1843 1355 1874 Livium
1369 1842 1474 1873 verbo
1490 1842 1645 1882 rebellare,
1662 1848 1698 1874 et

994 1893 1155 1923 rebellione
1178 1893 1361 1930 Caesarem,
1386 1897 1422 1922 ut
1451 1898 1562 1923 tamen
1586 1903 1698 1925 asseu-

996 1942 1063 1972 tiar
1077 1941 1180 1972 facile
1198 1941 1406 1972 Carrariensi
1422 1951 1488 1971 uon
1502 1943 1609 1972 solum
1625 1943 1696 1982 ejus

997 1999 1148 2024 vetustas
1166 1992 1263 2031 facit,
1275 1993 1335 2023 sed
1352 1993 1532 2024 locutionis
1549 1993 1615 2032 vis3
1631 2003 1698 2025 non

997 2043 1085 2074 euim
1101 2044 1208 2083 magis
1231 2047 1359 2082 apertae
1383 2041 1581 2081 defectioni,
1598 2053 1699 2084 quam

997 2094 1141 2125 occultis
1169 2094 1347 2126 Gallorum
1372 2093 1520 2124 consiliis
1541 2098 1614 2124 erat
1639 2093 1699 2124 ob-

998 2144 1085 2175 viam
1112 2144 1272 2175 eundum.
1316 2143 1416 2176 Joan.
1433 2143 1538 2174 Mich.
1558 2144 1697 2176 Brutus.

998 2195 1081 2226 Mss.
1106 2194 1261 2235 plerique
1279 2200 1313 2225 et
1329 2193 1436 2225 Editt.
1451 2195 1546 2225 vett.
1572 2195 1699 2226 consilia

996 2244 1138 2276 inissent.
1195 2244 1297 2277 Quod
1323 2254 1384 2276 cur
1409 2253 1428 2274 a
1455 2245 1698 2277 recentioribus

997 2301 1178 2336 mutatum,
1194 2296 1353 2337 equidem
1365 2305 1429 2327 non
1447 2296 1556 2327 video.
1588 2296 1697 2326 Clark.

998 2348 1184 2388 Vulgarem
1200 2347 1381 2378 lectionem
1402 2350 1538 2377 servant
1554 2346 1615 2378 soli
1632 2346 1697 2376 Pe·

999 2403 1067 2429 tav.
1096 2402 1130 2430 et
1159 2398 1272 2429 Oxou.
1299 2401 1334 2428 et
1359 2406 1419 2437 pro
1444 2396 1484 2428 V.
1509 2397 1545 2427 L.
1569 2395 1694 2436 Scalig.

998 2448 1126 2488 Ceteri,
1136 2449 1239 2479 etiam
1252 2446 1390 2484 Audin„
1403 2445 1480 2484 mei,
1490 2450 1526 2477 et
1541 2444 1696 2485 aliorum,

998 2504 1099 2539 atque
1131 2498 1219 2529 Edd.
1251 2497 1367 2538 primae
1398 2495 1523 2526 consilia
1554 2493 1696 2534 inissent,

998 2549 1107 2589 Boug.
1124 2558 1191 2580 sec.
1205 2547 1333 2578 inirent.
1378 2546 1431 2576 An
1448 2543 1543 2574 dedit
1563 2543 1695 2575 Hirtius

994 2601 1098 2640 plures
1128 2599 1196 2630 belli
1222 2598 1352 2629 consilia
1381 2592 1538 2626 inissent?
1593 2596 1696 2626 Certe

997 2649 1189 2680 addendum
1215 2647 1258 2678 de
1289 2646 1363 2677 bello
1392 2644 1517 2684 aliquid
1548 2644 1694 2675 videtur.

998 2701 1135 2732 Scilicet
1151 2699 1204 2729 liic
1221 2706 1354 2738 quoque
1375 2701 1556 2735 utrumque
1574 2693 1696 2725 admit-

999 2749 1137 2782 tendum
1153 2747 1276 2788 fuerat,
1299 2746 1459 2778 Rebellare
1471 2744 1597 2776 consilia
1618 2743 1695 2776 inis-
