1872 3115
297 207 383 250 972

299 311 383 343 Mas.
399 311 553 343 ematis.

342 363 383 392 16
406 362 501 391 Lecta
516 360 614 390 millia
626 359 688 399 Lx]
716 360 794 390 Non
808 361 912 391 male:
939 360 996 390 sed

296 416 415 442 contra
433 410 513 440 Mss.
544 411 630 440 Nan}
662 410 693 439 in
719 410 899 441 Codicibus
921 411 999 441 alio-

296 470 368 491 mm
382 464 417 491 et
434 460 517 490 meis
542 465 671 491 tuntum
699 471 765 491 non
786 461 941 491 omnibns
962 466 998 491 et

297 511 384 542 Edd.
402 517 480 541 ante
498 511 621 541 Aldum
641 516 799 541 exaratur
817 513 933 545 ciccum
957 512 997 542 V.

297 560 340 591 ad
358 561 510 592 Frontin.
529 571 552 592 ι.
570 565 601 592 2.
622 565 649 592 l.
667 568 700 592 et
719 563 815 592 millia
829 572 893 592 non
911 572 999 592 emn-

297 616 397 652 paret
413 612 445 642 in
463 613 627 651 Bongars.
648 622 696 653 pr.
713 622 780 644 sec.
800 613 919 643 l’etav.
936 613 998 642 Lo-

296 670 372 692 van.
385 662 554 701 Egmund.
570 668 605 693 et
622 663 694 693 aliis
711 663 871 703 quinque,
888 672 997 702 neque

298 711 331 741 in
350 711 411 742 Ed.
429 711 575 749 Incerta,
592 717 626 742 et
648 712 852 751 intelligitur
873 712 954 742 satis
980 721 997 741 e

297 760 586 801 praecedentibns.
629 763 750 792 Nullus
775 769 826 793 est
846 764 949 801 loeus,
966 763 998 792 in

297 820 364 852 quo
378 821 443 842 non
460 812 588 842 variant
606 813 686 843 Mss.
703 818 739 843 et
752 813 842 844 Editi
860 814 891 843 in
909 814 999 844 voci-

298 860 361 892 bus
390 863 486 892 lectus
515 867 549 892 et
577 862 708 892 electus:
745 872 849 902 quare
881 873 998 894 secure

298 920 497 942 consensum
522 912 683 943 Codicum
707 912 759 943 hic
776 913 870 953 sequi
888 922 1000 953 possu-

297 970 381 992 mus.

341 1015 380 1043 17
397 1012 475 1043 Suos
487 1013 727 1054 essefinitimos;
742 1014 918 1053 latissimos,
931 1014 999 1054 asca]

296 1061 460 1093 Testatur
473 1064 633 1094 Brantius
646 1064 827 1095 editionem
839 1065 998 1095 Beroald.

295 1112 422 1143 habere
438 1122 506 1143 suos
527 1123 590 1144 csse
602 1113 773 1155 finitimos,
789 1114 870 1146 fines
886 1115 999 1145 latissi-

296 1172 371 1202 mos,
385 1166 449 1194 διο.
474 1165 563 1204 quod
587 1164 689 1195 etiam
714 1164 755 1195 de
782 1165 846 1196 Ms.
865 1166 997 1196 Cari-ar.

296 1217 333 1244 et
359 1213 519 1253 impresso
547 1215 637 1245 Flor.
666 1215 768 1246 docet
794 1216 828 1248 J.
847 1216 896 1246 Μ.
915 1216 999 1246 Bru-

297 1269 362 1294 tus.
400 1264 512 1295 Duris.
562 1265 657 1295 Idem
695 1271 840 1296 testatur
871 1266 913 1297 de
939 1276 998 1297 suo

297 1313 424 1345 Codice
444 1314 597 1354 Ursinus,
607 1320 642 1345 et
654 1314 696 1345 de
712 1315 818 1355 Regio
830 1316 998 1347 Clarkius.

296 1362 418 1393 Inveni
435 1373 568 1404 quoque
600 1374 663 1404 ego
689 1365 723 1394 in
751 1366 922 1396 Vossianis
945 1376 997 1406 pr.

297 1416 332 1442 et
346 1421 413 1443 see.
426 1413 523 1444 Leid.
542 1424 590 1453 pr.
603 1419 639 1444 et
655 1423 723 1445 sec.
743 1415 852 1445 Palat.
865 1416 997 1447 Duker.

296 1462 444 1493 Dorvill.
475 1463 596 1493 petav.
625 1473 645 1493 a
672 1474 718 1494 m.
746 1474 814 1494 sec.
844 1470 878 1495 et
908 1466 996 1495 Edd.

298 1513 394 1544 Rom.
412 1513 553 1544 Mediol.
569 1514 657 1544 Ven.
693 1513 740 1545 At
763 1519 882 1545 eontra
895 1516 996 1546 etiam

296 1562 462 1594 latissimos
484 1571 549 1592 non
575 1570 751 1602 comparet
772 1564 804 1594 in
832 1565 996 1605 Bongars.

297 1622 348 1652 pr.
366 1611 428 1642 uisi
446 1621 464 1642 a
481 1621 524 1642 m.
546 1621 614 1642 sec.
643 1622 746 1652 quare
769 1613 851 1643 nihil
875 1614 916 1644 ad
935 1615 996 1645 liuc

297 1662 496 1693 determino.
521 1662 529 1678 ‘
548 1662 624 1692 Lati
641 1662 734 1701 agri‚’
749 1662 758 1678 ‘
773 1663 907 1702 eampi‚’
924 1665 932 1680 ‘
946 1673 997 1693 ar-

298 1711 349 1742 va’
375 1711 464 1751 apud
487 1715 644 1741 auctores
660 1712 793 1751 passim.
818 1714 826 1729 ‘
845 1713 947 1743 Latos
963 1718 998 1744 et

296 1760 451 1800 fertiles‚'
469 1766 506 1791 ut
530 1761 597 1800 hic,
618 1761 734 1801 jungit
757 1763 878 1794 Cicero
903 1765 999 1795 Orat.

300 1811 332 1841 in
350 1811 448 1841 Verr.
466 1820 522 1841 ιιι.
537 1814 590 1841 51.
612 1816 650 1841 ut
664 1812 797 1851 quidem
816 1814 897 1852 legit
913 1814 999 1845 Gro-

297 1861 416 1892 novius
432 1861 474 1892 ad
493 1861 624 1892 Livium
648 1870 756 1893 xxlu.
772 1865 823 1893 46.
848 1863 896 1894 At
912 1864 1000 1895 Gru-

298 1918 392 1944 terus
405 1913 450 1944 ibi
467 1914 690 1954 Graeviusque
706 1913 893 1953 prasertim
905 1916 1002 1955 loetos,

299 1964 452 1994 »sollemni
478 1964 610 1995 scilicet
630 1964 834 1995 variatione:
858 1966 866 1981 ‘
884 1967 998 2005 copio-

299 2013 446 2044 sissimos
478 2023 576 2055 agros
603 2019 638 2045 et
655 2015 741 2045 latos
765 2014 861 2045 fines’
878 2016 997 2056 jungit

298 2065 430 2096 Hirtius
449 2074 525 2095 νιιι.
543 2068 572 2096 2.

341 2119 382 2147 22
408 2116 554 2156 Galbam]
592 2117 711 2147 Adrum
739 2117 806 2148 Dio
833 2118 996 2157 nominat,

299 2166 413 2197 forsan
442 2176 636 2207 praenomen
668 2167 744 2205 hoe,
769 2167 848 2198 illud
876 2178 998 2208 eogno-

299 2221 449 2247 mentum
463 2221 528 2247 est.
560 2216 619 2247 Ait
635 2216 837 2248 Ciaceonius
855 2218 996 2248 Galbam

299 2278 373 2299 esse
397 2270 580 2300 Romanam
603 2268 773 2299 familiam.
820 2268 925 2309 Atqui
949 2270 998 2300 di-

299 2319 417 2350 sertim
433 2319 601 2350 Gallicurm
619 2329 740 2349 nomen
757 2329 829 2349 esse
847 2320 896 2350 ait
917 2320 997 2350 Suc-

300 2369 421 2400 tonius.
454 2371 499 2400 Et
516 2380 574 2400 nos
592 2369 691 2400 hodie
708 2369 903 2407 retinemus,
919 2369 998 2399 dum

300 2420 458 2461 pinguem
476 2431 527 2451 een
544 2421 615 2459 kalf
634 2431 801 2451 vocamus.
845 2422 912 2452 Sed
937 2422 999 2453 lioe

299 2470 373 2501 aliis
389 2475 554 2501 notatum.
606 2471 735 2501 Vossius.

343 2523 384 2561 26
408 2521 663 2561 Longissimeque
683 2521 799 2561 absint]
840 2522 918 2553 Non
942 2532 1000 2563 pa-

299 2572 366 2604 tior
383 2571 467 2602 hanc
490 2572 682 2609 lectionem,
707 2573 858 2613 quamvis
875 2584 894 2603 a
918 2574 998 2604 viris

299 2623 407 2654 doctis
425 2623 623 2653 tramissam.
655 2623 804 2653 Omnino
820 2624 872 2653 vel
890 2624 999 2655 alieno

298 2674 370 2703 liaee
397 2675 473 2704 loco
497 2674 667 2713 leguntur,
690 2674 743 2704 vel
763 2673 921 2704 omissum
940 2675 998 2705 ali-

300 2723 380 2763 quid
397 2727 462 2762 est,
485 2734 504 2754 a
518 2724 601 2754 cultu
617 2728 676 2754 aut
689 2723 772 2754 omni
795 2724 998 2765 humanitate,

302 2776 339 2804 ut
355 2781 456 2814 supra
471 2775 604 2805 locutus
620 2775 746 2806 Caesar.
792 2775 913 2817 Itaque
930 2786 997 2807 ma-

760 217 900 247 No'rAE
934 217 1198 248 VARIORUM
1231 217 1283 247 IN

1049 311 1106 341 lim
1124 312 1237 350 legere
1253 310 1482 350 burgi-tritaeque
1505 309 1543 340 ab
1565 310 1648 341 omni
1662 310 1748 341 cultu

1049 362 1162 392 absint.
1220 364 1307 392 Saite
1342 360 1537 400 Anonymus
1573 360 1677 400 Celsi,
1711 364 1749 391 et

1052 412 1251 452 plerumque
1268 411 1410 441 unsaris
1422 411 1536 450 eliam,
1549 410 1575 440 si
1591 420 1656 440 non
1673 419 1747 441 ver-

1052 462 1181 499 borum,
1211 467 1243 491 at
1273 466 1366 491 vert(-
1395 461 1516 490 mentis
1546 460 1748 500 exscriptor,

1051 517 1179 542 tantum
1198 512 1311 549 lurbet,
1344 512 1353 527 ⁴
1374 511 1516 542 Nervios
1540 511 1685 541 omnium
1702 509 1749 541 fe·

1051 562 1263 592 rocissimosss
1320 563 1393 592 Nec
1422 568 1550 593 temere
1581 562 1750 593 omisisset

1050 613 1224 649 longissime
1239 622 1288 642 eus
1303 612 1414 643 abesse.
1449 614 1535 644 Nam
1552 613 1639 653 qnod
1657 613 1751 644 Grae-

1052 672 1110 693 cus
1139 662 1316 692 transtulit
1339 661 1489 700 ἐσχάτους
1518 665 1578 692 τῶν
1609 665 1746 704 Βελγῶν,

1053 712 1131 742 nilnl
1153 722 1206 743 me
1227 717 1354 749 movet,
1378 718 1412 742 et
1435 713 1613 744 manifeste
1630 713 1748 746 salsum

1052 768 1116 793 est.
1164 763 1217 792 An
1234 772 1315 801 ergo
1333 763 1467 793 Nerviis
1495 764 1604 794 minus
1628 765 1749 796 remoti

1055 813 1218 852 Menapii,
1229 818 1264 842 et
1282 813 1337 853 qui
1353 813 1402 842 his
1418 813 1596 853 adjacent?
1621 814 1748 853 Quare,

1053 863 1078 892 si
1095 863 1315 903 quidjmlico,
1332 863 1511 900 legendum
1530 868 1567 894 nt
1583 864 1676 903 dixi;
1696 865 1749 896 vel

1053 913 1279 952 expungenda
1305 913 1410 943 verba
1434 913 1668 954 longissimeque
1696 913 1748 944 ab·

1050 963 1127 1000 sint,
1143 963 1195 992 vel
1212 963 1358 1003 denique
1375 961 1612 993 transferenda
1626 963 1658 994 in
1672 973 1750 994 eum

1052 1013 1173 1050 locum,
1198 1012 1252 1043 ubi
1277 1013 1336 1051 ait,
1370 1014 1378 1029 ‘
1399 1013 1575 1044 l'aemauos
1598 1014 1653 1054 qui
1683 1023 1750 1045 uno

1053 1063 1184 1093 nomine
1225 1063 1386 1094 Germani
1416 1064 1656 1103 appellantur,’
1690 1064 1750 1095 ubi

1052 1111 1232 1142 subderem
1258 1113 1491 1152 longissimeque
1506 1114 1626 1144 absunt.
1677 1114 1749 1145 Vos·

1049 1163 1125 1194 sius.
1182 1163 1335 1194 l'utarim
1363 1164 1415 1194 liie
1449 1165 1585 1195 vocibus
1613 1166 1748 1205 longum

1051 1212 1260 1243 solummodo
1307 1214 1522 1244 intervallum
1567 1214 1722 1244 denotari
1741 1225 1749 1251 ;

1052 1271 1117 1292 non
1133 1267 1244 1293 autem
1259 1263 1402 1294 Nervios
1417 1273 1435 1294 a
1451 1265 1583 1294 Rhenus
1601 1265 1749 1295 omnium

1054 1313 1233 1354 Belgarum
1263 1324 1337 1344 esse
1369 1315 1626 1351 remotissimos;
1665 1315 1750 1345 adeo

1052 1368 1088 1393 ut
1119 1364 1226 1394 Vossii
1270 1364 1437 1395 medicina
1468 1365 1549 1394 nihil
1579 1365 1624 1395 sit
1651 1375 1749 1405 opus.

1049 1414 1149 1444 Sarta
1166 1413 1280 1453 itaque
1298 1419 1391 1444 tecta
1406 1420 1541 1444 maneat
1556 1415 1659 1446 lectio
1681 1416 1750 1446 vul-

1051 1468 1142 1502 gata.
1195 1463 1308 1494 Duris.
1367 1464 1422 1495 Sic.
1449 1464 1538 1504 apud
1567 1465 1748 1505 Apuleium

1050 1513 1192 1544 Metam.
1210 1521 1244 1543 x.
1263 1522 1296 1553 p.
1313 1515 1387 1544 212.
1404 1514 1521 1544 mulier
1537 1521 1658 1546 marito
1676 1526 1750 1546 sua-

1049 1561 1110 1592 det
1131 1563 1140 1578 ‘
1154 1561 1196 1592 ad
1220 1563 1397 1601 longissime
1423 1563 1559 1595 dissitas
1575 1565 1747 1596 destinare

1050 1610 1208 1641 villulas.'
1241 1612 1455 1652 Lampridius
1471 1613 1504 1643 in
1524 1614 1748 1655 Heliogabalo

1051 1672 1082 1693 c.
1106 1666 1158 1694 23.
1211 1663 1220 1679 ‘
1238 1664 1278 1694 In
1304 1665 1491 1704 longissimis
1523 1675 1542 1696 a
1565 1667 1648 1698 mari
1665 1667 1749 1698 locis

1051 1715 1164 1744 omnia
1215 1715 1344 1746 marina
1386 1726 1520 1758 semper
1572 1719 1750 1751 exhibuit?

1051 1763 1161 1796 Amm.
1189 1766 1409 1798 Marcellinus
1434 1776 1496 1800 xx.
1516 1772 1547 1800 6.
1571 1771 1580 1786 ‘
1595 1770 1750 1811 Propag-

1052 1823 1189 1847 natores
1216 1818 1286 1847 viso
1314 1819 1410 1849 hoste
1441 1820 1641 1859 Iongissime‚’
1683 1824 1748 1852 &c-

1053 1869 1098 1899 Et
1115 1877 1221 1900 xxxi.
1238 1873 1267 1901 5.
1290 1870 1299 1886 ‘
1317 1871 1503 1911 Castraque
1521 1882 1539 1902 a
1556 1872 1749 1913 Fritigerno

1053 1919 1209 1949 locavere
1233 1920 1434 1958 longissime!
1489 1921 1528 1952 In
1556 1921 1605 1952 his
1636 1931 1749 1953 exem-

1051 1969 1115 2008 plis
1146 1979 1211 1999 non
1243 1970 1390 2001 omnium
1420 1971 1653 2011 remotissima,
1687 1972 1747 2003 sed

1050 2020 1138 2050 valde
1154 2023 1269 2051 remota
1282 2021 1499 2053 denotantur.
1550 2023 1649 2062 Idem,
1674 2033 1746 2055 cur.

1047 2080 1115 2102 sec.

1090 2123 1130 2151 27
1155 2122 1296 2152 Morinos
1411 2124 1553 2165 totidem]
1580 2124 1620 2155 In
1637 2131 1750 2156 vetus-

1050 2171 1184 2202 tissimis
1201 2172 1301 2202 editt.
1321 2173 1415 2203 Rom.
1433 2177 1468 2203 et
1485 2174 1569 2205 Ven.
1585 2175 1639 2206 hic
1654 2175 1747 2206 locus

1049 2222 1098 2252 ita
1114 2223 1259 2263 legum-3
1282 2224 1291 2238 ⁴
1310 2223 1458 2254 Morinos
1471 2233 1529 2257 xv.
1546 2225 1662 2265 millia,
1674 2226 1748 2256 Me-

1050 2272 1166 2312 napios
1182 2282 1245 2303 vu.
1262 2273 1378 2312 millia,
1402 2275 1603 2307 Velocasses
1628 2281 1664 2307 et
1683 2276 1749 2307 Ve-

1053 2323 1256 2354 romanduos
1274 2324 1428 2364 totidem,
1453 2326 1601 2365 Caletes,
1618 2327 1671 2356 vel
1689 2326 1751 2358 Ca-

1050 2374 1148 2412 letos,
1167 2382 1199 2403 x.
1217 2373 1342 2405 millia:
1386 2374 1439 2405 Sic
1455 2379 1491 2406 et
1514 2375 1587 2405 alim
1604 2376 1748 2417 antiqui-

1051 2429 1105 2455 tus·
1136 2424 1332 2464 impressae3
1378 2435 1456 2455 num
1492 2435 1574 2457 vero
1612 2426 1748 2467 rectius,

1051 2475 1174 2506 nescio.
1219 2475 1329 2506 Dat-is.

1094 2525 1256 2565 Menapios
1271 2534 1321 2555 xx.
1339 2525 1454 2564 millia]
1490 2525 1686 2566 Anonymus
1707 2536 1748 2559 ιι.

1051 2584 1084 2615 p.
1101 2577 1154 2605 43.
1175 2575 1248 2606 VII.
1264 2574 1379 2614 habet,
1397 2580 1432 2605 et
1448 2575 1590 2606 Graecus
1604 2577 1747 2608 ἑπτακισ-

1050 2624 1180 2664 χιλίους.
1204 2626 1271 2656 Sed
1289 2626 1441 2666 relinquo
1455 2627 1636 2666 vulgatam.
1680 2629 1748 2659 Vos-

1049 2676 1124 2707 sius.
1143 2676 1218 2707 VII.
1237 2675 1390 2716 plerique
1403 2676 1484 2706 Mss.
1499 2681 1533 2707 et
1550 2677 1635 2707 Edu.
1649 2679 1746 2710 vett.

1091 2729 1134 2756 29
1155 2726 1325 2757 Aduuticos
1349 2734 1452 2757 xxix.
1479 2727 1581 2768 milia]
1612 2727 1747 2769 Anony-

1049 2786 1122 2808 mus
1138 2785 1215 2808 xix.
1230 2776 1339 2807 millia.
1386 2776 1486 2809 Oros.
1508 2778 1651 2810 Atuatt'ci
1666 2787 1699 2810 x.
1715 2783 1745 2812 ec
