1818 3131
370 198 463 227 mu.
496 197 535 224 v.
568 194 674 225 οΑι».
704 185 746 224 2.

108 291 239 324 Quibus
276 290 468 322 adsentitur
501 287 672 320 Davisius.
737 287 804 318 Sed

107 341 189 373 nihil
212 352 308 382 opus.
353 341 508 379 Guneus,
536 336 668 369 ἀκούσας
695 338 804 370 αὐτῶν.

108 393 192 424 Mss.
211 393 377 433 plerique,
405 391 558 431 Peri-epta
574 390 724 429 oratione,
739 392 804 420 ὅτε.

109 445 215 475 Clark.
261 444 356 474 Fulv.
387 442 528 473 Ursinus
551 445 587 472 et
615 440 724 472 Hadr.
743 441 805 471 Va-

106 494 205 525 lesius
252 494 284 523 in
328 493 440 523 Vales.
485 502 519 533 p.
560 494 634 523 178.
686 492 804 532 legunt

105 546 228 583 accepta
243 541 372 573 ratione
388 551 503 573 eorum.
539 542 678 582 AEquius
691 547 802 573 autem

105 597 170 630 est,
193 598 229 624 ut
245 601 320 623 eum
337 593 459 624 Petav.
477 592 615 623 Norvic.
641 593 802 631 Bongars.

105 643 224 683 tribus,
251 644 414 684 Gottorp.
442 645 539 676 Voss.
571 649 607 675 et
636 644 803 684 Egmond.

103 704 248 736 reponas
305 698 448 735 percepta
496 696 637 726 oratione
687 705 802 726 eorum.

104 745 216 777 Davi-⁴1.
232 755 303 777 cur.
320 755 389 777 sec.
418 746 496 777 Non
513 746 664 786 conjecit
679 746 727 777 ita
742 747 805 776 Ur-

104 795 208 833 sinus,
225 795 283 827 sed
300 796 334 827 iu
350 796 457 827 veteri
474 797 560 827 libro
574 797 737 836 scriptum
754 806 805 827 re-

106 846 218 886 perit;
243 847 333 887 quod
350 850 386 878 et
408 856 471 888 ego
493 846 606 878 inveni
631 847 663 878 in
679 847 802 887 Scalig.

105 901 141 927 et
166 895 263 928 Leia.
286 896 407 937 primo.
454 897 531 928 Non
548 896 632 928 adeo
649 898 750 936 male,
776 897 803 927 si

103 946 221 986 ejicias
248 956 324 977 cum
350 947 548 988 quibusdam
564 949 649 979 Mss.
672 948 804 978 rationi-

103 996 170 1028 bus.
213 996 281 1028 Sed
306 1006 372 1027 nou
396 1007 500 1038 opus:
526 998 552 1029 si
569 998 656 1029 enim
675 998 805 1029 audivit

102 1045 301 1085 orationem,
330 1046 433 1077 ctiam
466 1047 631 1078 rationem
662 1048 806 1088 accepit,

103 1095 167 1127 nisi
191 1096 410 1137 participium
433 1102 558 1137 accepta
572 1098 654 1128 velis
679 1108 804 1138 capere

104 1154 181 1177 cum
205 1146 385 1178 Ciacconio
410 1156 451 1178 eo
473 1157 585 1187 sensu,
607 1157 672 1189 quo
689 1148 804 1179 Caesar

102 1205 193 1236 saepe
217 1196 299 1227 dicit
325 1198 464 1238 accipere
480 1196 745 1235 satisfactionem.-
768 1198 803 1229 id

104 1250 167 1286 est,
196 1255 311 1277 corum
339 1247 470 1279 ratione
501 1252 698 1280 contentum
728 1258 804 1280 esse

107 1296 290 1337 ‘accipere
315 1298 565 1338 jusjurandum'
589 1299 630 1330 B.
657 1298 730 1330 Civ.
747 1308 804 1330 111.

102 1347 156 1377 28.
184 1347 274 1378 Nam
285 1352 408 1388 accepta
417 1352 532 1380 exstat
542 1349 576 1379 in
585 1350 703 1389 Cujac.
716 1349 805 1380 Scal.

104 1396 217 1429 Oxon.
233 1401 270 1428 et
290 1398 385 1430 Leid.
409 1408 461 1439 pr.
507 1400 642 1440 Reliqui
671 1400 806 1432 codices

104 1446 171 1478 mei
183 1456 260 1478 cum
271 1447 410 1479 aliorum
418 1448 521 1480 Mstis
534 1453 569 1481 et
580 1449 667 1481 Edd.
685 1450 806 1490 priscis

102 1499 268 1537 percepta;
285 1497 374 1538 quod
385 1502 496 1529 tamen
510 1499 727 1530 Hotomanno
740 1509 806 1530 non

103 1547 210 1587 magis
226 1548 367 1589 placuit,
390 1558 490 1590 quam
507 1549 652 1580 alterum
677 1550 805 1581 ratione.

106 1597 267 1638 Proecepta
292 1603 347 1630 est
372 1599 405 1630 in
423 1599 535 1630 Palat.
580 1600 653 1639 Ego
672 1609 805 1641 quoque

106 1647 152 1678 nil
178 1651 308 1679 temere
335 1654 450 1680 muto:
476 1653 512 1680 et
526 1653 651 1689 accepta
666 1651 806 1681 oratione

104 1697 252 1738 explico,
267 1698 384 1730 audita
399 1699 564 1737 oratione,
587 1709 651 1740 qua
667 1705 805 1731 conten-

103 1752 159 1779 tus
174 1746 237 1779 fnit
251 1753 287 1780 et
301 1749 476 1789 adquievit
492 1750 534 1780 ob
552 1750 700 1780 rationes
716 1750 750 1779 in
767 1759 806 1780 ea

103 1798 286 1839 expositas.
330 1799 461 1830 Eadem
472 1799 618 1830 varietas
632 1798 721 1838 apud
735 1799 805 1830 Sal-

106 1848 185 1879 lust.
202 1848 245 1879 B.
261 1849 340 1889 Jug.
366 1858 396 1880 c.
413 1851 466 1880 22.
489 1849 499 1866 ⁴
518 1849 670 1882 Quorum
685 1848 807 1889 Jugur-

105 1896 164 1928 tha
178 1902 323 1938 accepta
335 1898 488 1929 oratione
506 1898 704 1938 respoudit!

145 1955 186 1978 ιι.
211 1950 234 1978 6
272 1947 488 1988 Constructas]
526 1948 611 1979 Mss.
641 1948 805 1989 Bongars.

104 2005 155 2036 pr.
174 2005 243 2028 sec.
267 1996 394 2028 Audin.
410 1997 568 2029 Vossiani
583 2007 712 2038 omnes,
740 1999 805 2030 Pe-

106 2049 177 2077 tav.
205 2046 330 2078 Lovan.
359 2047 456 2087 Egm.
481 2047 578 2079 Leid.
608 2057 659 2088 pr.
689 2053 724 2079 et
748 2048 805 2080 alii

105 2104 182 2126 cum
216 2096 306 2128 Edd.
335 2096 484 2138 Incerta,
519 2097 611 2138 Alai,
647 2099 804 2140 Gryphii,

105 2145 311 2187 Cellariique
340 2147 466 2178 liabent
493 2148 670 2180 instrzwtas.
728 2150 807 2181 Non

107 2200 241 2228 tantum
263 2197 449 2229 aedificatas
465 2208 581 2239 naves,
610 2200 670 2230 sed
693 2205 729 2232 et
753 2211 805 2232 ar-

106 2247 284 2278 mamentis
298 2253 431 2278 ornatas
447 2249 588 2289 invenit,
602 2250 651 2281 ita
672 2256 709 2282 ut
726 2261 806 2292 pau-

107 2296 155 2328 cis
169 2296 288 2328 diebus
302 2297 422 2329 deduci
436 2305 586 2339 possent.
625 2301 806 2342 Proprium

106 2353 217 2378 autem
246 2348 309 2380 hoc
339 2349 372 2379 iu
399 2358 434 2380 re
461 2351 571 2381 navali
599 2351 722 2383 bellica
752 2358 808 2385 est

106 2397 259 2429 verbum.
288 2409 318 2429 c.
336 2404 367 2430 5.
392 2400 401 2417 ‘
422 2400 585 2442 Reliquas
611 2407 747 2441 paratas
764 2404 805 2435 ad

106 2449 333 2489 navigandum
370 2455 474 2491 atque
512 2451 667 2483 omnibus
705 2453 806 2484 rebus

107 2497 292 2530 instructas
308 2499 462 2531 invenit!
508 2500 597 2532 vide.
611 2507 646 2532 et
667 2503 708 2532 B.
733 2503 806 2534 Civ.

109 2555 135 2578 1.
150 2550 203 2579 36.
225 2556 282 2580 111.
307 2552 379 2580 100.
402 2551 411 2566 ‘
430 2554 538 2581 tectas
556 2551 808 2593 instructasque

108 2597 273 2638 scaphas?
318 2599 440 2640 virgil.
457 2599 533 2630 AEu.
551 2610 592 2631 11.
605 2603 678 2632 254.
696 2603 705 2618 ‘
724 2602 808 2633 Plia-

109 2645 187 2676 lan'x
199 2647 376 2680 instructis
387 2650 530 2682 navibus
551 2650 645 2682 ibat!
680 2651 807 2683 Justin.

111 2705 145 2727 v.
161 2699 193 2728 4.
210 2701 240 2729 1.
264 2701 277 2718 ⁴
292 2700 472 2733 Instructis
500 2702 642 2734 navibus
667 2712 808 2743 exspec-

110 2747 253 2780 tabant!
296 2751 448 2784 Frontin.
489 2760 529 2784 11.
567 2758 598 2784 5.
636 2756 688 2785 47.
731 2756 740 2770 ”’
755 2754 809 2784 Iu-

780 194 843 224 DE
878 195 1032 226 BBLLO
1063 195 1291 226 GALLICO.

1447 187 1560 228 1075

857 293 985 319 structa
1002 289 1119 320 classis
1133 290 1175 321 ad
1193 288 1409 330 pugnandum
1423 299 1559 329 proces-

857 338 977 377 sisset‚'
994 345 1029 370 et
1047 340 1168 380 passim
1187 340 1247 379 illi,
1263 340 1438 380 ceterique
1456 340 1559 372 histo-

857 389 931 419 rici.
977 390 1101 420 Delevi
1119 391 1234 431 itaque
1258 390 1427 430 vulgarem
1444 391 1561 423 lectio-

855 447 932 468 nem
948 443 1044 470 const.
1059 451 1133 480 quae
1155 451 1221 472 non
1237 440 1469 481 confirmatur,
1496 442 1564 474 nisi>

856 498 875 519 a
890 490 1026 520 Carrar.
1042 496 1077 522 et
1091 492 1329 523 recentissimis
1344 492 1450 524 Codd.
1466 492 1560 525 Duk.

856 539 963 580 Bong.
989 545 1070 571 tert.
1089 541 1163 572 Pal.
1188 547 1224 573 et
1242 543 1338 574 Leid.
1353 553 1419 575 sec.
1447 543 1561 575 forsan

855 591 957 621 ctiam
975 591 1016 622 ab
1031 591 1145 623 Oxon.

898 642 1007 682 Neque
1034 643 1163 672 multum
1191 643 1294 674 abesse
1320 642 1358 673 ab
1384 645 1432 684 eo]
1471 644 1562 676 Ulti-

854 701 941 723 mam
958 701 1077 723 vocem
1094 702 1170 723 cnm
1187 693 1375 732 penultima
1387 694 1562 727 abundare

855 747 996 773 censent
1024 743 1065 774 P.
1093 743 1294 774 Ciaeconius
1311 748 1347 774 et
1367 744 1440 776 Jos.
1459 744 1563 776 Scali-

855 803 926 833 ger.
985 794 1053 825 Sed
1085 795 1265 835 aliquoties
1296 795 1562 836 observavimus,

855 846 1022 876 Caesarem
1039 845 1199 876 nonnulla
1226 845 1358 885 plenius
1385 847 1562 886 extulisse,

855 905 952 935 quam
978 895 1034 926 alii
1062 895 1133 926 fere
1156 897 1290 934 solent3
1321 897 1450 928 idcirco
1478 897 1561 928 nihil

854 945 1025 984 mutarim,
1051 946 1220 986 praecipue
1245 956 1321 978 cum
1350 948 1425 978 libri
1443 957 1566 979 omnes

855 995 1026 1035 vulgatam
1054 996 1236 1027 lectionem
1259 1002 1456 1028 constanter
1481 998 1562 1029 reti-

854 1050 971 1086 neant,
985 1055 1024 1077 ac
1048 1046 1170 1077 Cicero
1187 1048 1287 1078 Tusc.
1313 1049 1443 1080 Quaest.
1466 1057 1488 1078 1.
1506 1051 1560 1079 31.

854 1094 945 1126 dicat
960 1097 968 1112 ⁴
985 1097 1130 1127 Tantum
1147 1101 1260 1127 autem
1277 1097 1376 1128 abest
1392 1097 1435 1128 ab
1450 1107 1502 1136 eo,
1523 1103 1562 1129 ut

853 1146 976 1176 malum
991 1156 1080 1177 mors
1095 1147 1138 1177 sit
1153 1147 1172 1185 ;’
1191 1146 1248 1187 qui
1264 1147 1426 1187 loquendi
1442 1147 1561 1180 modus

853 1205 919 1226 non
945 1195 1062 1228 differt
1087 1197 1128 1228 ab
1157 1206 1209 1237 eo,
1240 1206 1340 1237 quem
1364 1197 1417 1228 hic
1445 1202 1562 1229 noster

854 1246 1022 1279 adhibuit.
1067 1248 1179 1280 Davis.

899 1300 939 1328 10
958 1298 1246 1329 Commodissimum
1259 1298 1292 1329 in
1306 1298 1348 1329 B.
1362 1299 1562 1337 transjectum

855 1356 882 1377 e.
897 1357 924 1377 c.
937 1357 963 1377 c.
975 1349 1094 1379 milium
1105 1359 1136 1389 p.
1149 1358 1225 1380 xxx
1241 1359 1260 1380 a
1275 1349 1460 1389 continenti]
1477 1350 1561 1380 Mss.

856 1396 1012 1438 plerique
1031 1403 1069 1429 et
1087 1398 1196 1430 Editt.
1222 1398 1319 1430 Vett.
1346 1400 1562 1429 transmissum

856 1457 875 1478 α
900 1448 1083 1479 continenti.
1139 1449 1206 1479 Sed
1245 1458 1309 1478 vox
1347 1448 1563 1480 transmissum

855 1497 1200 1536 interpretamentum
1212 1498 1350 1529 videtur
1360 1498 1445 1528 illius
1458 1502 1562 1530 traus-

847 1546 970 1583 jeceum
1007 1548 1042 1578 iu
1085 1549 1175 1579 linea
1213 1549 1385 1588 superiore
1423 1549 1560 1589 positae.

861 1598 969 1627 Clark.
1015 1598 1158 1628 Temere
1183 1598 1334 1638 Scaliger
1360 1603 1395 1630 et
1421 1608 1517 1640 seqq.
1542 1608 1562 1630 e

857 1646 980 1676 Faerni
997 1648 1098 1677 unico
1115 1647 1235 1678 codice
1260 1648 1363 1678 tacite
1385 1649 1562 1688 ejecerunt

856 1707 972 1728 vocem
996 1699 1222 1738 transmissum,
1252 1709 1328 1740 quae
1366 1700 1399 1730 in
1436 1701 1561 1732 ceteris

856 1747 1015 1786 omnium,
1044 1749 1196 1789 meisque
1229 1750 1404 1781 codicibus
1432 1751 1561 1791 reperi·

856 1793 997 1835 tur‚'ut
1027 1802 1062 1827 et
1092 1798 1124 1827 in
1165 1798 1253 1829 Edd.
1294 1800 1493 1839 Veteribus,
1521 1811 1561 1833 ac

856 1847 1014 1887 Gry-pini,
1030 1848 1206 1889 Stephani,
1231 1850 1405 1892 Lipsiique
1430 1852 1562 1884 scilicet

855 1902 936 1937 post
972 1907 1147 1930 numerum
1186 1908 1276 1931 xxx.
1322 1900 1363 1931 In
1401 1902 1560 1933 Palatino

855 1957 936 1979 vero
962 1949 1050 1980 milia
1076 1950 1257 1982 scribitur:
1283 1952 1376 1993 quasi
1401 1954 1563 1984 transmis-

853 2008 904 2029 sus
918 1999 1007 2030 idem
1033 2006 1146 2040 posset
1161 2006 1293 2041 notare,
1309 2012 1348 2034 ac
1363 2004 1484 2034 distans
1505 2004 1560 2034 vel

855 2050 973 2081 simile.
1019 2051 1097 2083 Non
1111 2058 1206 2092 puto.
1253 2053 1364 2084 Multo
1377 2054 1489 2084 verior
1505 2059 1559 2085 est

855 2100 1065 2132 Hotomanui
1094 2103 1306 2143 conjectura,
1343 2113 1409 2145 qua
1440 2108 1561 2136 censet

854 2151 1029 2190 traJ'eccum,
1068 2157 1107 2183 ut
1137 2158 1190 2184 est
1217 2154 1250 2184 in
1278 2154 1362 2184 Mss.
1391 2163 1410 2184 e
1438 2155 1561 2186 Glossa

855 2200 1059 2232 substantivi
1095 2203 1257 2234 rarissimi
1290 2205 1487 2235 transmissi&
1525 2205 1560 2235 in

855 2255 987 2282 textum
1029 2252 1236 2295 inrepsisse:
1275 2254 1364 2285 addo
1406 2264 1483 2295 ego,
1523 2258 1559 2286 et

855 2301 934 2333 dein
950 2304 1164 2335 transmissum
1186 2314 1247 2345 pro
1275 2305 1448 2345 adjectivo
1471 2316 1559 2343 sumss

856 2356 940 2391 tum,
969 2359 1006 2385 et
1041 2354 1075 2384 in
1110 2364 1179 2396 seq.
1216 2364 1349 2386 versum
1380 2355 1558 2387 detrusum

856 2411 940 2434 esse.
990 2404 1199 2436 Trunsmissus
1218 2406 1281 2436 hoc
1302 2415 1402 2437 sensu
1419 2416 1559 2447 usurpa-

857 2456 910 2484 tur
925 2454 989 2486 hoc
1015 2456 1090 2495 ipso
1114 2455 1173 2486 lib.
1190 2466 1220 2487 c.
1240 2459 1292 2487 13.
1316 2456 1419 2488 ‘Pari
1447 2456 1557 2497 spatio

858 2504 1071 2536 transmissus
1103 2510 1205 2546 atque
1230 2516 1272 2537 ex
1303 2507 1419 2538 Gallia
1442 2511 1494 2537 est
1522 2506 1558 2536 iu

857 2553 1092 2586 Britanniam.’
1151 2557 1251 2588 Hanc
1285 2557 1556 2587 emendationem

857 2604 1075 2637 vehementer
1100 2606 1280 2638 confirmat
1304 2607 1432 2637 Lucani
1464 2606 1557 2636 locus

857 2663 906 2686 1v.
925 2658 998 2687 137.
1026 2657 1083 2688 ubi
1109 2658 1181 2698 pari
1205 2657 1306 2688 modo
1331 2657 1431 2695 vulgo
1455 2658 1557 2693 trans-

848 2705 935 2743 jecta
958 2707 1012 2738 vel
1033 2709 1163 2747 trajecta
1189 2709 1293 2748 legas,
1323 2707 1372 2737 uti
1396 2707 1470 2744 hic;
1494 2707 1555 2738 sed

855 2755 889 2786 in
913 2758 1096 2789 veterrimo
1120 2758 1283 2789 Vossiano
1321 2762 1417 2789 recte
1453 2761 1554 2789 trans·
