1818 3131
363 201 532 233 1A3.5m
566 191 746 230 cAr.5.

113 295 266 337 Scaliger
286 298 322 326 ct
347 295 387 327 P.
412 293 621 330 ciacconius,
644 302 720 323 cnm
746 291 808 323 lioc

117 346 256 377 verbum
315 348 475 385 putarent
524 342 806 382 expungendum:

116 401 271 428 auctores
286 395 386 433 enim,
400 393 457 434 qui
482 392 632 432 σαφηνείᾳ
655 392 808 430 student,

117 456 208 487 saepe
223 447 285 477 hoc
297 445 396 476 modo
414 454 513 476 voces
527 449 698 485 repetunt.
746 445 809 475 Mi-

117 497 232 528 nucius
248 495 342 527 Felix
365 495 446 526 Oct.
463 505 495 535 p.
513 497 565 526 52.
590 496 598 512 ‘
613 495 665 526 Sit
688 495 809 526 Thales

118 546 272 578 Milesius
301 545 449 576 omnium
485 546 623 585 primus,
658 546 715 586 qui
743 545 810 586 pri-

115 605 187 628 mus
203 595 245 626 de
261 595 456 626 coelestibus
472 595 668 636 disputavit.
716 596 810 626 Idem

114 647 236 678 Thales
249 646 403 678 Milesius
416 657 526 678 rerum
544 647 676 678 initium
693 656 811 688 aquam

116 696 223 728 dixit:
266 697 354 727 Vide
371 702 406 728 et
424 698 462 728 B.
481 698 524 729 G.
550 707 596 728 lv.
625 700 674 729 13.
697 698 810 728 Davis.

117 746 361 786 Indutiomarum]
403 747 593 778 Delendam
617 748 813 779 existimant

116 797 200 827 hanc
218 806 332 828 vocem
360 797 558 829 Ciacconius
582 802 617 829 et
648 798 811 838 Scaliger.

118 848 163 878 Et
186 856 278 886 sane,
302 847 344 878 ad
373 847 589 887 sententiam,
614 858 814 888 supervaca-

115 906 181 928 nea
206 901 267 929 est.
325 897 442 929 Habet
470 903 581 930 tamen
608 904 813 930 momentum

118 957 214 978 suum
253 947 300 986 id,
332 948 421 989 quod
453 948 554 980 affert
581 950 744 982 Davisius
772 950 814 981 de

117 997 334 1037 simplicitate
358 1003 392 1029 et
414 999 566 1041 σαφηνείᾳ
601 1000 698 1041 hujus
728 1000 816 1032 Auc-

117 1048 208 1078 toris.
234 1048 342 1079 Clark.
396 1048 595 1089 Agnoscunt
623 1051 725 1082 etiam
750 1052 815 1082 mei

116 1107 244 1137 omnes,
267 1098 396 1139 Celsus,
420 1104 456 1130 et
476 1101 741 1141 Metaphrastes,
756 1101 815 1132 sed

118 1149 243 1180 rectius
255 1149 376 1182 Petav.
393 1151 508 1191 anac.
524 1150 614 1182 And.
643 1152 738 1184 Leid.
763 1162 815 1192 pr.

119 1199 233 1231 Oxou.
263 1204 298 1231 et
330 1201 392 1232 Ed.
419 1201 460 1232 R.
489 1201 654 1242 Stephani
684 1207 817 1242 ponunt

119 1253 199 1281 ante
234 1260 351 1282 vocem
380 1251 517 1283 teritus.-
561 1262 644 1293 qnos
680 1257 816 1284 secutus

118 1310 203 1332 snm.
247 1302 297 1332 Ea
313 1308 427 1333 tamen
450 1303 539 1333 sedis
569 1304 714 1334 mutatio
737 1312 818 1333 non·

119 1351 200 1382 nihil
216 1351 310 1383 favet
325 1352 436 1385 doctis
451 1354 554 1392 Viris,
569 1353 689 1394 quibus
713 1353 818 1385 deleri

122 1401 289 1440 placebat.

155 1454 195 1481 24
217 1452 454 1493 Permiswrum]
468 1454 555 1486 Edd.
567 1454 665 1487 Rom.
677 1455 818 1486 Mediol.

119 1502 207 1532 ch.
218 1506 254 1533 et
270 1503 358 1534 Flor.
371 1505 611 1536 commissurum.
657 1506 747 1538 Quia
762 1506 822 1537 sci-

121 1551 203 1583 licet
240 1553 461 1593 praecedebat
495 1555 701 1594 permitteret.
754 1556 820 1586 Sed

124 1603 165 1634 V.
181 1603 224 1634 ad
253 1612 276 1635 1.
299 1607 353 1635 44.
380 1609 415 1636 et
438 1605 481 1636 (le
509 1606 613 1637 verbo
643 1607 822 1645 permittere

106 1653 164 1688 ,ad
193 1655 319 1685 Lucan.
344 1664 409 1686 vu.
431 1659 505 1686 286.
532 1656 604 1686 Liv.
626 1665 751 1688 xxxw.
767 1660 820 1688 27.

125 1711 134 1721 ⁶
153 1706 198 1736 Ut
216 1706 250 1736 in
271 1705 373 1737 fidem
389 1715 424 1737 se
449 1707 688 1747 permitterent
711 1707 821 1738 Rom.'

123 1755 238 1787 similis
262 1755 416 1787 confusio
432 1756 521 1796 apud
549 1757 703 1788 Ciceron.
721 1757 822 1788 Catil.

125 1814 151 1836 ι.
169 1809 200 1837 2.
224 1808 233 1823 ‘
249 1807 288 1838 C.
304 1807 415 1838 Mario
439 1812 475 1838 et
499 1808 539 1839 L.
564 1807 702 1838 Valerio
730 1808 822 1838 Coss.

123 1864 176 1890 est
192 1859 352 1900 permissa
369 1859 480 1900 Resp.'
504 1859 593 1901 quod
610 1859 734 1890 mutari
757 1869 824 1890 non

126 1908 255 1940 debuit.
300 1909 394 1940 Infra
411 1920 439 1941 c.
453 1913 504 1941 ll.
521 1911 676 1941 ‘Summa
691 1910 825 1950 imperii

128 1959 288 1998 permissa
313 1960 588 1992 Cassivellanno!
613 1961 655 1991 B.
683 1960 720 1991 C.
752 1961 772 1991 l.
798 1970 822 1993 1.

127 2012 136 2025 ‘
150 2009 297 2050 Respnb.
314 2011 456 2049 senatui,
468 2012 661 2052 populoque
674 2012 824 2043 Romano

127 2060 366 2099 permittatur!
412 2061 512 2101 Apul.
554 2060 639 2092 Met.
677 2062 697 2092 l.
743 2071 823 2093 vm.

128 2119 162 2150 p.
180 2112 254 2141 168.
278 2112 286 2127 ‘
301 2111 363 2142 Cui
388 2116 544 2143 cunctam
571 2111 705 2144 familiae
737 2117 825 2144 tute-

129 2152 195 2190 lam
224 2159 376 2192 dominus
400 2163 600 2201 permiserat
624 2163 725 2194 suns.’
769 2163 825 2194 Sic

130 2209 214 2240 Mss.
231 2214 265 2240 et
285 2210 369 2241 Edd.
387 2212 481 2243 Vett.
495 2213 580 2244 male
598 2214 824 2246 Elmenhorst.

128 2259 238 2291 Scriv.
254 2264 287 2291 et
304 2261 394 2291 Flor.
418 2263 606 2294 commiserat
624 2269 744 2295 contra
758 2266 827 2296 vul-

130 2318 245 2349 garem
285 2309 419 2350 Apuleii
455 2312 592 2352 stylum,
627 2324 825 2355 quamquam

129 2358 159 2389 is
182 2368 246 2389 non
263 2369 396 2400 semper
420 2361 485 2392 sibi
508 2366 654 2394 constet.
676 2364 718 2395 V.
738 2364 826 2396 Prie.

131 2409 223 2442 Add.
246 2411 287 2442 ad
306 2412 325 2442 l.
343 2421 392 2442 lv.
408 2422 441 2452 p.
454 2415 506 2444 67.
524 2414 598 2453 plus
621 2418 716 2445 notat
730 2424 827 2455 qnam

129 2470 235 2492 comm.
266 2462 337 2493 Cic.
351 2463 450 2493 Verr.
466 2472 491 2494 ι.
508 2466 562 2495 32.
585 2465 594 2481 ‘
613 2464 829 2495 Incommoda

127 2516 188 2542 sna
204 2512 327 2543 nostris
339 2513 553 2544 committere
567 2514 707 2554 legibus,
731 2523 830 2555 quam

131 2560 242 2593 dolori
256 2572 315 2594 suo
339 2563 537 2603 permittere
554 2564 768 2596 maluerunt?

174 2620 225 2643 lv.
248 2616 266 2644 ⁵
292 2613 336 2644 Et
346 2613 379 2644 in
394 2613 530 2656 iisfilio]
557 2615 717 2655 Bongars.
731 2615 828 2655 prim.

132 2660 293 2703 Scaliger.
312 2664 504 2705 Leidenses,
519 2664 685 2704 Vossiani‚
701 2665 830 2696 Lovan.

134 2710 301 2750 Egmund.
332 2713 459 2756 aliique
493 2715 591 2747 multi
627 2725 704 2747 cum
741 2715 830 2747 Edd.

137 2759 257 2798 primis
281 2770 321 2795 ac
354 2763 398 2796 R.
425 2764 542 2808 steph.
569 2769 688 2798 carent
724 2766 768 2806 τῷ
790 2768 831 2797 et.

785 201 843 229 nh:
880 201 1033 230 BELLO
1065 202 1091 229 G
1103 201 1125 230 A
1137 201 1294 231 Lmen.

1447 192 1559 232 1077

861 294 958 324 Vere.
989 295 1023 324 Iu
1052 295 1092 325 iis
1121 294 1245 326 desunt
1271 295 1303 325 in
1336 294 1456 325 Petav.
1483 294 1560 327 Pal.

860 342 971 373 Oxou.
998 351 1033 375 ct
1053 344 1138 376 Edd.
1163 345 1481 386 quibus-lanizfiliis
1503 356 1561 376 ex-

858 397 927 422 stat
945 395 976 423 in
995 395 1108 433 (ju-iac.
1138 395 1260 434 Scalig.
1286 401 1322 427 ct
1339 395 1434 426 Leid.
1453 396 1561 436 primo

860 447 979 473 contra
995 444 1130 474 Celsum
1144 449 1179 475 et
1199 446 1468 485 Metaplirasten.

903 496 921 523 7
947 493 1130 524 Consulum-1
1156 495 1417 536 Indutiomarum]
1441 497 1502 536 Eo,
1525 500 1563 528 ut

861 544 1017 583 arbitror,
1048 546 1194 577 certiore
1226 546 1330 587 sacto,
1358 548 1462 580 tilium
1486 559 1563 590 pro-

862 595 1074 636 pinquosque
1088 596 1117 635 ej
1126 605 1161 625 ns
1177 597 1255 627 nihil
1274 598 1470 629 detrimenti
1488 608 1566 639 cap-

864 649 968 684 turos,
990 645 1073 676 licet
1097 656 1212 677 secum
1230 647 1262 678 in
1279 648 1493 680 Britanniam
1507 650 1564 681 ob·

862 695 971 726 sidunt
985 696 1060 727 loco
1075 695 1296 730 ducerentur.
1334 699 1375 730 V.
1393 709 1423 731 c.
1436 705 1467 731 5.
1483 708 1517 732 ct
1534 704 1565 731 t).

863 745 976 776 Davis.
1417 762 1421 767 .

906 797 926 825 9
947 795 1139 836 Sigillatae'm]
1176 795 1216 827 In
1251 797 1335 829 Mss.
1370 806 1567 830 constanter

866 850 990 886 praeter
1020 856 1122 876 unum
1155 847 1368 888 alterumque
1401 850 1568 881 recentio-

865 906 948 935 rem,
963 901 999 928 et
1016 897 1103 929 Eud.
1118 897 1238 938 priscis
1255 899 1453 938 singillatim.
1500 899 1568 931 Adi

866 947 908 978 ad
936 956 990 978 111.
1014 950 1044 979 2.

909 999 949 1027 13
974 997 1013 1027 Id
1033 996 1156 1036 factum
1183 1009 1235 1038 gr.
1266 999 1355 1038 tulit]
1379 1000 1462 1030 Mss.
1489 999 1570 1031 alio-

865 1056 939 1077 rum
973 1051 1009 1078 et
1036 1047 1101 1077 mei
1132 1056 1182 1080 xi.
1213 1057 1289 1079 cum
1327 1049 1442 1080 multis
1479 1049 1569 1080 Edd.

867 1098 905 1128 Id
928 1097 1002 1128 tulit
1016 1097 1152 1136 factum.
1198 1097 1297 1129 Unde
1325 1108 1431 1139 prona
1462 1099 1571 1130 oritur

867 1147 1031 1188 suspicio,
1054 1146 1092 1177 τὸ
1107 1147 1232 1185 sactum
1263 1158 1336 1179 esse
1368 1158 1386 1179 e
1426 1149 1571 1187 Glossa;

867 1208 943 1239 quae
974 1197 1193 1229 confirmatur
1222 1199 1305 1229 Mss.
1345 1199 1444 1230 Gott.
1475 1199 1571 1231 Leid.

868 1253 948 1281 tert.
967 1250 1065 1281 Voss.
1079 1254 1162 1280 tert.
1180 1253 1216 1280 et
1232 1249 1295 1280 Ed.
1315 1249 1387 1280 Inc.
1402 1250 1434 1280 in
1449 1249 1570 1290 quibus

867 1310 908 1332 ea
923 1310 990 1331 vox
1012 1310 1079 1332 non
1106 1306 1294 1340 comparet.
1321 1300 1459 1332 Carrar.
1484 1302 1523 1331 Id
1540 1301 1571 1331 in

867 1360 899 1381 se
907 1350 1047 1388 sactum.

913 1410 945 1432 v.
970 1404 989 1432 2
1028 1411 1086 1433 xz.
1109 1402 1215 1442 naves]
1239 1403 1350 1435 Julius
1381 1403 1500 1435 Celsus
1530 1402 1573 1433 (lc

870 1453 931 1484 vit.
971 1453 1056 1484 Caes.
1088 1456 1121 1492 p.
1160 1456 1210 1483 80.
1255 1453 1360 1484 habet
1396 1452 1575 1492 sexaginta,

871 1513 971 1544 quem
998 1504 1101 1535 etiam
1131 1514 1306 1535 numerum
1331 1504 1481 1535 retinent
1508 1504 1575 1535 ΜΞ.

874 1555 982 1586 Norv.
1008 1565 1048 1586 ac
1076 1554 1175 1586 editt.
1201 1555 1442 1596 antiquissima:
1474 1555 1575 1586 Rom.

873 1605 958 1636 Ven.
995 1609 1030 1636 et
1061 1605 1221 1636 Beroald.
1259 1606 1335 1636 Stat
1366 1610 1479 1636 autem
1514 1615 1576 1645 pro

871 1656 1010 1696 vulgata
1037 1655 1183 1687 lectione
1206 1656 1474 1696 Metaphrastes.
1509 1657 1577 1686 Da-

872 1705 929 1736 vis.
977 1705 1062 1736 Mss.
1080 1705 1168 1745 Reg.
1185 1705 1311 1736 Eliens.
1336 1709 1371 1736 et
1394 1705 1519 1743 Vossii,
1542 1708 1578 1735 et

874 1756 983 1787 Editt.
1005 1756 1155 1797 antiquae
1177 1756 1331 1796 plurimae
1345 1755 1490 1794 habent;
1514 1764 1576 1787 Lx.

876 1806 983 1836 Clark.
1028 1814 1084 1836 Lx.
1111 1806 1216 1836 etiam
1242 1806 1577 1847 Mss.meisepten1-

874 1856 997 1896 decim,
1022 1856 1055 1886 in
1073 1857 1192 1898 quibus
1211 1857 1331 1888 Pctav.
1355 1863 1392 1887 ct
1408 1857 1578 1898 Egmund.

875 1907 1044 1947 expressis
1082 1906 1207 1938 litteris
1244 1906 1374 1938 habent
1399 1908 1579 1946 sexaginta.

875 1957 916 1987 In
933 1961 1132 1997 corruptum
1158 1957 1242 1989 Cod.
1270 1962 1308 1988 nt
1333 1958 1366 1988 in
1389 1959 1518 1989 Lovan.
1544 1964 1580 1990 et

877 2007 989 2039 Oxon.
1008 2009 1075 2049 *vel
1103 2008 1245 2040 similem
1284 2009 1447 2041 inciderit
1470 2009 1580 2041 Meta-

877 2060 1044 2100 phrastes.

921 2111 959 2142 In
987 2111 1118 2151 Meldis]
1141 2110 1263 2150 Belgis.
1301 2111 1358 2142 Sic
1396 2111 1464 2142 Ms.
1495 2112 1579 2152 Reg-

876 2161 930 2192 Al.
948 2161 1074 2192 Meldis.
1112 2161 1219 2192 Clark.
1267 2162 1352 2192 Cum
1369 2161 1508 2193 Clarkio
1532 2161 1580 2193 fa-

876 2211 971 2242 ciunt
987 2211 1187 2250 Beroaldus,
1210 2211 1443 2250 Rhellicanns,
1471 2212 1582 2244 Hoto-

875 2271 1030 2300 mannns,
1046 2265 1082 2292 et
1101 2261 1273 2300 Brantins,
1299 2266 1403 2302 atque
1421 2262 1581 2294 Editorcs

876 2312 973 2343 Rom.
987 2311 1127 2342 Mediol.
1138 2311 1226 2342 Ven.
1248 2311 1375 2342 Verum
1387 2312 1498 2352 Belgis
1514 2322 1581 2343 non

877 2362 1060 2402 iuvenitur,
1082 2362 1147 2392 nisi
1164 2361 1197 2392 in
1214 2362 1298 2393 Mss.
1318 2363 1583 2401 recentissimis;

878 2413 993 2455 quales
1020 2417 1100 2444 sunt
1123 2414 1288 2454 Bongars.
1319 2418 1401 2445 tert.
1432 2415 1581 2446 Palatin.

879 2462 972 2494 Leid.
989 2472 1058 2494 sec.
1074 2463 1259 2494 Dukerian.
1276 2464 1422 2495 Dorvill.
1447 2464 1505 2495 sed
1535 2469 1583 2494 ta-

879 2524 955 2545 men
971 2515 1104 2548 Carrar.
1136 2517 1194 2558 qui
1223 2515 1337 2547 forsan
1367 2521 1402 2548 et
1429 2516 1501 2557 ipse
1528 2520 1584 2546 est

881 2570 970 2597 notae
988 2567 1186 2598 recentioris
1210 2567 1341 2605 Codex,
1367 2572 1405 2597 ut
1428 2566 1583 2605 suspicor

882 2616 1016 2657 saepius,
1050 2617 1134 2649 licet
1172 2617 1262 2647 aliud
1293 2616 1336 2647 de
1367 2625 1406 2646 eo
1437 2618 1585 2646 testetur

884 2665 1023 2707 Brutus,
1049 2673 1086 2699 et
1101 2668 1268 2708 Bongars.
1300 2666 1399 2706 primi
1424 2674 1539 2706 margo
1563 2674 1584 2696 a

881 2725 925 2753 m.
962 2727 1031 2750 sec.
1060 2722 1250 2758 agnoscunt
1288 2725 1420 2757 quoque
1458 2715 1584 2755 Belgis.

883 2767 997 2799 Ceteri
1038 2767 1242 2800 vetustIores
1276 2766 1402 2809 quique
1446 2770 1585 2799 servant
