1818 3131
249 275 358 317 1124

247 380 331 412 niani
358 386 486 417 omnes,
508 376 620 407 Oxou.
639 375 762 407 Petav.
780 375 948 415 Egmund.

246 430 370 469 aliique
387 427 502 468 plures
524 426 686 457 exhibent
706 426 852 466 periculis
874 436 948 457 cum

246 479 310 510 Ed.
331 478 477 508 Incerta.
539 476 638 508 Quod
656 475 808 516 adeoque
826 477 950 517 recepi,

247 534 284 559 ut
298 528 483 560 Julianum.
527 527 582 557 Sic
597 527 676 557 alibi
692 527 725 557 in
738 527 858 567 plurali
874 538 951 557 com-

244 581 373 617 meatus,
389 577 563 615 flumenta,
581 577 747 615 siccitates,
768 578 950 616 voluntates,

245 633 281 660 et
307 627 440 659 similia.
488 629 578 658 Dein
602 627 736 658 restitui
759 628 950 667 congscitur

243 679 452 711 auctoritate
478 679 645 710 Mstorum
670 687 821 708 meorum
846 678 950 707 omni-

246 739 315 769 um,
330 728 483 769 exceptis
510 728 604 760 Leid.
622 738 673 768 pr.
695 733 731 758 ct
755 728 880 766 Oxou„
903 731 951 757 at-

245 789 311 821 que
329 778 416 810 Edd.
436 778 615 817 Veterum,
639 777 729 818 quod
747 777 780 806 in
796 776 951 815 cognoscit

244 830 389 871 primum
405 833 580 860 mutarunt
595 826 719 858 Veneti
736 838 744 864 ;
776 826 836 857 sed
853 826 950 865 bene,

244 880 336 922 quod
354 881 394 911 iis
413 889 477 910 non
494 877 650 909 obsecuti
676 877 742 907 sint
768 876 811 907 R.
834 877 949 917 steph.

242 935 279 961 et
295 931 328 961 in
345 939 412 961 sec.
427 929 491 960 Ed.
509 927 694 969 Gryphius.
722 937 761 958 ur
776 927 905 958 excidit
917 927 950 957 in

243 980 329 1012 Mss.
361 979 530 1011 nonnullis
568 978 610 1008 ob
649 987 795 1019 sequens
832 978 950 1009 Coesar.

242 1031 310 1062 Sed
327 1032 385 1062 illc
399 1031 626 1062 nominativus
643 1030 782 1068 rectius,
794 1034 833 1060 ut
848 1029 950 1069 vulgo

243 1080 294 1117 fit,
309 1080 532 1121 sequentibus
548 1078 816 1120 estjungendns.

287 1140 384 1162 Χινι.
407 1133 426 1161 7
463 1130 533 1165 Qua
548 1129 608 1160 sibi
621 1129 662 1160 sit
680 1130 740 1160 iter
755 1128 951 1169 faciendum]

243 1181 299 1212 Sic
330 1181 398 1211 Ms.
430 1181 516 1221 Reg.
548 1185 585 1212 et
615 1179 707 1210 Edit.
742 1180 836 1211 Rom.
866 1180 948 1210 Mss-

242 1231 368 1262 Elieus.
393 1234 428 1261 et
443 1230 566 1270 Vossii,
588 1240 647 1270 qua
667 1229 727 1260 sibi
752 1229 814 1260 iter
829 1229 952 1267 sacien-

239 1281 324 1312 dum.
370 1280 471 1313 Quod
499 1280 589 1311 idem
617 1284 681 1311 est.
736 1280 891 1319 Scaliger
914 1284 950 1311 et

242 1331 478 1370 Recentiores,
513 1340 572 1370 qua
598 1329 657 1360 sibi
685 1330 747 1360 iter
769 1329 950 1367 faciendum

241 1381 385 1412 sciebat.
421 1381 531 1410 Clark.
591 1380 672 1410 Non
691 1379 813 1409 vidisse
831 1379 951 1410 debuit

242 1432 398 1462 Clarkius
415 1431 592 1462 Editiones
604 1432 750 1462 Veteres
764 1441 773 1468 ;
792 1440 870 1462 nam
883 1431 949 1462 Ve-

242 1483 313 1515 neti
325 1484 396 1524 jam
414 1482 458 1514 A.
471 1485 568 1514 1517.
587 1482 666 1514 Ald.
679 1482 799 1523 steph.
815 1482 948 1522 Gryph.

241 1534 368 1575 aliique
385 1542 499 1565 omnes
515 1533 677 1565 exhibent
691 1532 819 1572 sciebat,
841 1542 861 1563 a
884 1533 949 1564 Be-

241 1583 356 1615 roaldo
383 1584 506 1625 primo,
533 1583 649 1622 eredo,
673 1584 847 1615 insertum.
903 1584 950 1614 Et

240 1643 320 1665 saue
337 1635 384 1666 ita
400 1639 516 1666 exstat
543 1634 575 1664 in
599 1634 684 1665 Mss.
708 1633 822 1674 Cujac.
844 1632 949 1664 Andi-

239 1694 295 1721 no,
320 1684 443 1724 Scalig.
463 1684 560 1715 Leid.
585 1694 636 1725 pr.
657 1684 767 1715 Oxou.
785 1689 820 1715 et
836 1685 948 1716 Meta-

241 1735 378 1774 phraste
395 1734 615 1774 διανοούμενος.
661 1735 731 1766 Pro
747 1745 787 1766 eo
804 1739 881 1767 esset
896 1740 948 1767 est

240 1786 274 1816 in
305 1785 426 1817 Petav.
461 1786 503 1816 sit
540 1789 673 1816 tantum
707 1791 882 1826 comparet
913 1787 946 1817 in

238 1835 336 1866 Carr.
352 1835 513 1866 Ciaecon.
526 1835 601 1866 Pal.
615 1835 712 1866 Leid.
729 1844 797 1866 sec.
812 1836 945 1866 Duker.

238 1885 386 1916 Dorvill.
406 1885 462 1925 qui
480 1884 625 1915 Codices
651 1889 729 1916 sunt
754 1886 945 1916 recentissi-

238 1935 295 1965 mi.
341 1934 381 1965 In
403 1935 528 1966 ceteris
553 1939 589 1964 et
615 1934 703 1966 Edd.
731 1936 847 1976 primis
875 1941 946 1967 tan-

240 1989 310 2015 tum
327 1990 378 2016 est
394 1995 452 2025 qua
465 1984 524 2015 sibi
535 1983 798 2022 iterfaciendum.
844 1987 945 2018 Quod

238 2034 451 2075 praeferrem,
465 2035 527 2066 nisi
543 2035 658 2066 sciebat
676 2035 824 2067 retinere
842 2036 945 2067 satius

237 2085 419 2116 duxissem.
481 2086 642 2117 Ceterum
674 2085 862 2123 faciundum
895 2096 944 2117 re-

237 2137 360 2176 scripsi
377 2146 419 2167 ex
437 2137 520 2168 Cod.
539 2137 675 2168 Carrar.

280 2191 300 2218 8
325 2187 442 2227 Possit]
487 2188 541 2218 Sic
559 2188 625 2218 Ms.
652 2189 735 2229 Reg.
783 2187 884 2221 Quod
908 2193 944 2220 et

236 2236 445 2278 Tempornm
472 2238 560 2269 ratio
584 2239 746 2279 postulat.
792 2240 943 2280 Scaliger

237 2289 375 2329 aliique,
400 2289 507 2320 minus
534 2294 642 2330 recte,
663 2293 775 2330 posset.
835 2291 943 2323 Clark.

236 2338 373 2370 Clarkio
390 2340 617 2380 adstipulatur
634 2340 723 2370 solus
753 2339 850 2371 Leid.
877 2340 942 2380 pri-

235 2398 321 2420 mus.
374 2389 510 2430 Reliqui
537 2390 620 2421 Mss.
647 2394 684 2421 et
712 2399 826 2421 omnes
853 2391 940 2422 Edd.

232 2442 355 2479 posset.-
379 2440 470 2480 quod
497 2444 625 2471 temere
652 2440 808 2471 mutavit.
852 2440 941 2472 vide

236 2490 280 2521 ad
297 2499 319 2521 1.
335 2493 365 2521 8.

281 2542 320 2571 10
346 2541 609 2581 Exspectandum]
655 2541 694 2571 In
719 2541 838 2581 Cujac.
855 2541 939 2573 Cod.

235 2599 313 2622 cum
340 2591 385 2621 sit
411 2592 623 2630 exercendam,
647 2591 844 2630 conjecerat
866 2592 939 2632 ipse

236 2641 288 2672 vir
317 2650 458 2682 maguus
488 2641 712 2680 accersendam,
750 2651 813 2672 non
852 2642 939 2673 male

235 2690 403 2731 profecto,
448 2691 518 2722 sive
558 2691 669 2732 potius
708 2693 936 2722 arcessendam:

236 2751 313 2772 nam
338 2746 373 2773 et
394 2741 507 2773 inveni
534 2742 568 2772 in
593 2741 755 2781 Scaliger.
782 2747 815 2772 et
844 2741 938 2773 Leid.

237 2793 344 2831 primo
359 2794 571 2824 exercendam.
627 2792 726 2824 Quod
745 2798 855 2824 tamen
872 2793 940 2823 ele-

236 2841 369 2881 gantius
385 2843 533 2874 retinere
556 2842 664 2884 possis
682 2851 743 2884 pro
757 2842 798 2873 ad
814 2842 938 2874 bellum

722 279 864 311 NOTAE
895 278 1159 310 VARIORUM
1194 278 1244 308 IN

1001 374 1238 406 adhibendam.
1275 371 1342 403 Adi
1357 370 1491 403 omnino
1505 370 1576 403 Cel.
1587 370 1703 404 Burm-

1001 426 1042 456 ad
1064 426 1205 456 Petron.
1231 435 1260 454 c.
1279 427 1331 454 94.
1355 425 1363 439 ⁴
1382 433 1457 454 eum
1486 423 1520 454 in
1547 421 1704 463 Eumolpi

1001 477 1198 516 sanguinem
1236 474 1460 505 exercuissem
1477 472 1496 504 ι’
1542 473 1595 503 vel
1629 471 1705 503 sati-

1001 526 1145 565 gandam
1163 525 1284 555 itinere
1303 526 1423 564 longo:
1461 528 1497 554 ut
1527 522 1616 563 apud
1640 522 1706 554 Te-

1001 580 1089 606 rent.
1113 575 1122 590 ‘
1139 583 1299 606 exercere
1317 574 1455 605 servos?
1501 574 1573 604 Liv.
1602 581 1627 604 1.
1651 574 1708 604 56.

1000 624 1196 655 ‘laboribus
1224 625 1377 656 exercita
1403 624 1500 665 plebe
1514 625 1533 656 ι’
1568 628 1602 654 et
1630 632 1706 664 pas-

1002 675 1085 706 sim:
1119 675 1193 705 binc
1215 674 1382 705 laboriosus
1398 680 1433 705 et
1455 675 1610 705 exercitus
1628 673 1707 713 jun-

1003 730 1140 765 guntur.
1199 726 1243 756 V.
1273 726 1462 756 Comment.
1494 723 1536 754 ad
1567 724 1706 754 Sueton-

1000 776 1111 807 Tiber.
1140 786 1171 807 e.
1188 779 1218 807 6.
1246 781 1281 806 et
1309 775 1461 806 Gronov.
1487 773 1572 804 Obs.
1598 782 1647 804 iv.
1675 775 1707 804 4.

1001 827 1128 857 Verum
1145 826 1297 868 quamvis
1314 826 1514 856 exercendam
1530 823 1628 854 valde
1651 822 1708 854 ad-

1002 876 1205 914 blandiatur,
1240 875 1394 916 recipere
1430 879 1542 906 tamen
1585 873 1704 904 nolui:

1002 927 1082 967 quia
1095 926 1242 966 vulgaris
1259 926 1362 956 lectio
1383 925 1527 966 simplex
1550 928 1586 955 et
1611 928 1708 955 natu-

1002 978 1081 1009 ralis
1099 978 1243 1010 Caesaris
1266 977 1406 1009 consilio
1432 976 1512 1008 satis
1535 975 1709 1016 convenit,

1002 1033 1071 1059 eta
1086 1028 1318 1069 Metapbraste
1343 1031 1378 1058 et
1405 1027 1506 1058 Celso
1531 1025 1708 1057 confirma-

1002 1085 1058 1111 tur
1073 1091 1080 1110 ε
1117 1085 1266 1112 attamen
1284 1081 1318 1111 in
1334 1079 1400 1112 illis
1427 1078 1604 1110 codicibus
1619 1077 1707 1118 opti-

1001 1140 1071 1162 mas
1088 1140 1162 1162 esse
1181 1131 1391 1171 plerumque,
1419 1134 1456 1161 ut
1473 1138 1565 1170 saepe
1582 1128 1707 1168 monui,

1001 1181 1179 1220 lectiones,
1197 1186 1293 1222 patet
1309 1182 1360 1212 vel
1386 1191 1405 1212 e
1430 1179 1587 1222 sequenti
1614 1179 1708 1219 cogit,

1001 1232 1089 1273 quod
1107 1232 1130 1263 ii
1147 1233 1208 1263 soli
1236 1242 1279 1264 ex
1307 1232 1432 1263 nostris
1450 1241 1526 1262 cum
1544 1230 1655 1262 Oxou.
1671 1234 1707 1261 et

1003 1283 1137 1315 Andino
1165 1288 1315 1315 servant.
1372 1283 1459 1314 Nam
1488 1282 1595 1314 ceteri
1619 1281 1705 1312 Mss.

1001 1343 1116 1364 omnes
1131 1338 1167 1364 et
1184 1334 1271 1364 Edd.
1289 1339 1368 1365 ante
1385 1333 1605 1371 Beroaldum,
1618 1332 1708 1363 aliae·

1002 1393 1067 1423 que
1083 1383 1211 1414 habent
1226 1384 1345 1423 colligit
1363 1384 1414 1414 vel
1440 1383 1584 1422 collegit;
1616 1382 1706 1414 haud

1001 1431 1104 1464 dubie
1133 1443 1151 1464 e
1181 1433 1314 1465 Glossa.
1370 1433 1463 1465 Nihil
1493 1431 1705 1474 frequentius

1001 1488 1054 1514 est
1071 1483 1179 1524 Livio,
1195 1483 1337 1524 Caesari,
1354 1484 1547 1524 ceterisque
1572 1482 1706 1514 histori-

1001 1532 1050 1563 cis
1067 1532 1224 1574 aliisque,
1240 1542 1338 1575 quam
1360 1543 1468 1573 cogere
1492 1533 1607 1574 copias,
1620 1542 1707 1564 exer-

1001 1583 1108 1625 citum,
1132 1584 1258 1624 milites,
1282 1586 1347 1615 διο.
1385 1593 1446 1624 pro
1480 1584 1636 1623 colligere,
1671 1583 1704 1614 in

1001 1644 1102 1666 unum
1122 1635 1232 1666 locum
1250 1634 1418 1676 redigere.
1462 1635 1504 1665 V.
1523 1643 1575 1665 Π.
1589 1637 1622 1665 9.

1045 1694 1156 1716 Χινιι.
1180 1688 1200 1716 2
1232 1684 1456 1725 Progreditm]
1502 1684 1569 1716 Hic
1592 1694 1706 1716 rursus

1000 1735 1136 1773 liaereo;
1171 1744 1234 1766 nee
1263 1735 1345 1776 quid
1368 1735 1505 1775 eligam,
1531 1735 1611 1766 scio.
1657 1735 1706 1766 Ut

999 1786 1090 1817 enim
1115 1795 1204 1817 nunc
1228 1785 1354 1825 editur,
1378 1789 1491 1816 exstat
1513 1785 1647 1826 quidem
1671 1785 1705 1816 in

999 1836 1121 1875 Cujac.
1157 1836 1247 1866 And.
1284 1835 1410 1876 Sealig.
1451 1835 1547 1866 Leid.
1583 1836 1705 1876 primo,

1000 1886 1112 1916 Oxou.
1130 1891 1166 1916 et
1182 1885 1271 1916 Edd.
1291 1885 1465 1923 Beroaldi,
1489 1889 1525 1916 et
1547 1885 1603 1923 qui
1628 1894 1705 1916 eum

999 1942 1194 1976 sequuntur.
1241 1935 1309 1966 Sed
1334 1935 1367 1966 iu
1392 1935 1531 1975 reliquis
1552 1935 1705 1966 omnibus

998 1990 1032 2016 et
1050 1985 1137 2016 Edd.
1157 1985 1272 2024 primis
1295 1989 1346 2016 est
1371 1985 1520 2025 procedit.
1567 1985 1705 2016 Utrum-

998 2045 1064 2077 que
1093 2036 1232 2066 adhibet
1261 2040 1392 2067 auctor.
1440 2035 1574 2067 Inclino
1591 2039 1704 2067 tamen

997 2086 1105 2126 magis
1125 2086 1157 2116 in
1170 2086 1332 2126 procedit:
1356 2090 1394 2116 ut
1411 2095 1459 2117 w.
1477 2088 1530 2117 35.
1574 2085 1703 2118 Eadem

996 2135 1141 2167 variatio
1158 2137 1310 2167 occurrit
1327 2145 1391 2168 vu.
1404 2139 1455 2168 14.
1472 2135 1528 2167 ubi
1546 2135 1655 2175 plura,
1667 2140 1704 2167 et

997 2185 1037 2216 B.
1051 2184 1126 2216 Afr.
1146 2195 1176 2216 e.
1194 2188 1246 2216 75.
1262 2195 1311 2216 1v.
1326 2188 1377 2217 ll.
1402 2186 1582 2216 Possemus
1597 2185 1703 2226 conji-

997 2244 1088 2275 cere,
1106 2243 1286 2277 utrumque
1303 2236 1445 2267 verbum
1461 2244 1534 2267 esse
1548 2236 1702 2268 Glossain

996 2286 1136 2318 verioris
1161 2286 1293 2327 profecit
1320 2296 1361 2317 ex
1385 2287 1439 2326 iis,
1456 2297 1530 2328 quae
1554 2286 1701 2321 diximus

995 2336 1038 2367 ad
1065 2346 1089 2368 1.
1115 2340 1170 2368 38.
1193 2337 1325 2368 ‘tridui
1352 2337 1437 2368 viam
1463 2336 1666 2378 processisse
1679 2335 1700 2374 ;'

994 2388 1047 2418 vel
1060 2387 1239 2428 profecisse.
1285 2387 1353 2419 Sed
1370 2387 1521 2419 inhibeor
1532 2395 1615 2417 voce
1628 2395 1698 2427 seq.

990 2438 1147 2480 proeficit:
1185 2448 1245 2478 pro
1278 2448 1345 2479 qua
1374 2437 1458 2468 Mss.
1489 2440 1521 2468 4.
1552 2440 1588 2467 et
1609 2434 1697 2468 Edd.

994 2488 1111 2528 primae
1147 2487 1314 2528 proesecit:
1354 2485 1503 2527 praecedit
1541 2485 1596 2516 hic
1632 2484 1696 2517 Ed.

995 2539 1069 2570 Ine.

1037 2592 1076 2619 10
1106 2589 1307 2620 Veritus—ut
1325 2588 1457 2620 hostium
1471 2587 1618 2627 impetum
1635 2596 1697 2618 sus-

993 2640 1092 2671 tinere
1109 2650 1167 2671 non
1187 2640 1303 2680 posset]
1349 2640 1448 2670 Meus
1475 2638 1560 2669 liber
1583 2638 1698 2678 habet,

993 2700 1029 2722 ne
1054 2691 1187 2721 hostium
1210 2691 1368 2731 impetum.
1413 2689 1480 2720 Sed
1505 2698 1636 2727 vercor,
1652 2697 1695 2719 ne

992 2739 1035 2771 ab
1052 2740 1164 2781 aliquo
1185 2740 1230 2770 sit
1255 2743 1436 2778 mutatum,
1454 2738 1509 2779 qui
1527 2747 1591 2769 non
1608 2737 1694 2769 exis-

992 2790 1130 2821 timaret
1162 2789 1242 2820 satis
1271 2790 1392 2820 Latine
1421 2787 1500 2828 dici,
1529 2797 1633 2819 vereor
1659 2789 1693 2817 ut

992 2851 1070 2872 non:
1093 2849 1166 2872 eum
1185 2839 1309 2872 Cicero
1324 2838 1372 2871 sic
1390 2839 1548 2880 loquatur
1562 2837 1596 2870 in
1610 2837 1634 2869 l.
1651 2845 1691 2868 11.
