1818 3131
248 217 360 262 1131

248 326 379 364 ponunt
402 321 436 352 in
461 319 657 352 Macedonia.
702 319 825 352 Cicero
842 319 950 352 Ac'ad.

247 374 381 405 Quaest.
400 373 422 402 l.
435 381 458 402 1.
475 381 508 402 n.
527 374 578 402 12.
602 371 611 387 ‘
626 371 682 402 Sic
698 370 950 412 Philosophiam

247 421 411 465 (Brutus)
428 422 558 453 Latinis
573 422 700 453 litteris
717 423 949 464 persequitur,

249 474 330 504 nihil
369 478 407 504 ut
447 473 565 504 iisdem
597 472 639 504 de
683 472 782 505 rebus
812 473 950 505 Graecia

249 522 446 562 desideres,'
470 523 527 554 ubi
552 524 610 555 alii
638 525 753 565 legunt
774 534 793 555 α
810 525 949 564 Groecia,

248 573 304 604 alii
334 573 460 613 Gra-ca,
491 574 549 606 alii
579 585 597 606 a
630 575 764 606 Graecis.
810 575 951 606 Frustra

250 633 380 656 omnes.
446 625 549 657 Silius
595 626 737 657 Italicus
780 635 830 657 iv.
875 629 950 656 372.

249 674 258 690 ‘
272 673 423 706 Ausonia
441 675 467 705 si
492 680 526 707 te
547 675 685 707 fortuna
709 681 870 713 creasset,
897 675 950 707 Ad

248 733 389 766 magnos
410 731 553 758 venture
575 727 692 759 Deos!
737 727 825 758 Vide
843 733 877 758 et
895 728 952 758 Fr.

247 775 424 807 sanctium
450 776 538 807 Min.
562 786 612 808 ιν.
630 780 662 808 6.
701 777 812 808 Daris.
876 777 954 807 Tota

248 825 371 857 Gallia.
410 826 463 857 Ita
479 826 606 867 optimc
623 826 774 857 restituit
790 826 953 857 Davisius

249 884 290 905 ex
306 876 470 907 Codicum
484 882 638 907 veterum
655 886 832 907 consensu.
858 876 954 908 Gra‘-

249 935 308 956 eus
338 926 433 963 item,
468 926 505 956 ἐκ
532 928 668 957 nnn}
696 927 754 962 τῆς
789 925 954 957 Γαλατίας.

249 975 414 1015 Scaliger,
443 976 662 1017 damnatasque
694 977 815 1009 Gallia.
850 977 907 1009 ΑΙ.
940 988 955 1007 e

252 1026 370 1056 Gallia.
402 1027 509 1057 Clark.
557 1027 631 1057 Vox
658 1031 724 1058 tota
750 1028 892 1066 librarii,
917 1033 954 1058 ut

251 1084 339 1116 reor,
359 1076 473 1116 culpa,
489 1081 567 1107 ante
581 1077 790 1117 Scaliger-um
809 1077 880 1118 jam
898 1087 954 1107 ex-

251 1126 336 1156 cidit
351 1136 369 1157 e
391 1127 612 1158 Flaminiana
636 1128 745 1168 Lipsii
770 1128 953 1166 Editioue;

251 1186 312 1216 pro
328 1187 394 1218 qua
419 1187 597 1218 perperam
615 1189 631 1217 e
646 1179 858 1209 inseruerunt
876 1178 955 1210 Am-

252 1227 516 1259 stelodamenses
531 1234 565 1260 et
579 1229 751 1261 Cellaiius.
784 1229 861 1262 Tota
874 1229 954 1260 Mss.

251 1281 286 1307 ot
302 1277 392 1308 Edd.
409 1288 535 1309 omnes.
581 1279 636 1309 De
653 1278 901 1319 praepositionis
915 1289 955 1309 eu

250 1327 362 1368 ellipsi
387 1329 515 1368 egimus
543 1329 584 1360 ad
610 1338 648 1360 ιι.
666 1332 696 1360 7.
744 1329 812 1360 Hic
841 1334 955 1359 tamen

253 1378 402 1417 paullum
417 1379 509 1409 aliud
533 1384 644 1417 notat,
669 1379 798 1409 scilicet
824 1381 833 1395 ‘
848 1383 955 1409 totam

251 1437 314 1467 per
330 1428 504 1459 Galliam!
553 1429 601 1460 Ut
617 1438 683 1460 νιι.
703 1432 731 1461 l.
755 1430 763 1447 ‘
779 1429 955 1460 Dilectum

251 1481 325 1507 tota
344 1478 522 1517 provincia
538 1478 664 1510 habere
683 1479 858 1510 instituit)
904 1480 955 1510 Ac

251 1526 294 1557 Β.
314 1526 388 1558 Civ.
414 1536 440 1558 1.
468 1530 522 1558 26.
551 1528 658 1559 ‘Tota
684 1529 786 1560 ltalia
812 1528 954 1560 dilectus

251 1576 443 1608 habentui-3
471 1587 536 1609 vn.
554 1582 608 1610 2-1.
634 1581 643 1595 ‘
661 1584 733 1610 toto
754 1580 861 1610 muro’
886 1581 907 1611 i.
925 1589 954 1611 e.

252 1637 314 1667 per
329 1637 473 1660 murum.
491 1639 520 1660 c.
538 1632 590 1661 72.
613 1631 621 1647 ‘
637 1634 708 1661 toto
725 1630 854 1670 opere.'
898 1631 954 1661 Sic

254 1678 338 1708 Mss.
368 1678 504 1719 quidam
533 1689 597 1711 vn.
626 1683 679 1711 65.
711 1680 817 1712 ‘Tota
843 1680 956 1711 Gallia

253 1732 352 1758 erant
368 1729 525 1769 imperati
543 1729 562 1760 :'
587 1736 623 1761 et
650 1731 787 1774 passim.
823 1732 863 1763 B.
881 1732 953 1763 (liv.

253 1787 308 1809 111.
324 1780 354 1808 1.
370 1778 380 1794 ‘
393 1778 478 1809 fides
492 1784 567 1810 tota
582 1780 686 1811 Italia
702 1781 899 1821 angustior!

297 1838 366 1860 Lu.
383 1833 403 1860 2
427 1830 613 1871 Instigatos]
640 1832 696 1862 Sic
716 1833 781 1862 Ms.
802 1833 884 1869 Reg.
901 1832 954 1863 Al.

251 1880 410 1918 instigari.
457 1881 556 1913 Quod
583 1882 723 1922 perinde
748 1888 810 1913 est.
848 1884 954 1913 Clark.

253 1929 286 1960 Si
317 1930 458 1969 perinde
486 1935 548 1970 est,
580 1942 640 1962 cur
663 1941 745 1973 ergo
777 1943 796 1963 a
825 1934 954 1973 vulgari

254 1979 403 2010 lectione
426 1980 556 2011 recedit
579 1981 631 2011 vir
653 1981 773 2013 doetus
800 1982 843 2013 ob
865 1984 953 2014 unici

253 2030 381 2061 codicis
398 2031 608 2063 varietatem.
656 2033 777 2064 Inveni
799 2033 900 2064 etiam
921 2034 954 2064 in

253 2079 326 2111 solo
343 2082 580 2113 recentissimo
600 2084 704 2124 Boug.
719 2085 819 2115 tertio
836 2097 843 2116 2
868 2086 956 2115 insti-

251 2140 330 2170 gare
347 2132 455 2171 Bong.
473 2143 523 2173 pr.
547 2135 661 2165 Oxon.
685 2141 719 2166 et
741 2135 830 2166 Edd.
855 2136 954 2167 Rom.

255 2181 348 2214 Med.
366 2183 452 2214 Ven.

297 2236 315 2263 5
349 2233 420 2264 1100
449 2245 532 2266 more
564 2236 726 2268 Gallorum
757 2241 803 2268 est
831 2237 955 2269 initium

253 2282 340 2322 belli]
385 2285 501 2316 Habet
533 2287 605 2317 lime
645 2297 706 2327 pro
744 2288 956 2319 Glossemate

255 2333 445 2364 Gruterus:
493 2346 591 2376 quam
630 2337 820 2377 opinionem
859 2338 956 2370 velie-

254 2388 388 2414 menter
404 2384 582 2417 confirmat
605 2387 727 2418 l'etav.
746 2387 831 2418 Cod.
857 2398 876 2418 a
893 2398 957 2429 quo

255 2434 368 2465 omnia
399 2435 472 2466 lure
502 2438 638 2475 absunt,
666 2444 702 2468 ut
731 2443 765 2467 et
796 2438 956 2475 varietas,

255 2492 329 2523 quae
348 2490 400 2515 cst
418 2486 449 2515 in
469 2487 607 2527 reliquis
624 2489 706 2519 Mse.
743 2490 828 2519 Nam
847 2489 957 2520 initum

256 2533 365 2565 benum
383 2540 434 2566 est
451 2536 482 2566 in
501 2538 597 2573 ligni.
626 2538 751 2577 bellique
766 2540 831 2575 Inte
849 2540 956 2579 Bong.

256 2593 326 2615 sec.
348 2585 491 2617 bellorum
510 2587 540 2617 in
560 2589 671 2618 l’alat.
687 2590 848 2630 (lottorp.
866 2591 957 2621 Leid.

256 2638 335 2666 tert.
361 2636 491 2668 Duker.
515 2639 662 2669 Dorvill.
689 2645 722 2669 et
751 2640 834 2670 Edd.
863 2642 956 2672 Rom.

256 2685 330 2717 Inc.
349 2686 436 2718 Yen.
460 2698 499 2718 ac
519 2689 660 2719 Mediol.
687 2695 721 2720 et
744 2691 826 2722 aliis.
869 2692 958 2726 Quod

257 2746 318 2777 pro
334 2748 390 2779 quo
407 2739 439 2770 in
456 2739 614 2772 Leideusi
631 2741 750 2782 primo,
763 2743 860 2774 Voss.
875 2747 957 2775 tert.

711 225 854 256 NOTAE
883 225 1150 258 VARmRUM
1183 228 1235 259 ΙΝ

1000 319 1099 352 Gott.
1116 331 1135 352 a
1151 330 1195 353 m.
1212 330 1281 353 sec.
1329 320 1398 357 Quo
1415 324 1510 353 certe
1530 330 1598 354 nou
1619 321 1704 355 refe-

1001 372 1142 403 rendum
1167 378 1221 404 est
1247 373 1289 404 ad
1319 373 1446 404 initium
1471 372 1553 414 belli,
1576 373 1637 406 sed
1662 374 1705 407 ad

999 424 1154 454 armatum
1169 423 1341 462 concilium,
1367 432 1472 464 quare
1490 427 1607 454 cetera
1632 432 1706 455 ver·

1001 471 1045 502 ba
1075 473 1171 504 uncis
1201 479 1360 515 tanquam
1390 483 1452 514 per
1484 474 1705 515 parenthesin

1001 522 1133 553 inclusi.

1045 576 1062 602 7
1089 572 1267 612 Coguntur]
1295 573 1381 605 Mas.
1408 575 1491 615 Reg.
1517 574 1646 606 Eliens.
1671 577 1707 606 et

1002 622 1126 660 Yossii,
1158 626 1193 652 et
1225 627 1310 654 vett.
1338 624 1448 656 Editt.
1475 629 1707 656 consueveram&

1005 673 1159 711 Graecus,
1194 671 1324 703 εἰώθασι.
1373 674 1482 706 Clark.
1545 676 1708 716 Coguntur

1004 723 1191 754 Beroaldm
1207 723 1356 763 demum,
1379 729 1416 755 et
1430 725 1568 765 Veneti,
1589 734 1629 757 ac
1651 725 1710 756 de-

1004 773 1122 814 inceps
1150 773 1271 813 Aldus,
1296 773 1472 814 Grypliius
1499 774 1624 816 aliique
1651 783 1710 806 ex-

1005 824 1197 861 cuderunt3
1225 828 1259 855 et
1284 833 1362 855 sane
1389 825 1436 855 ita
1454 829 1632 856 exaratum
1657 828 1711 857 est

1005 874 1039 904 in
1068 874 1193 905 Audin.
1222 878 1323 915 atque
1354 873 1468 906 Oxon.
1498 874 1548 905 uti
1577 879 1613 905 et
1637 883 1710 916 seq.

1005 925 1094 965 conj.
1118 928 1158 955 ct.
1203 924 1332 954 Verum
1354 924 1461 955 ceteri
1486 923 1568 955 Mss.
1593 931 1709 954 omnes

1006 980 1075 1006 tam
1097 975 1238 1006 aliorum
1256 984 1354 1016 quam
1378 974 1444 1005 mei
1468 979 1503 1004 et
1528 973 1616 1006 Edd.
1644 974 1713 1015 pri-

1007 1035 1082 1058 ores
1093 1028 1275 1056 consuerunt
1287 1025 1347 1065 qui.
1366 1024 1453 1056 Edd.
1469 1025 1558 1056 Flor.
1569 1025 1711 1056 Vascoa.

1007 1077 1124 1117 Steph.
1148 1077 1289 1118 aliaeque
1314 1079 1547 1106 consueverunt.
1591 1075 1658 1106 Sed
1676 1075 1710 1106 id

1006 1133 1124 1158 contra
1149 1127 1257 1157 nostri
1286 1130 1336 1157 est
1366 1135 1502 1156 rnorem.
1547 1124 1635 1156 Vide
1668 1125 1710 1156 ad

1006 1186 1030 1207 1.
1056 1179 1109 1208 43.
1169 1177 1293 1211 Putem
1336 1176 1575 1214 scribendum3
1618 1175 1712 1216 pube-

1007 1237 1055 1257 res
1070 1230 1099 1260 et
1115 1227 1229 1257 armati
1253 1238 1277 1258 c.
1294 1231 1487 1259 consuerunt.
1503 1228 1566 1269 qui.
1611 1228 1660 1259 Ut
1683 1231 1712 1259 et

1009 1278 1121 1308 valeat
1135 1277 1173 1306 τὸ
1189 1280 1217 1307 ιε
1234 1279 1366 1317 quidem.
1411 1277 1479 1309 Sed
1502 1287 1618 1318 parum
1636 1278 1710 1310 haec

1007 1326 1184 1358 referunt:
1214 1332 1395 1359 consuerunt
1423 1334 1459 1359 et
1482 1331 1634 1368 coguntur
1660 1338 1713 1360 su.-

1007 1387 1069 1419 pra
1085 1387 1218 1419 quoque
1235 1378 1373 1409 confusa
1389 1384 1478 1412 suut.

1051 1431 1088 1459 11
1116 1428 1248 1459 Hostem
1264 1428 1404 1470 judicat]
1434 1429 1488 1460 Sic
1504 1430 1581 1471 lego
1596 1429 1713 1462 suffra-

1008 1482 1111 1519 gante
1147 1478 1295 1510 omnium
1335 1479 1500 1511 Codicum
1531 1489 1711 1518 consensu,

1008 1528 1168 1559 Editores
1192 1530 1312 1570 nuperi
1334 1535 1573 1571 reposuerunt,
1595 1531 1713 1563 hostem

998 1579 1205 1617 judicandum
1230 1583 1341 1613 curat:
1368 1581 1457 1621 quia,
1483 1587 1521 1613 ut
1549 1582 1711 1622 arbitror,

1007 1629 1041 1659 id
1078 1630 1260 1670 judicium,
1296 1630 1509 1671 improbante
1553 1633 1714 1673 concilio,

1009 1681 1124 1721 peragi
1143 1689 1214 1711 uon
1228 1682 1386 1721 potuerit.
1425 1682 1493 1714 Sed
1507 1682 1619 1714 uthoc
1633 1683 1713 1714 mali

1009 1736 1188 1771 pateretur
1225 1732 1436 1773 Cingetorix,
1482 1732 1713 1765 Induciomari

1006 1781 1113 1812 fiebat
1134 1791 1251 1821 opera,
1276 1782 1328 1813 cui
1355 1787 1552 1823 propterea,
1574 1792 1637 1824 pro
1662 1792 1713 1815 so-

1007 1832 1109 1862 lemni
1134 1833 1339 1872 scriptorum
1361 1835 1621 1875 consuetudine,
1643 1834 1713 1867 fac-

1007 1887 1078 1913 tum
1098 1883 1295 1923 imputatur.
1333 1885 1443 1916 Dat-is.
1491 1886 1568 1917 Non
1594 1886 1711 1919 Edito-

1008 1943 1060 1964 τες
1100 1934 1218 1974 nuperi
1255 1940 1478 1974 reposuerunt
1506 1936 1712 1974 judicandum

1007 1986 1105 2013 curat.
1153 1984 1217 2014 Sed
1244 1985 1289 2014 ita
1308 1985 1378 2025 jain
1403 1986 1528 2017 Veneti
1552 1986 1594 2018 A.
1615 1990 1711 2019 1517.

1009 2033 1131 2070 Aldus.
1146 2035 1250 2066 Basil.
1265 2036 1382 2076 Stepli.
1401 2037 1573 2078 Grypliius
1588 2038 1712 2080 aliique

1008 2085 1255 2120 exhibuerunt:
1287 2091 1388 2128 atque
1405 2092 1519 2119 exstat
1534 2088 1569 2119 in
1594 2088 1712 2130 Cujae.

1008 2136 1131 2176 Scalig.
1146 2141 1181 2167 et
1198 2137 1310 2169 Oxou.
1324 2138 1405 2168 Mss.
1422 2138 1478 2179 qui
1493 2138 1594 2170 etiam
1608 2138 1713 2171 habet

1008 2185 1084 2216 bona
1106 2196 1172 2216 non
1198 2187 1283 2218 male
1308 2188 1378 2218 sine
1404 2198 1470 2228 que.
1517 2188 1558 2219 In
1575 2188 1712 2221 Andino

998 2237 1138 2275 judicari
1146 2242 1250 2268 curui:
1265 2239 1294 2270 G
1301 2249 1326 2269 r.
1336 2238 1485 2277 πολέμιον
1493 2238 1714 2279 ψηφισάμενος.

1010 2288 1133 2319 Placet
1150 2289 1263 2329 itaque
1286 2290 1390 2330 magis
1407 2290 1540 2328 judicat.

1054 2341 1094 2369 16
1118 2339 1163 2369 Ac
1176 2341 1274 2379 prins.
1297 2350 1387 2380 quam
1407 2341 1441 2371 id
1456 2340 1577 2381 faciat]
1603 2341 1712 2381 Repo-

1009 2388 1156 2419 nendum
1196 2389 1347 2421 arbitror
1387 2394 1419 2422 at
1453 2392 1553 2431 prius.
1608 2391 1712 2422 Certe

1010 2439 1266 2480 Metaplirastes
1278 2441 1383 2472 habet
1397 2441 1528 2482 πρόσθεν
1540 2440 1572 2472 δὲ
1584 2439 1712 2480 τούτων,

1010 2490 1120 2522 Daris.
1180 2492 1426 2531 Reponendum
1457 2496 1574 2523 censet
1603 2491 1711 2522 Davi-

1008 2539 1076 2571 sius
1093 2543 1125 2570 at
1151 2542 1249 2581 prius.
1297 2543 1341 2572 Et
1367 2540 1481 2572 favere
1505 2541 1570 2572 sibi
1597 2540 1712 2572 existi-

1009 2597 1078 2620 mat
1101 2589 1260 2622 Graecum
1277 2591 1559 2632 Metaphrastem‚
1579 2589 1712 2631 πρόσθεν

1009 2645 1061 2672 ΔΕ
1077 2640 1206 2672 τούτων.
1251 2641 1317 2673 Sed
1335 2647 1369 2672 et
1386 2641 1427 2671 ud
1454 2642 1482 2673 G
1491 2650 1613 2672 rarcam
1635 2651 1711 2673 ver-

1008 2693 1134 2724 sionem
1149 2699 1183 2724 et
1200 2692 1241 2723 ad
1259 2692 1474 2732 sententiam,
1489 2693 1631 2733 perinde
1645 2696 1710 2732 est,

1008 2744 1036 2776 si
1050 2744 1185 2786 legatur
1198 2753 1234 2775 ac
1252 2744 1349 2785 prius.
1394 2744 1439 2776 Et
1454 2743 1488 2775 in
1506 2743 1617 2776 media
1635 2754 1709 2778 sen·
