1818 3131
233 173 347 218 1176

226 281 327 322 infra,
344 283 354 300 ‘
368 293 441 314 sese
455 282 635 314 confestim
650 283 805 324 subsequi
822 284 932 316 dicit?

226 334 428 374 respondeo,
472 334 623 373 potuisse
651 334 820 364 Caesarem
855 345 930 375 par-

228 388 296 414 tem
314 383 444 414 itineris
459 381 642 420 conticere,
665 388 700 413 et
723 388 841 424 postea
856 385 931 414 sub-

227 433 359 469 sistere,
380 433 459 463 dein
475 433 597 464 iterum
622 435 730 475 sequi.
777 435 821 465 Et
842 435 931 466 infru

227 483 333 513 dicit:
372 484 381 499 ‘
401 485 518 514 cimai·
549 484 590 514 ad
618 485 787 515 vexandos
817 486 930 516 hostes

228 543 341 564 rursus
375 534 573 574 profectus.¹
626 535 714 566 lllud
741 541 852 566 tamen
876 546 931 566 ne-

226 593 306 623 gare
322 584 436 623 nolim,
451 585 477 614 si
492 585 686 626 proficiscens
703 596 762 627 pro
776 586 932 627 profectus

226 634 390 675 scriptum
407 640 509 670 esset,
523 636 627 675 inagis
639 646 692 667 me
708 637 928 677 probaturum

227 693 299 714 esse
330 685 415 715 lianc
443 686 633 717 lectionem.
681 688 723 717 1-:t
748 688 822 727 quis
852 687 929 725 scit,

227 743 268 763 an
297 744 363 765 non
388 735 421 765 id
453 738 644 776 reperiatur
671 736 702 766 in
730 736 929 776 quibusdam

227 784 412 816 codicibus.
451 786 537 817 Sane
556 786 751 826 Anonymus
768 786 857 816 Celsi
874 795 930 815 ex·

227 836 375 876 scriptor
400 837 448 866 ita
473 837 594 867 liubet:
636 841 644 853 ⁵
664 837 741 876 Ipse
771 845 851 866 vero
875 836 930 866 nd-

226 896 341 916 versus
355 886 585 925 Ambiorigem
611 886 850 926 proticiscens‚'
865 890 928 916 «ke.

235 936 364 965 sossius.
402 936 457 965 Sic
489 945 604 965 omnes
630 936 784 967 Codices,
824 937 930 968 Gabr.

225 990 338 1016 tamen
366 985 530 1024 Faernus,
556 986 631 1017 Pet.
658 986 869 1025 ciacconius,
893 992 929 1016 ct

225 1036 280 1066 Fr.
297 1036 545 1075 Hotomannus,
561 1037 711 1067 ultimum
729 1046 847 1067 vocem
861 1047 928 1067 sus-

225 1086 389 1125 tulerunt,
405 1096 545 1126 quorum
557 1086 688 1126 judicia
705 1092 840 1117 secutus
856 1087 927 1118 Jos.

224 1137 379 1175 Scaliger
400 1137 432 1167 in
456 1147 515 1167 sua
539 1137 689 1167 editione
714 1147 851 1177 prorsus
874 1148 930 1168 ex-

226 1187 360 1225 punxit.
421 1187 501 1227 Ipse
539 1187 749 1217 retinendam
787 1197 927 1226 ccnseo3

223 1236 298 1267 fieri
316 1238 402 1268 enim
425 1243 551 1277 potest,
570 1243 606 1268 ut
623 1239 749 1276 cam-ar,
771 1238 929 1270 confecta

226 1288 357 1318 itineris
376 1294 484 1327 parte,
508 1288 710 1327 substiterit,
732 1289 929 1319 Minutium-

225 1347 292 1379 que
318 1339 530 1378 praemiserit.
576 1338 652 1368 Hoc
681 1338 834 1369 Yossium
863 1348 928 1368 non

224 1390 360 1428 penitus
377 1389 498 1426 latuit3
521 1399 620 1430 quam
635 1389 677 1419 ob
695 1398 830 1419 causam
846 1389 930 1429 legit

222 1440 263 1468 ml
287 1438 395 1469 bellum
409 1439 602 1479 Ambiorigis
614 1439 820 1480 proficiscens.
860 1439 928 1470 Sed

223 1488 316 1518 nulla
346 1499 430 1529 opus
468 1494 520 1520 est
565 1490 762 1520 mutatione.
806 1490 927 1530 Pomp.

224 1539 318 1570 Mela
336 1549 359 1570 1.
379 1543 430 1570 123.
457 1539 498 1571 de
523 1550 627 1580 specu
651 1540 808 1581 Corycio.
834 1542 843 1558 ‘
863 1541 928 1571 Ubi

222 1592 418 1630 contemplati
435 1591 622 1631 duravere,'
638 1592 700 1622 hoc
717 1597 781 1631 est,
797 1595 928 1623 contem-

219 1642 353 1680 plantes.
386 1642 548 1672 Similiter
573 1647 607 1673 et
637 1642 805 1674 Minucius
832 1643 929 1674 Felix

225 1692 351 1723 Octav.
379 1702 414 1733 p.
441 1695 471 1722 ὅ.
499 1692 586 1723 dixit
617 1693 626 1709 ⁶
645 1692 786 1724 eandem
816 1694 930 1724 emensi

222 1742 334 1781 viam,'
366 1752 426 1783 pro
453 1752 505 1783 ea,
537 1753 637 1783 quam
670 1748 740 1774 tum
766 1745 928 1784 temporis

224 1792 486 1824 emctiebantur.
525 1794 635 1824 Daris.
677 1794 768 1824 Male
793 1795 928 1825 omnino

223 1842 342 1873 delent
366 1842 401 1872 τὸ
419 1843 588 1882 profectus,
605 1844 638 1873 in
656 1853 721 1884 quo
745 1845 824 1874 nihil
846 1844 928 1875 diffi-

224 1894 363 1924 cultatis
394 1893 505 1924 video.
553 1894 636 1925 Cum
668 1899 742 1925 toto
773 1896 926 1926 exercitu

223 1943 377 1983 peditum
411 1943 632 1985 equitumque
668 1943 863 1984 ‘profectus
895 1946 925 1975 iu

223 1994 278 2024 via
297 1993 483 2024 Minucium
506 2004 573 2024 cnm
589 1994 727 2034 equitatu
744 1995 928 2035 praemisit!

222 2044 278 2075 Ad
295 2044 401 2075 verba
414 2054 481 2075 cnm
504 2045 656 2083 equitatu,
682 2054 748 2076 non
774 2046 856 2076 satis
880 2051 928 2077 at-

223 2094 372 2125 tendisse
390 2095 548 2125 videntur
564 2095 782 2135 interpretes.

271 2146 332 2176 Per
371 2147 570 2177 Arduennam
610 2147 731 2188 sih-am,
767 2157 837 2187 quoe
883 2152 928 2179 est

221 2197 319 2227 totins
343 2196 460 2226 Gallioe
489 2199 637 2236 maxima,
665 2201 756 2237 atque
782 2198 820 2228 ab
849 2199 929 2238 ripis

223 2247 338 2286 Rheni,
350 2247 531 2288 finibusque
560 2248 820 2292 Trevirorunmtd
845 2250 926 2280 Ner-

220 2299 288 2328 ‘t‘ios
309 2299 455 2337 pertinet,
478 2298 668 2338 millibusqne
690 2299 821 2339 amplius
843 2301 927 2340 quin-

220 2348 328 2387 gentis
351 2349 383 2378 in
412 2350 637 2387 longitudinem
657 2350 762 2390 putet]
801 2351 926 2382 Omnia

223 2398 296 2429 liaec
319 2399 421 2429 verba
445 2400 478 2429 in
509 2400 634 2431 Graeco
660 2410 726 2431 nou
755 2401 925 2442 leguntur,

224 2449 314 2480 unde
332 2450 494 2491 suspicari
515 2451 587 2491 quis
611 2452 717 2491 possit
734 2452 774 2482 ab
793 2453 859 2483 alio
878 2453 927 2484 in-

223 2505 316 2532 serta
331 2511 372 2532 ex
390 2501 528 2533 Orosio:
554 2502 641 2533 malo
655 2507 766 2534 tamen
783 2504 924 2536 credere

221 2551 327 2592 ipsius
342 2553 485 2584 Caesaris
503 2564 589 2593 esse,
606 2559 699 2586 certe
713 2556 837 2596 stylum
853 2557 923 2597 ejus

222 2603 276 2635 liic
292 2613 446 2645 agnosco.
471 2604 560 2636 Illud
577 2606 825 2645 miror,f‹rdum
839 2609 923 2640 adeo

222 2663 373 2685 errorem
400 2654 433 2685 in
462 2655 615 2686 omnibus
646 2656 788 2688 carsatis
811 2668 923 2690 exem-

224 2705 372 2743 plaribus
402 2706 574 2745 mansisse,
599 2710 646 2743 et,
675 2717 736 2747 pro
767 2717 923 2747 passuum

224 2754 370 2787 millibus
394 2756 648 2798 quinquaginta,
671 2757 772 2789 scribi
800 2759 808 2775 ‘
828 2759 923 2800 quin·

701 187 840 221 NOTAE
874 189 1098 221 VARIORU
1107 189 1142 220 M
1174 188 1226 220 IN

982 284 1124 324 gentis?
1154 285 1288 316 omniuo
1311 283 1454 316 emenda
1477 293 1520 316 ex
1545 283 1688 328 Orosio',¹

981 335 1037 376 qui
1055 335 1301 376 quinquaginta
1317 335 1432 374 habet,
1454 340 1490 366 et
1505 336 1577 376 ipse
1593 336 1692 368 loco··

980 395 1052 416 rum
1071 386 1155 417 ⁴situs
1172 386 1308 416 evincit.
1340 386 1472 417 Vossius.
1499 385 1577 416 Hoc
1593 385 1694 418 vide-1

980 442 1057 466 runt
1073 437 1146 476 jam
1171 436 1328 466 (fiat-con.
1351 446 1390 466 ex
1409 435 1521 466 Orosii
1537 436 1560 466 l.
1575 444 1624 467 vl.
1647 440 1684 468 et

979 487 1157 517 Strabonis
1166 487 1240 517 [iv.
1256 487 1311 516 ubi
1323 486 1454 516 σταδίων
1465 485 1682 526 τετρακοσίων.

982 538 1068 568 Item
1099 538 1254 567 Valesius
1281 547 1319 567 ac
1352 537 1551 567 Cluverius:
1593 537 1684 567 unde

982 587 1148 617 Ccllarius
1166 587 1192 616 L
1209 587 1240 616 in
1258 591 1389 617 textum
1406 587 1552 618 admisit.
1581 586 1681 620 Quod

983 642 1093 667 tamen
1122 636 1153 665 iu
1183 636 1274 666 nullo
1306 636 1389 666 Mss.
1415 642 1541 667 restat:
1572 638 1581 654 ‘
1606 646 1683 677 pas-

981 687 1093 717 suum'
1125 696 1204 716 vero
1234 694 1414 726 perperam
1439 686 1534 716 addit
1560 687 1682 717 Petav.

981 738 1067 768 Vide
1093 738 1134 767 ad
1163 746 1185 768 1.
1224 741 1274 768 15.
1313 738 1321 753 ‘
1341 737 1419 767 Non
1443 737 1586 776 amplius
1610 738 1682 778 qui-

980 788 1029 818 nis
1061 793 1118 818 aut
1154 789 1243 818 senis
1269 786 1414 817 millibus
1439 795 1596 827 passuum
1634 787 1682 816 in-

982 839 1148 869 teresset.'
1180 837 1271 868 Dein
1291 836 1388 877 possit
1404 840 1540 867 servant
1556 837 1682 868 Lovan.

981 889 1093 920 Oxou.
1119 894 1153 920 et
1175 888 1320 920 Dorvill.
1347 897 1421 918 cum
1447 887 1533 917 Edd.
1553 887 1682 926 primis.

980 940 1116 980 Reliqui
1147 939 1229 970 Mss.
1261 943 1296 969 ct
1327 937 1419 968 Editi
1449 940 1559 976 posset.
1614 936 1681 967 Adi

981 995 1098 1021 notata
1136 989 1177 1019 nd
1205 999 1228 1019 1.
1267 992 1296 1019 S.
1333 998 1386 1018 111.
1421 991 1474 1019 46.
1521 988 1530 1003 ‘
1554 987 1685 1027 scribit,

981 1041 1006 1070 si
1038 1039 1151 1071 stu-ere
1195 1039 1344 1080 possetz'
1385 1038 1461 1068 vide
1499 1042 1533 1068 et
1572 1047 1602 1068 c.
1630 1039 1683 1068 49.

981 1091 1157 1122 Praeterea
1194 1091 1274 1120 Mss.
1322 1089 1475 1129 plerique
1518 1088 1606 1126 ignes
1651 1087 1684 1117 in

978 1141 1134 1178 custriss.
1176 1140 1244 1170 Alii
1262 1140 1293 1169 in
1319 1139 1430 1169 ceucris
1447 1137 1574 1176 ignesf.
1605 1136 1682 1168 Non

1418 1189 1682 1228 Metuphrastes,

1382 1238 1552 1269 Omitterc
1570 1238 1682 1269 solent

980 1192 1133 1231 agnoscit
1180 1191 1210 1220 in
1256 1189 1365 1219 castris

979 1241 1037 1273 sed
1057 1241 1172 1272 Celsus
1190 1241 1336 1282 quidem.

980 1293 1178 1332 plerumque
1195 1291 1261 1321 alii.

1023 1350 1111 1372 xxx.
1136 1345 1153 1371 5
1181 1340 1330 1370 Omnibus
1345 1339 1446 1380 rebus]
1473 1340 1599 1370 Ultima
1617 1348 1683 1369 vox

980 1392 1112 1422 exsulat
1127 1401 1145 1422 a
1170 1391 1314 1422 Dorvill.
1332 1391 1398 1421 Ms.
1416 1394 1451 1421 et
1476 1390 1562 1420 Edd.
1582 1390 1681 1421 Rom.

979 1442 1120 1473 Mediol.
1152 1452 1191 1473 ac
1220 1442 1306 1472 Ven.
1335 1450 1475 1482 eamque
1504 1441 1683 1472 Glossema

979 1493 1113 1533 putavit
1132 1493 1211 1523 olim
1234 1493 1278 1523 N.
1301 1492 1472 1524 Heinsius.
1518 1491 1585 1522 Sed
1601 1491 1680 1522 vide

980 1544 1021 1574 ad
1039 1553 1088 1574 lv.
1104 1547 1155 1574 17.
1172 1543 1286 1574 statim
1296 1542 1534 1583 potestsurtuna
1546 1541 1679 1582 reposui

979 1602 997 1624 e
1010 1594 1092 1624 Mss.
1117 1593 1173 1624 ubi
1187 1604 1246 1634 per
1260 1592 1459 1633 ἀποστροφὴν
1469 1592 1572 1622 babet
1581 1592 1678 1622 Voss.

979 1648 1058 1675 tert.
1076 1647 1175 1684 potes,
1193 1644 1341 1675 Fortuna.
1381 1643 1448 1673 Sed
1465 1643 1583 1673 alieuae
1601 1645 1682 1672 sunt

977 1696 1063 1726 tales
1080 1694 1198 1736 figurae
1222 1705 1241 1725 a
1264 1694 1391 1727 Juliani
1415 1693 1494 1733 styli
1519 1692 1681 1733 simplici-

978 1751 1062 1777 tate.
1627 1757 1631 1760 ·

1020 1799 1038 1826 7
1056 1797 1209 1837 Priusque
1220 1796 1283 1834 ejus
1295 1797 1443 1827 ‹ult-entus
1455 1795 1493 1826 ab
1508 1795 1682 1827 hominibus

976 1847 1144 1886 videretur,
1165 1857 1256 1886 quum
1272 1846 1363 1884 suma
1385 1856 1421 1876 ac
1444 1845 1562 1876 nunciis
1583 1846 1679 1886 qffer-

975 1899 1075 1938 retur]
1092 1898 1159 1929 Ms.
1180 1903 1295 1929 noster
1316 1907 1375 1938 pro
1392 1897 1563 1927 hominibus
1575 1897 1677 1928 habet

975 1949 1128 1980 omnibus:
1154 1954 1192 1980 ut
1215 1953 1292 1979 sunt
1318 1947 1479 1979 confundi
1504 1952 1583 1978 nata
1604 1948 1679 1979 liaec

978 1998 1158 2030 vocabula:
1195 2008 1259 2039 ego
1287 2004 1400 2030 tamen
1436 1998 1528 2038 prius
1557 1998 1678 2028 malim.

977 2048 1119 2079 Graecus
1132 2049 1205 2080 liaec
1216 2048 1319 2079 verba
1331 2048 1454 2086 omisit,
1469 2048 1571 2078 autin
1586 2047 1678 2078 codi-

977 2108 1015 2129 ee
1033 2108 1092 2129 suo
1105 2108 1169 2129 non
1187 2100 1327 2140 reperit.
1363 2099 1495 2131 Vossius.
1529 2099 1679 2129 Omnibus

977 2155 1029 2180 est
1048 2159 1180 2192 quoquc
1203 2151 1236 2180 in
1259 2151 1367 2190 Bong.
1391 2159 1442 2190 pr.
1467 2148 1557 2180 And.
1582 2149 1677 2180 Leid.

977 2210 1028 2241 pr.
1055 2201 1167 2232 Oxou.
1191 2201 1264 2241 Cuj.
1289 2202 1386 2232 Voss.
1417 2210 1486 2231 sec.
1516 2200 1610 2231 Duk.
1642 2205 1677 2231 et

977 2251 1064 2282 Edd.
1086 2253 1186 2282 Vasc.
1213 2252 1281 2282 Str.
1306 2251 1423 2291 Stcpli.
1452 2251 1594 2292 Gryphii
1618 2259 1675 2291 po-

977 2302 1130 2333 steriore.
1169 2303 1210 2332 V.
1226 2301 1268 2332 ad
1293 2312 1323 2332 c.
1343 2304 1393 2332 16.
1424 2301 1582 2331 Ceterum
1602 2300 1676 2340 plus

976 2352 1030 2383 hic
1043 2352 1184 2384 turbant
1194 2352 1363 2384 Mss.nam
1377 2351 1501 2382 Audin.
1513 2356 1548 2382 ct
1560 2350 1673 2381 Oxon.

976 2403 1077 2434 dant:
1115 2405 1124 2420 ‘
1138 2403 1238 2434 Prius
1254 2403 1430 2434 videretur
1451 2402 1492 2433 ab
1508 2400 1674 2440 omnibns,

975 2463 1073 2494 quam
1101 2452 1190 2484 fama
1211 2463 1249 2484 ac
1274 2453 1414 2484 nuncius
1434 2452 1598 2482 adventus
1616 2450 1676 2481 ad·

974 2503 1147 2535 ferretur:
1170 2502 1265 2534 Leid.
1277 2512 1355 2533 vero
1367 2502 1494 2543 primus
1506 2506 1541 2532 et
1553 2500 1673 2541 Cujac.

975 2564 1050 2585 cum
1086 2554 1323 2594 Scaligerano:
1376 2553 1385 2569 ‘
1415 2552 1584 2593 Priusque
1619 2552 1676 2583 ad-

975 2609 1095 2636 ventus
1123 2605 1196 2645 ejus
1221 2604 1264 2635 ab
1289 2615 1320 2635 0.
1345 2603 1412 2634 vid.
1437 2614 1469 2645 q.
1491 2602 1514 2634 f.
1532 2603 1592 2634 ac’
1618 2603 1673 2634 vel

975 2656 983 2672 ‘
1000 2659 1058 2687 aut
1077 2656 1216 2687 nuncius
1232 2655 1396 2686 adventus
1419 2653 1499 2685 adf.’
1535 2653 1676 2685 Nanctus

975 2707 1076 2738 etiam
1089 2711 1142 2738 est
1156 2707 1189 2737 in
1201 2707 1309 2746 Bong.
1322 2715 1372 2746 pr.
1387 2705 1508 2736 Petav.
1520 2705 1674 2736 omuibus

975 2758 1160 2799 vossianis,
1185 2757 1351 2798 Eguiund.
1376 2757 1474 2788 Gott.
1501 2756 1620 2788 Brant.
1637 2758 1672 2788 et
