1818 3131
312 206 405 236 mn.
431 204 534 234 vttl.
562 203 668 233 (mv.
699 192 741 233 4.
778 202 838 231 ΟΕ
873 201 1287 231 BELLO‘GALLICO.

67 309 105 331 ar
135 299 252 330 abesse
281 307 413 339 quoquc.
442 307 460 329 a
486 295 670 333 Vossianis,
701 295 764 331 ¹31:-

70 350 183 380 mund.
212 350 336 380 Lovan.
367 353 402 379 et
429 348 515 384 aliis,
541 346 588 376 uti
616 349 649 375 et
678 343 766 375 lidd.

71 400 199 440 prIutis,
216 398 386 436 Bet-oaldi,
413 399 548 427 Vuscos.
571 395 691 434 steph.
708 393 764 423 aii-

71 457 244 490 omnique.
292 449 413 479 Verum
440 452 550 477 tamen
574 450 708 476 servant
729 443 767 473 τὸ

70 501 101 530 id
133 500 252 539 anac.
282 498 405 537 Scalig.
436 496 560 527 Audin.
593 497 706 525 oxon.
732 500 767 525 ct

70 550 166 581 Leid.
182 549 280 589 prim.
327 548 441 580 Quare
467 557 538 577 cam
568 546 767 587 particulam

69 607 262 640 expungere
300 598 380 629 milii
425 599 542 639 religio
577 597 652 636 suit,
692 606 767 626 cum

70 651 186 689 sciam,
211 650 398 690 saepissime
427 649 622 689 pronomina
647 649 684 688 is,
706 648 769 687 ille,

68 701 130 741 hic,
158 700 353 740 πλεονάζειν.
410 700 497 730 Vide
526 700 648 730 citatos
679 698 768 728 viros

68 753 187 783 doctos
205 753 237 782 in
263 751 409 782 Miscell.
438 750 584 782 Observ.
610 749 684 780 Vol.
712 757 768 779 ιιι.

67 804 106 834 Τ.
122 811 163 834 ιι.
180 812 213 843 p.
230 806 305 834 221.
358 802 490 833 Manut.
516 801 557 832 ad
581 800 700 831 Vellei.
728 808 768 830 ιι.

69 856 101 884 3.
147 853 306 884 Arntzen.
331 852 373 883 ad
401 852 516 883 Aurei.
533 850 678 882 Vict.dc
695 850 768 880 Vir.

69 903 124 935 Ill.
163 913 195 934 c.
223 906 276 934 27.
305 909 340 934 ct
372 913 401 933 c.
436 905 489 933 43.
519 906 553 932 et
585 901 769 931 innumeris

68 954 142 984 aliis
159 954 253 984 locis.
301 954 406 984 lmmo
431 953 503 993 ipse
521 956 639 982 auctor
663 962 693 982 c.
717 954 770 981 54.

69 1006 77 1020 ⁴
91 1003 270 1044 legionem,
287 1006 350 1034 dcc.
367 1012 440 1033 eain
458 1002 551 1032 ‹li-dit
565 1002 584 1032 :'
609 1001 666 1031 ubi
684 1001 770 1030 male

69 1054 168 1085 istam
179 1054 331 1084 voculam
346 1053 448 1093 ejecit
463 1052 632 1083 Clarkius.
656 1051 771 1081 Valer.

71 1105 167 1136 Max.
185 1114 208 1135 1.
233 1108 263 1136 7.
285 1105 300 1144 §
326 1108 356 1135 5.
386 1104 458 1134 ιΜ.
485 1103 616 1141 Cicero,
637 1111 714 1133 cum
738 1102 771 1131 in

70 1155 151 1186 villa
171 1155 316 1197 quadam
345 1153 455 1194 campi
480 1153 630 1184 Atinatis
655 1152 773 1183 dever-

71 1211 214 1245 saretm,
231 1206 258 1236 is
280 1205 411 1244 animo‚'
435 1207 499 1235 ἃς.
545 1204 600 1235 Sic
626 1204 710 1234 Mss.
739 1203 773 1233 in

73 1256 194 1298 quibus
211 1256 358 1296 optimus
372 1255 524 1286 Harlem.
567 1254 656 1285 Vide
667 1254 773 1284 soceri

73 1310 182 1338 notas.

114 1360 133 1388 ⁷
158 1357 367 1399 Deficeretur]
382 1357 509 1395 Vulgg.
525 1354 667 1396 deficeret
680 1365 692 1390 ,-
716 1354 775 1385 sed

74 1416 135 1438 nos
165 1407 274 1438 secuti
298 1415 411 1437 sumus
435 1405 615 1435 lectionem
643 1402 777 1435 Codicis

74 1458 182 1489 Norv.
220 1462 258 1488 et
281 1458 394 1487 locum
432 1465 473 1486 ex
499 1455 572 1485 aliis
600 1454 700 1484 Mstis
729 1454 777 1484 ita

74 1508 310 1549 corrigendum
338 1516 411 1539 esse
438 1507 525 1537 vidit
547 1505 777 1546 Marquartlus

74 1559 208 1590 Gudius
236 1559 277 1590 ad
300 1558 438 1589 Phaedri
462 1557 540 1587 Fab.
569 1565 593 1586 ι.
622 1558 675 1586 21.
723 1555 777 1586 Sic

75 1610 116 1640 B.
136 1609 176 1641 C.
193 1618 248 1641 ιιι.
275 1611 328 1640 64.
355 1610 363 1625 ‘
380 1610 491 1640 Quum
522 1607 615 1648 gravi
642 1607 778 1637 vulnere

74 1664 165 1691 esset
179 1658 324 1691 affectus
337 1658 516 1700 Aquilit'er,
532 1662 567 1688 et
582 1657 708 1688 viribus
722 1656 779 1688 de·

76 1709 260 1743 ficeretur:
306 1711 362 1740 De
386 1709 448 1740 hac
480 1718 565 1740 voce
582 1718 641 1739 nos
666 1708 780 1738 multis

77 1753 212 1801 agemus
229 1759 271 1790 ad
295 1760 384 1790 illius
410 1760 486 1790 libri
510 1769 540 1790 e.
571 1762 623 1790 11.
663 1758 779 1788 Daris.

78 1810 232 1851 Optime,
255 1810 422 1850 quomodo
445 1814 480 1840 et
504 1809 537 1839 in
562 1808 672 1839 Vossii
698 1818 780 1848 quo-

78 1869 144 1902 que
170 1861 237 1891 Ms.
265 1861 427 1900 scriptum
454 1863 518 1889 est.
577 1857 645 1889 Alii
670 1859 778 1888 minus

75 1914 173 1942 recte
198 1909 352 1952 dqficeret.
391 1909 498 1940 Clark.
559 1908 715 1949 Dcficeret
745 1908 779 1938 in

78 1961 289 2002 paucissimis
319 1965 356 1991 et
383 1959 628 1991 recentioribus
665 1963 781 1990 exstat

79 2011 164 2043 Mss.
178 2011 239 2042 sed
250 2017 285 2043 et
300 2012 334 2042 in
352 2011 448 2042 Leid.
462 2010 591 2051 primo:
618 2010 706 2049 qnod
723 2009 780 2040 de-

78 2060 172 2094 fendi
186 2067 312 2102 posset,
330 2061 518 2102 praesertim
535 2062 560 2091 si
576 2061 688 2091 velle-nt
704 2069 781 2090 eum

81 2112 180 2153 Egm.
194 2117 231 2144 et
246 2112 393 2143 Dorvill.
408 2112 615 2152 legeremus;
640 2117 678 2142 ut
695 2110 781 2150 copia

83 2160 174 2194 foret
196 2162 432 2193 nominativus.
476 2161 532 2192 Sic
560 2161 600 2191 B.
635 2160 709 2192 Civ.
740 2169 781 2190 11.

82 2215 136 2243 37.
163 2212 172 2229 ‘
191 2212 271 2243 Non
301 2211 508 2242 frumentum
540 2210 688 2242 deficere
727 2220 784 2250 po—

82 2262 192 2295 terat?
235 2263 303 2294 Sed
338 2262 451 2293 malim
491 2261 654 2292 accedere
691 2261 783 2291 Viris

81 2313 204 2353 doctis,
219 2313 382 2351 Grutem,
398 2312 523 2351 Gudio‚
546 2312 596 2342 uti
612 2317 648 2343 et
667 2311 784 2343 Edito-

83 2365 188 2405 ribus,
215 2365 316 2403 Aldo,
342 2365 446 2395 Vasc.
479 2364 666 2404 Stephano,
695 2362 785 2404 Gry-

83 2417 163 2458 phio
175 2416 327 2457 aliisque,
340 2420 376 2446 et
390 2416 472 2446 Mss.
490 2414 572 2445 meis
589 2423 663 2445 xw.
683 2418 785 2455 atque

84 2466 149 2498 Ed.
175 2467 250 2498 Ine.
271 2469 364 2498 1473.
409 2466 524 2496 x'aier.
551 2465 690 2496 Maxim.
718 2473 785 2496 vu.

84 2519 146 2559 ἃς
165 2521 196 2551 2.
221 2519 231 2535 ‘
245 2518 495 2550 Alimentornm
516 2516 681 2548 facultate
705 2515 786 2547 defi-

86 2568 141 2600 ci!
184 2569 305 2601 Multis
338 2568 402 2599 hoc
438 2569 482 2599 de
516 2567 620 2598 verbo
660 2567 714 2608 egi
745 2566 787 2597 ad

87 2619 206 2651 Front.
226 2629 252 2651 1.
278 2622 309 2650 7.
332 2622 365 2651 1.
406 2619 492 2658 ‘Ea,
521 2618 640 2659 quibus
672 2616 787 2648 defici-

88 2669 186 2700 mur?
231 2670 356 2701 Cellar.
387 2668 428 2700 ad
458 2669 500 2700 B.
532 2668 606 2699 Civ.
644 2676 699 2699 ιιι.
735 2670 788 2698 64.

89 2718 189 2751 Voss.
203 2718 248 2751 ad
263 2719 352 2753 Vell.
369 2728 408 2752 ιι.
433 2721 487 2752 64.
515 2719 608 2752 Cort.
636 2718 680 2751 ad
700 2717 789 2750 Plin-

1406 191 1518 232 1273

822 304 881 340 Ιὶμ.
910 312 949 334 ιι.
970 307 1017 336 Ιῦ.
1045 303 1206 334 ‘Etiamsi
1227 300 1305 343 jure
1332 301 1517 333 deficeren-

819 354 897 383 tur?

864 405 900 432 lt
942 403 1190 434 1·‘idelesumicos
1205 403 1280 443 ΝΛ]
1318 402 1518 434 Ciaoconius

820 452 935 482 mallet
953 453 1064 490 lugeri:
1088 454 1193 493 infide
1214 464 1275 483 um.
1293 453 1384 484 retin.
1414 452 1521 494 velfi-

818 503 898 533 detes
914 506 969 533 ret.
986 503 1096 542 vjevta
1120 513 1203 533 voce
1219 505 1341 534 amicos.
1389 504 1474 543 Ego,
1491 503 1519 534 si

821 554 900 595 qnid
935 554 1131 584 mutandum
1161 560 1225 592 est,
1270 565 1343 585 cnm
1371 555 1523 585 Grutero

822 603 1245 644 pt·¹.1=fcri·cms‹1cile«uuicos
1257 609 1312 635 ret.
1330 605 1524 644 pracsertim

821 664 896 685 cnm
912 654 989 684 huic,
1005 655 1141 685 lectioni
1155 654 1382 694 suffragentur
1395 656 1521 685 Lovan.

821 705 907 736 (¹0d.
936 705 969 735 in
1000 715 1064 746 qno
1086 704 1222 742 fucil‹³s;
1267 706 1315 735 nti
1345 711 1379 735 ct
1411 705 1522 736 Palat.

823 756 970 788 Dorvill.
994 761 1027 786 et
1053 757 1170 787 Brant.
1188 766 1262 787 cum
1280 756 1366 786 ΕΜ.
1385 757 1525 786 Beroala

822 808 899 838 dina
923 807 1181 848 antiquioribus,
1212 818 1286 849 quae
1315 809 1395 838 ‹lant
1413 807 1522 845 facile.

823 858 1050 888 Nihilominus
1072 857 1173 889 facile
1198 863 1233 889 et
1259 858 1342 888 bene
1359 857 1523 898 explicari

823 912 937 946 potest
954 908 1058 939 lectio
1076 909 1232 949 vulgaris.
1256 910 1264 925 ‘
1283 907 1421 939 Amicos
1446 908 1524 938 reti-

823 958 926 988 nebat
957 956 1106 989 fideles?
1139 959 1172 989 id
1202 965 1267 997 est,
1297 958 1459 996 faciebat,
1486 962 1524 988 ut

824 1009 923 1039 amici
939 1014 1115 1040 manerent
1130 1009 1193 1040 sibi
1211 1008 1342 1048 fideles,
1357 1013 1392 1039 et
1409 1009 1441 1038 in
1458 1007 1526 1038 fide

824 1063 1032 1090 constarent.

868 1111 908 1139 16
936 1109 1003 1139 Tali
1027 1109 1199 1140 conditione
1226 1109 1394 1148 Bituriges
1418 1117 1528 1148 propo-

822 1159 899 1198 sita]
924 1159 977 1190 Sic
993 1160 1076 1191 Mss.
1090 1159 1176 1201 Reg.
1192 1164 1227 1190 et
1242 1161 1366 1191 Vossii.
1406 1160 1527 1199 Vulgg.

824 1210 931 1240 minus
970 1210 1158 1251 eleganter,
1195 1212 1204 1227 ‘
1221 1211 1293 1241 Tali
1333 1210 1527 1241 conditione

825 1259 1013 1300 proposita,
1041 1259 1237 1300 Bituriges‚'
1263 1262 1327 1291 Sec.
1374 1259 1461 1290 Vide
1477 1269 1529 1290 su-

826 1319 888 1350 pra
906 1310 947 1340 ad
965 1318 999 1340 v.
1017 1312 1070 1340 49.
1120 1311 1227 1341 Clark.
1274 1311 1402 1341 Contra
1427 1310 1528 1350 pluri-

826 1368 897 1390 mos
913 1359 1026 1390 Mstos
1054 1360 1138 1390 tales
1161 1360 1340 1391 verborum
1357 1360 1529 1401 trajectio·

827 1418 887 1439 nes
904 1419 969 1439 non
987 1415 1064 1440 snut
1081 1409 1303 1450 inculeaudae,
1329 1409 1388 1440 sed
1416 1409 1530 1441 defen-

828 1460 962 1498 dendae,
991 1460 1018 1490 si
1046 1460 1078 1490 in
1105 1460 1188 1490 Mss.
1215 1460 1443 1500 reperiantur.
1501 1460 1529 1490 E

828 1510 910 1540 meis
927 1510 1007 1540 nihil
1031 1510 1152 1541 mutati
1179 1511 1304 1540 ordinis
1330 1510 1364 1540 in
1387 1519 1530 1551 excerp-

828 1559 872 1589 tis
891 1559 1087 1590 adnotatum
1104 1559 1214 1589 video.

872 1618 921 1640 ιν.
937 1612 956 1640 4
981 1619 1009 1641 ιι
1025 1610 1113 1640 milia
1128 1609 1302 1650 nummum]
1327 1610 1383 1641 Sic
1401 1610 1531 1650 reperit

830 1660 999 1691 Gruterus
1016 1660 1048 1690 in
1066 1661 1135 1690 solo
1159 1660 1395 1690 recentissimo
1423 1660 1530 1700 Bong.

830 1715 912 1741 tert.
969 1710 1085 1741 Ceteri
1116 1711 1199 1740 Mss.
1231 1720 1346 1740 omnes
1377 1715 1411 1740 et
1443 1710 1530 1741 Edd.

830 1761 948 1800 primae
965 1760 1048 1791 dant
1075 1763 1118 1790 tot
1136 1761 1222 1790 milia
1238 1770 1269 1790 n.
1316 1761 1414 1793 Quod
1429 1760 1532 1792 fidem

831 1810 979 1841 excedit.
1036 1810 1087 1841 An
1114 1811 1252 1849 scripsit
1278 1811 1410 1841 Hit-tius
1438 1813 1478 1841 ad
1502 1819 1533 1842 ιι

830 1859 940 1891 milia?
999 1861 1098 1900 Saepe
1129 1860 1217 1890 enim
1253 1861 1339 1891 lianc
1377 1862 1534 1901 praeposi-

831 1911 959 1941 tionem
987 1911 1214 1942 numeralibus
1241 1911 1332 1950 addi,
1355 1917 1389 1942 et
1421 1912 1535 1943 multis

831 1961 864 1991 in
893 1961 974 1992 locis
1000 1966 1195 2001 corruptam
1221 1971 1306 2001 esse,
1328 1961 1455 1992 (ludum
1480 1962 1537 1993 do-

831 2016 978 2042 cuerunt
993 2011 1206 2041 celeberrimi
1229 2011 1426 2043 instauratae
1448 2012 1538 2043 Lati-

831 2060 949 2091 nitatis
967 2060 1070 2091 dnum
1083 2061 1147 2091 viri
1165 2061 1200 2092 J.
1219 2062 1255 2091 F.
1271 2061 1379 2092 Gron.
1397 2062 1439 2093 de
1462 2062 1538 2093 Ses-

833 2115 914 2141 tert.
942 2120 967 2141 1.
984 2114 1015 2142 7.
1051 2116 1086 2141 et
1101 2111 1134 2143 J.
1152 2111 1194 2142 G.
1212 2112 1370 2143 Graevius
1385 2113 1426 2143 ad
1442 2113 1537 2145 Suet.

833 2161 904 2193 Jul.
934 2171 963 2192 c.
980 2164 1033 2192 20.
1056 2163 1065 2177 ‘
1082 2161 1124 2192 ad
1154 2171 1205 2193 xx
1230 2163 1364 2194 milibus
1390 2164 1540 2195 civium!

835 2212 920 2243 Caes.
938 2212 979 2242 B.
995 2212 1085 2243 Gall.
1103 2221 1127 2243 1.
1140 2217 1169 2243 5.
1187 2214 1196 2229 ‘
1214 2213 1341 2253 oppida
1355 2224 1414 2245 sua
1426 2224 1541 2245 nume·

835 2270 872 2292 ro
883 2261 926 2292 ad
943 2261 1022 2292 x11.'
1067 2262 1110 2292 B.
1129 2262 1203 2294 Civ.
1222 2272 1247 2293 1.
1270 2265 1322 2294 39.
1340 2264 1348 2280 ‘
1365 2264 1407 2294 ad
1425 2274 1462 2295 Vl
1479 2265 1539 2295 mi-

834 2312 879 2343 lia
909 2311 1082 2352 peditum:
1127 2322 1183 2344 ιιι.
1211 2316 1242 2344 4.
1274 2316 1284 2330 ‘
1302 2313 1356 2344 Ad
1383 2315 1540 2346 eumdem

835 2372 1010 2394 numerum
1028 2363 1135 2403 Cotys
1151 2363 1317 2394 dederat!
1355 2374 1385 2395 c.
1397 2368 1450 2396 53.
1474 2365 1483 2381 ‘
1498 2366 1540 2397 ad

837 2422 865 2444 ιι
891 2413 1019 2445 milium
1045 2424 1185 2446 numero
1199 2414 1218 2445 :’
1252 2415 1309 2445 ubi
1333 2416 1436 2446 etiam
1462 2416 1541 2447 vide

837 2464 1001 2496 Ciaccon.
1032 2466 1151 2497 Davis.
1177 2465 1351 2496 Clarkium
1381 2471 1417 2497 et
1443 2467 1537 2498 alios,

838 2514 878 2545 B.
897 2514 1006 2547 Afric.
1019 2525 1049 2547 c.
1069 2519 1098 2548 1.
1123 2516 1131 2532 ‘
1150 2516 1301 2556 equitum
1318 2516 1361 2546 ad
1380 2526 1408 2547 n
1425 2516 1540 2547 milia!

840 2563 940 2596 Adde
957 2574 986 2596 c.
1003 2568 1055 2596 21.
1073 2569 1081 2583 ⁴
1096 2566 1136 2596 ad
1152 2570 1267 2597 ternas
1284 2566 1461 2597 cohortes.'

881 2618 899 2645 5
927 2615 1136 2647 condonanda
1149 2616 1327 2656 pollicetur]
1363 2616 1544 2649 Condonata

838 2665 872 2696 in
885 2674 935 2697 lv.
949 2666 1058 2699 Codd.
1075 2672 1127 2698 est
1143 2668 1241 2708 prim.
1258 2676 1326 2698 sec.
1343 2667 1450 2708 Bong.
1462 2668 1542 2701 Pet.

839 2725 879 2750 ac
909 2716 985 2750 Pal.
1047 2717 1250 2751 Ciacconius
1280 2718 1542 2759 expungendam
