1818 3131
377 204 468 233 Lm.
502 202 544 232 V.
577 200 683 230 CAP.
712 190 784 231 34.
817 201 880 231 ΒΕ
918 201 1069 231 nmmo
1102 202 1331 232 GAmeo.

131 302 237 332 'tamen
252 308 367 330 omnm
382 306 476 339 spem,
489 299 554 328 &m
598 294 682 327 cnm
699 295 827 336 superi-

135 350 249 382 oribus
263 351 335 381 liaec
352 349 439 379 male
455 347 648 382 cohaerent;
672 345 755 375 levis
780 349 828 375 ta-

112 420 120 429 ·
136 410 211 432 men
235 400 376 431 mutatio
397 399 508 429 locum
531 397 674 428 sanabit.
719 396 828 436 Igitur

135 452 224 491 lego,
247 461 318 482 riam
341 449 398 480 etsi
413 449 531 485 aduae,
555 448 608 486 ⁸5⁶·
631 446 741 478 Dacis.
758 455 828 477 cur.

137 510 206 532 sec.
250 500 337 531 Mire
365 499 418 529 hic
443 499 537 529 locus
562 497 708 529 Criticos
733 505 829 527 exer-

135 551 216 582 cuit.
275 549 418 582 Romani
449 548 537 578 enim
567 547 703 577 minime
729 555 828 587 pares

136 604 233 632 erant
249 609 404 637 numer03
428 598 510 630 licet
532 598 581 629 ita
604 607 736 638 quoque
761 607 830 628 ver-

135 649 214 681 terit
231 650 501 690 Mctaphrastes:
517 658 620 690 quare
637 649 739 679 animo
750 658 830 689 pug-

132 699 232 730 nandi
254 699 402 740 conjecit
418 700 627 738 Glareanus;
655 703 758 740 atque
782 699 831 730 ita

133 753 185 780 est
202 749 234 780 iu
250 759 355 790 marg.
379 750 518 781 Vascos.
563 749 711 780 Invertit
730 758 830 780 voces

133 799 174 830 R.
197 800 386 840 Stephanus
408 809 531 830 numero
545 802 574 830 et
590 799 719 830 tirtute.
760 799 830 830 Sed

133 852 196 883 hoc
220 851 338 883 eodem
362 851 463 883 redit.
519 851 671 892 Scaliger
694 851 829 891 quidem

133 906 227 933 recte
258 911 423 942 reponens
441 904 617 943 pugnando,
647 906 684 933 ut
710 907 764 934 est
794 902 828 933 in

132 952 298 993 Bongars.
321 962 388 983 sec.
413 953 531 984 Petav.
548 953 642 984 Leid.
657 953 766 994 primo
794 958 830 985 et

134 1002 206 1033 aliis
243 1003 411 1033 nonnullis
446 1003 528 1034 Mss.
563 1013 625 1044 pro
655 1005 828 1044 pugnandi,

135 1052 223 1093 quod
255 1056 308 1084 est
336 1052 369 1082 in
400 1052 484 1083 Mss.
515 1053 680 1093 plurimis,
717 1054 828 1085 locum

134 1102 327 1143 hunejuvit‚
337 1107 372 1134 et
380 1103 540 1134 Davisius
551 1103 713 1144 deinceps
728 1108 829 1135 acuta

132 1160 211 1183 sane
252 1153 491 1193 explicatione.
556 1153 684 1183 Verum
715 1156 828 1184 tamen

132 1202 204 1243 ipse
222 1203 392 1243 Davisius,
403 1202 540 1242 tametsi,
555 1204 620 1234 ἃς.
641 1212 708 1234 non
724 1204 830 1234 cohae-

134 1262 208 1284 rere
222 1258 302 1294 apte
326 1263 403 1285 cum
426 1253 699 1294 praecedentibus
727 1253 830 1286 fateri

133 1303 265 1343 debuit,
295 1304 442 1345 ideoque
479 1304 626 1345 conjecit
656 1315 727 1335 nam
757 1305 830 1336 etsi:

134 1363 216 1395 quas
233 1355 416 1395 particulas
429 1354 474 1385 sic
485 1354 599 1394 jungit
611 1359 726 1386 auctor
743 1363 766 1385 1.
777 1358 831 1386 46.

134 1408 170 1436 et
193 1405 284 1436 alibi.
328 1404 426 1436 Alius
450 1405 512 1435 Vir
539 1405 659 1436 doctus
688 1406 833 1437 tentavit

133 1456 195 1487 hoc
210 1455 322 1495 modo,
348 1457 449 1486 Erunt
464 1466 482 1486 a
498 1456 614 1487 virtute
626 1466 682 1496 pro
696 1466 832 1495 nurnero,

130 1507 297 1546 pugnando
311 1516 401 1546 pares
414 1507 522 1544 nostri,
533 1506 584 1546 qui
600 1507 734 1537 tametsi.
766 1507 832 1538 Sed

134 1561 260 1597 praeter
276 1556 366 1598 quod
390 1557 462 1587 haec
475 1556 572 1588 nimis
590 1566 609 1587 a
629 1556 833 1587 membranis

136 1607 313 1648 recedunt,
341 1607 383 1639 de
402 1609 528 1640 virtute
541 1609 768 1639 Romanorum
786 1609 835 1640 bis

136 1657 224 1689 idem
247 1657 317 1689 fere
342 1659 457 1698 paucis
482 1658 594 1690 verbis
620 1658 834 1691 inculcasset.

136 1709 251 1741 Quare
282 1718 493 1750 quocumque
528 1714 562 1740 te
590 1714 713 1748 vertas,
739 1714 835 1750 patet

133 1759 214 1790 satis
234 1759 375 1790 verbum
398 1761 494 1790 nostri
522 1758 737 1791 referendum
759 1770 834 1792 esse

135 1807 178 1839 ad
199 1809 401 1850 sequentia:
437 1813 539 1850 atque
570 1810 618 1840 ita
641 1809 768 1841 diserte
797 1815 834 1841 et

135 1859 226 1890 clare
244 1858 466 1900 distinguitur
481 1859 514 1890 in
534 1860 619 1891 Mss.
645 1860 833 1892 vetustissi-

132 1909 206 1949 mis,
221 1910 386 1951 Bongars.
401 1910 521 1950 primo,
533 1910 657 1942 Petav.
669 1911 832 1942 vossiano

134 1960 255 2000 primo,
272 1961 392 2000 scalig.
418 1960 574 1992 Leidensi
590 1962 700 2002 primo
713 1966 748 1992 ct
766 1966 832 1992 ter-

134 2010 202 2048 tio;
225 2020 288 2042 nec
305 2011 434 2051 dubito,
458 2011 538 2053 quin
554 2012 602 2043 ita
618 2013 722 2043 etiam
738 2013 783 2043 sit
799 2013 832 2043 in

136 2059 217 2092 aliis.
245 2061 400 2092 Vossiani
416 2066 511 2092 certe
527 2061 667 2093 secundi
681 2063 830 2103 exscrip-

135 2114 190 2140 tor
211 2110 283 2141 haec
298 2110 340 2141 de
365 2110 576 2142 Eburonibus
591 2111 696 2152 cepit,
711 2111 743 2142 in
765 2122 832 2154 quo

135 2159 258 2190 nostris.
315 2159 369 2190 An
404 2169 484 2201 ergo
522 2161 724 2202 recipiemus
753 2172 832 2194 con-

129 2209 303 2249 jecturam
349 2210 519 2241 Ciacconii
552 2221 676 2243 numero
715 2214 832 2253 superi-

135 2256 225 2289 ores?
291 2259 383 2290 Nihil
417 2259 545 2290 minus:
594 2271 671 2291 nain
709 2271 750 2293 ne
782 2263 831 2294 di-

135 2318 222 2348 cam,
254 2309 342 2350 quod
375 2309 600 2341 audacissima
625 2311 669 2342 sit
698 2313 831 2354 conjec-

137 2363 226 2399 tura,
248 2360 320 2401 quis
342 2361 462 2391 credat
477 2362 644 2393 Caesarem
661 2363 830 2404 scripsisse

133 2410 310 2442 Eburones
336 2412 403 2442 suis
432 2412 606 2452 militibus,
643 2413 685 2444 de
712 2414 830 2454 quibus

134 2463 204 2491 tam
226 2461 362 2501 egregia
388 2462 564 2501 praedicat,
584 2463 701 2493 virtute
728 2462 829 2495 fuisse

133 2511 347 2550 superiores?
372 2511 418 2541 Ut
437 2511 549 2551 pam-is
564 2512 684 2543 dicam.
728 2513 831 2545 Latet

134 2560 292 2592 mendum
309 2561 342 2591 in
364 2562 429 2592 τοῖς
450 2566 480 2593 et
497 2572 632 2600 numero,
658 2567 695 2594 et
721 2563 832 2603 legen-

135 2609 213 2642 dum
234 2612 404 2643 contendo
429 2613 532 2643 Erant
559 2616 589 2643 et
610 2613 725 2644 virtute
751 2614 832 2645 Ebu-

134 2669 222 2692 rones
239 2664 403 2702 prag-nando
422 2674 526 2704 pares.
577 2664 690 2696 Nostri
710 2666 833 2696 tametsi

133 2709 173 2740 ab
183 2712 238 2743 d..·
259 2713 313 2744 vel
327 2714 438 2754 potius
454 2723 530 2746 cum
544 2714 658 2747 Oxou.
672 2716 834 2747 tamenetsi

137 2759 176 2790 ab
197 2761 228 2792 d.
267 2771 366 2795 sensu
391 2765 625 2806 apertissimo:
653 2774 684 2797 es
708 2767 743 2797 in
772 2767 836 2798 Co-

1466 190 1575 232 1111

881 295 957 327 dice
975 297 1118 338 quodam
1144 307 1224 329 casu
1250 295 1404 335 excidit3
1426 295 1505 327 binc
1537 306 1578 328 ex

881 346 1020 386 Eburon,
1036 348 1126 389 quod
1153 348 1235 378 nihil
1261 352 1348 386 erat,
1374 345 1529 378 fecerunt
1549 350 1579 378 et

879 406 1002 427 numero
1014 409 1026 434 ;
1039 398 1127 438 quod
1143 399 1212 429 sive
1229 399 1271 429 (lc
1286 397 1444 429 Romanis
1455 397 1524 428 sive
1536 397 1579 429 (le

881 445 1097 478 Eburonibus
1123 449 1245 489 capiaS,
1281 448 1495 480 falsissimum
1516 453 1582 481 est.

888 497 1021 528 Tametsi
1038 500 1090 529 vel
1107 502 1207 530 tumen
1220 500 1448 540 etsiseqnente
1463 503 1580 539 tamen,

881 557 943 588 pro
986 549 1137 588 quumvis,
1172 554 1223 580 est
1260 548 1581 590 frequentissimum.

883 598 972 629 Vide
1007 608 1081 639 quae
1118 599 1258 630 laudant
1298 600 1501 632 Rittershus.
1539 599 1581 630 ad

885 648 1036 680 Cassian.
1079 648 1256 689 Scioppius
1270 659 1361 690 susp.
1378 650 1458 681 lect.
1475 658 1513 680 ιι.
1530 652 1583 682 13.

886 698 937 729 Cl.
955 699 1087 730 Duker.
1100 698 1143 730 ad
1169 700 1303 730 Florum
1332 710 1364 740 p.
1381 703 1413 730 6.
1429 704 1465 731 et
1486 700 1582 731 Cort.

881 749 925 780 ad
945 749 1081 781 Sallust.
1099 750 1199 782 Catil.
1227 759 1257 781 c.
1269 752 1322 781 21.
1340 751 1348 767 ‘
1363 750 1488 781 Tamen
1517 750 1584 782 etsi

881 799 943 830 illis
952 799 1087 841 quieta,’
1098 802 1164 832 ἃς.
1176 801 1185 816 ‘
1200 804 1311 831 tamen
1327 799 1498 840 postulare
1514 800 1584 840 ple-

881 851 998 892 rique,'
1014 856 1049 881 et
1061 850 1133 881 aliis
1147 850 1229 881 locis
1241 860 1315 881 eum
1331 850 1491 891 aliosque.
1514 850 1583 882 Re-

880 902 1088 933 stituendum
1105 902 1138 932 id
1154 911 1287 943 quoque
1310 901 1447 933 Valerio
1472 901 1583 933 Maxi-

879 962 934 983 mo
952 961 1009 983 111.
1024 956 1054 985 7.
1082 953 1098 993 ξ
1114 955 1144 984 2.
1169 953 1249 984 Ext.
1266 954 1275 970 ‘
1292 952 1441 984 Tametsi
1454 952 1495 983 ab
1510 952 1583 984 aliis

879 1012 946 1034 non
960 1004 1122 1043 inpetrat,
1137 1002 1324 1034 domestico
1338 1007 1451 1034 tamen
1464 1011 1584 1042 accep-

879 1057 947 1084 tam
966 1053 1099 1093 judicio
1115 1051 1253 1084 refert?
1275 1053 1332 1083 ubi
1355 1052 1434 1083 vide
1456 1052 1578 1083 Varias

880 1103 977 1134 Lect.
993 1103 1094 1143 vulgo
1108 1112 1174 1133 eam
1185 1103 1253 1133 etsi.
1284 1103 1413 1133 Nostro
1426 1101 1579 1142 inprimis

879 1157 933 1183 est
955 1151 1141 1191 familiare3
1159 1157 1195 1183 et
1217 1152 1264 1183 ita
1280 1151 1430 1193 quidem,
1446 1156 1485 1182 ut
1507 1161 1583 1191 una,

878 1203 934 1234 vel
951 1202 1026 1234 duae
1054 1212 1158 1234 voces
1175 1203 1374 1244 praecedant
1399 1201 1436 1233 τὸ
1459 1202 1582 1233 tametsi

879 1255 934 1286 vel
948 1259 1049 1286 tamen
1061 1255 1132 1286 etsi.
1155 1264 1180 1286 1.
1191 1257 1244 1286 30.
1254 1255 1264 1272 ‘
1278 1254 1477 1295 Intelligere
1490 1263 1563 1286 sese
1575 1264 1584 1293 3

880 1305 1019 1336 tametsi
1048 1315 1163 1346 poenas
1190 1306 1371 1346 repetisset
1387 1316 1397 1344 ;
1442 1304 1582 1345 tamen‚'

881 1358 944 1387 Sec.
969 1365 1034 1387 vn.
1046 1359 1097 1387 43.
1114 1357 1122 1373 ‘
1141 1356 1226 1388 Quae
1242 1356 1377 1388 tametsi
1390 1357 1509 1388 Caesar
1535 1356 1584 1387 in-

881 1405 1072 1446 telligebat,
1101 1404 1235 1436 tamen.’
1272 1405 1361 1437 Ibid.
1383 1415 1413 1437 c.
1429 1409 1483 1437 50.
1501 1406 1509 1423 ‘
1527 1405 1580 1437 Ac

882 1456 1015 1487 tametsi
1046 1455 1415 1496 animadvertebantur,
1438 1461 1551 1487 tamen
1562 1454 1585 1487 ι’

884 1507 1004 1548 quibus
1020 1507 1103 1538 locis
1121 1506 1278 1537 Muretus
1293 1506 1377 1537 citat
1396 1508 1499 1538 tamen
1514 1506 1585 1547 etsi,

884 1566 935 1588 xi.
953 1561 1004 1588 17.
1021 1558 1100 1588 Var.
1114 1557 1210 1588 Lect.
1224 1556 1284 1587 sed
1302 1556 1343 1588 de
1359 1557 1410 1587 his
1423 1566 1482 1588 suo
1495 1557 1584 1588 loco.

884 1616 965 1638 vm.
984 1610 1035 1638 10.
1047 1608 1055 1624 ‘
1073 1612 1187 1638 tamen
1201 1607 1264 1638 etsi
1278 1616 1416 1638 numero
1432 1615 1499 1638 non
1516 1616 1583 1638 am-

885 1658 974 1698 plius
989 1661 1089 1688 erant
1101 1665 1137 1696 n,
1153 1656 1286 1688 tamen!
1320 1656 1419 1688 Adde
1435 1665 1516 1688 vm.
1530 1659 1583 1687 20.

885 1708 924 1738 Β.
938 1707 1011 1739 Civ.
1025 1716 1050 1739 1.
1067 1709 1120 1739 26.
1141 1709 1255 1739 111.67.
1273 1707 1451 1738 Praeterea
1463 1717 1482 1738 e
1497 1707 1586 1738 Mss.

884 1762 1015 1789 tautum
1032 1767 1098 1788 non
1120 1757 1286 1796 omnibus,
1308 1757 1415 1798 iisque
1440 1757 1586 1788 vetusti-

883 1808 996 1839 oribus
1012 1817 1132 1848 magno
1155 1817 1294 1839 numero
1311 1808 1448 1838 exhibui
1459 1808 1498 1838 ab
1510 1809 1585 1839 duce

882 1862 913 1890 et
929 1869 948 1890 a
961 1859 1045 1896 sort.
1087 1858 1144 1890 Sic
1161 1867 1185 1890 1.
1202 1861 1255 1890 37.
1273 1859 1282 1875 ‘
1300 1858 1341 1889 ab
1355 1858 1473 1889 AEduis
1502 1863 1539 1889 et
1562 1868 1583 1889 a

882 1909 1051 1941 Treviris.'
1074 1918 1114 1941 11.
1125 1912 1179 1940 23.
1196 1910 1204 1925 ‘
1223 1919 1242 1940 a
1255 1908 1368 1940 fronte
1380 1913 1416 1939 et
1433 1908 1474 1939 ab
1491 1908 1587 1940 sinis·

883 1965 936 1991 tra
949 1960 1070 2000 parte!
1086 1961 1127 1992 B.
1142 1960 1180 1991 C.
1194 1969 1218 1991 1.
1231 1963 1282 1991 25.
1293 1962 1302 1977 ‘
1317 1969 1336 1990 a
1347 1959 1461 1991 fronte
1478 1965 1581 2001 atque

882 2011 923 2042 ab
935 2016 1078 2052 utroque
1088 2010 1218 2042 latere.’
1236 2010 1337 2042 Adde
1346 2020 1375 2042 c.
1385 2013 1439 2041 67.
1459 2019 1515 2041 111.
1532 2013 1584 2042 10.

881 2062 891 2078 ‘
910 2061 951 2092 ab
967 2066 1086 2093 senatu
1109 2065 1146 2092 et
1162 2071 1182 2092 a
1198 2060 1348 2102 populo.’
1394 2062 1445 2093 Ut
1468 2061 1585 2102 vulgo,

882 2112 931 2144 ita
954 2113 1135 2154 legendum
1162 2122 1228 2144 vn.
1246 2116 1298 2144 17.
1316 2115 1324 2130 ‘
1336 2112 1367 2144 A
1392 2111 1531 2144 flumine
1547 2119 1584 2144 et

881 2173 900 2194 a
917 2164 1038 2204 palude
1050 2164 1070 2195 :'
1101 2164 1202 2204 vulgo
1220 2163 1318 2194 deest
1333 2174 1352 2194 a
1376 2168 1495 2195 eontra
1510 2164 1583 2196 Cae-

881 2214 966 2245 saris
978 2224 1115 2245 morem.
1129 2224 1158 2245 c.
1176 2216 1228 2245 32.
1246 2215 1255 2231 ‘
1271 2224 1290 2245 a
1313 2214 1402 2245 bello
1419 2218 1522 2255 atque
1538 2214 1580 2245 ab

880 2265 991 2296 boste'
1008 2264 1094 2296 Edd.
1116 2265 1285 2306 quaedam,
1310 2265 1406 2295 etita
1433 2265 1520 2296 Mss.
1543 2268 1582 2296 et

881 2316 968 2347 Edd.
984 2316 1023 2347 B.
1037 2316 1111 2348 Civ.
1131 2325 1185 2346 111.
1197 2318 1229 2347 3.
1255 2316 1296 2346 V.
1311 2324 1413 2356 supra
1424 2315 1465 2346 ad
1476 2323 1517 2347 11.
1530 2317 1582 2347 10.

880 2371 915 2398 et
930 2367 1063 2398 crebro.

922 2420 941 2448 7
986 2417 1119 2458 Quaeque
1148 2417 1253 2448 cohors
1276 2417 1485 2458 procurreret]
1530 2416 1586 2448 Ita

879 2467 1003 2508 legitur
1017 2468 1052 2498 in
1075 2469 1167 2499 Msto
1185 2467 1326 2498 Norvic.
1343 2471 1379 2498 et
1404 2471 1497 2498 recte
1513 2467 1584 2507 qui-

880 2518 956 2550 dem
971 2530 980 2558 ;
997 2519 1138 2559 respicit
1151 2519 1240 2549 enim
1253 2523 1368 2548 noster
1381 2517 1421 2548 ad
1437 2517 1483 2555 id,
1497 2516 1587 2556 quod

880 2567 1006 2600 factum
1024 2574 1089 2607 est,
1117 2574 1294 2609 postquam
1319 2568 1353 2598 iu
1369 2568 1484 2598 orbem
1508 2576 1586 2597 con-

868 2619 1039 2651 .stiterant
1057 2620 1212 2650 Romani.
1243 2620 1367 2658 Vulgg.
1389 2621 1587 2658 procurreret

882 2669 937 2700 vel
949 2673 1196 2710 procucurrerat.
1233 2670 1299 2699 Ms.
1315 2670 1449 2699 Carrar.
1458 2677 1586 2708 procur-

880 2719 983 2760 rebae,
1003 2730 1078 2761 quae
1094 2720 1199 2751 lectio
1223 2719 1266 2750 ob
1283 2717 1474 2758 κακοφωνίαν
1492 2728 1512 2749 a
1531 2728 1586 2750 me

883 2775 935 2803 est
953 2771 1130 2813 repudiata
1145 2781 1155 2810 3
1182 2769 1334 2810 sequitur
1348 2770 1437 2801 enim
1454 2779 1587 2810 magnus
