1883 3121
223 211 336 255 1386
690 223 829 255 No'rAE
863 222 1124 258 VARIORUM
1159 227 1209 258 m

222 328 298 350 cum
317 318 401 349 Edil.
419 318 585 359 prioribus
606 320 645 349 ad
670 319 731 349 iter
753 319 859 350 additu
885 322 924 350 ad

221 370 332 399 vadum
348 369 491 398 circuitu.
527 369 657 399 Davisii
673 370 922 401 correctionem

221 418 342 448 merito
361 417 485 457 probat
501 419 667 450 Clarkius.

265 477 348 499 va.
374 471 389 498 l
428 469 542 498 Procul
566 469 658 509 risos]
705 471 831 502 Ultima
858 482 922 502 vox

220 519 382 555 abundat,
416 525 451 550 ut
483 521 559 552 Pet.
587 522 768 554 Ciacconio
794 528 828 554 et
850 524 923 556 Jos.

221 570 394 609 Scaligero
410 570 639 604 observatum.
676 574 839 604 Rescribo
855 585 925 614 pro-

220 622 270 651 cul
287 621 377 660 ipsos
431 621 589 654 Justinus
610 633 633 655 1.
658 627 689 655 9.
712 625 721 640 ⁴
740 625 860 659 Quibus
882 635 923 654 ne

220 670 296 710 ipsis
311 671 445 712 quidem
462 673 590 704 animus
608 692 650 697 —
665 674 797 705 defuit)
835 674 923 705 Vide

220 725 256 752 ct
275 722 487 753 Lactantium
512 723 591 755 Div.
615 724 699 756 lust.
718 735 749 755 v.
770 728 818 755 ll.
836 730 922 755 extr.

220 771 333 804 Davis.
387 774 538 813 Scaliger
560 784 678 805 vocem
707 776 785 805 risos
812 775 924 805 delen-

221 821 300 853 dam
325 823 507 854 existimat.
569 825 729 854 Davisius
754 825 924 863 emendat,

219 875 326 913 procul
356 873 457 913 ipsos.
514 874 579 904 Sed
606 884 722 905 vocem
751 877 831 914 ipsos
860 876 923 907 boc.

222 924 320 955 modo
349 934 416 955 non
448 930 615 964 usurpant
649 925 728 955 boui
765 925 924 963 Antores,

222 977 285 1007 uisi
303 977 496 1016 ἐμφατικῶς;
531 977 618 1018 quod
645 977 697 1009 hie
725 978 834 1008 locum
859 987 925 1008 non

218 1026 332 1058 habet.
379 1027 500 1068 Neque
514 1036 594 1057 vero
612 1027 761 1058 abundat
780 1027 862 1058 illud
882 1028 927 1058 ri-

220 1086 285 1107 sos:
318 1077 444 1108 etenim
471 1078 575 1117 procul
594 1078 686 1116 riso-³,
711 1082 762 1108 est
786 1076 886 1108 subito
910 1087 926 1108 e

219 1126 384 1166 longinquo
394 1131 578 1167 apparentes
592 1138 601 1163 ,·
617 1128 787 1167 conspicere
801 1133 926 1166 autem,

223 1176 285 1207 hoc
300 1177 331 1206 in
348 1177 423 1207 loco
441 1182 491 1207 est
503 1178 655 1207 attentius
667 1177 794 1207 intueri.
821 1178 926 1208 Clark.

224 1225 312 1256 Dele
344 1227 474 1257 rescribo
501 1228 606 1266 procul
636 1227 718 1267 ipsos
748 1227 789 1257 ad
825 1227 925 1259 tinem

223 1280 339 1307 notae:
375 1277 434 1307 sed
464 1287 579 1307 eorum
610 1278 686 1308 loco
713 1278 784 1308 haec
815 1289 925 1318 pone:

225 1334 299 1356 eam
314 1331 423 1356 tamen
443 1332 693 1366 repraesentant
711 1336 825 1357 omnes
835 1328 927 1359 Msti.

223 1376 350 1406 Forsan
368 1376 547 1415 legendum
572 1387 666 1417 prope
683 1387 761 1416 suos,
790 1378 844 1408 vel
869 1389 927 1409 non

220 1427 331 1466 procul
346 1426 419 1456 suis.
458 1426 569 1457 Daris.
587 1437 657 1457 cur.
675 1437 741 1458 sec.
801 1428 929 1458 Nihilo-

223 1476 345 1514 minus,
370 1476 395 1506 si
426 1486 445 1506 a
471 1477 599 1507 Codice
630 1476 752 1508 idoneo
779 1477 929 1519 abesset,

223 1526 350 1566 ejicere
367 1527 490 1558 malim.
528 1527 630 1558 Nunc
648 1527 680 1557 in
698 1527 928 1567 explicatione

226 1576 356 1607 Clarkii
381 1577 584 1618 acquiesco:
619 1578 652 1608 iu
671 1577 764 1609 Leid.
783 1588 833 1618 pr.
858 1589 930 1618 quos

224 1625 278 1656 uhi
291 1626 372 1657 vidit
387 1627 460 1665 Afr.
475 1628 528 1666 Ere.

267 1678 286 1706 2
323 1676 488 1715 Consistit,
513 1677 666 1717 aciemque
693 1678 835 1718 instruit]
874 1679 930 1710 Sic

227 1735 342 1757 rursus
372 1736 390 1756 e
417 1727 590 1759 Ciacconii
607 1729 805 1769 conjectura
822 1729 931 1761 edidit

226 1777 391 1817 Scaliger,
407 1782 443 1808 et
457 1782 536 1817 post
553 1787 628 1808 eum
646 1778 753 1809 ceteri
770 1789 777 1815 ;
813 1783 931 1810 contra

225 1827 364 1858 Vascos.
382 1828 448 1858 Str.
466 1827 585 1867 Steph.
603 1828 736 1868 Gryph.
758 1833 845 1868 post.
863 1839 930 1859 con-

226 1877 322 1915 stitit,
335 1878 490 1917 aciemque
507 1878 672 1909 instruxit.
717 1878 765 1909 At
787 1879 869 1909 Mss.
896 1883 931 1910 et

227 1926 314 1957 Edd.
334 1927 429 1958 Vett.
447 1932 642 1958 constanter
667 1929 806 1959 constitit
822 1930 930 1960 aciem-

227 1986 283 2015 que
300 1977 447 2007 instruit:
470 1977 676 2008 creberrima
693 1979 930 2019 conjunctione

228 2026 405 2056 Praeteriti
430 2031 465 2056 ct
494 2026 705 2064 l’raesemis3
739 2038 837 2068 quam
860 2039 931 2069 per-

228 2084 343 2116 peram
360 2075 486 2116 ubique
503 2076 624 2107 tollunt
641 2077 800 2109 editores,
844 2079 931 2110 Vide

230 2131 356 2165 praeter
383 2126 448 2155 alia
476 2126 517 2156 ad
546 2136 576 2157 c.
602 2130 653 2158 41.
688 2129 697 2144 ‘
715 2128 785 2159 Sub
813 2130 932 2161 castris

229 2176 385 2207 constitit
411 2181 446 2207 et
472 2175 557 2208 facit
586 2179 758 2219 pugnandi
785 2184 932 2220 potesta-

232 2226 324 2257 tcmff

273 2281 405 2308 Lxx·1.4
437 2279 571 2318 Signum
593 2280 664 2310 dari.
681 2279 782 2320 jubet,
806 2283 835 2311 et
860 2291 934 2312 vasa

230 2327 362 2358 militari
387 2338 469 2359 more
484 2329 684 2369 conclamari]
728 2329 933 2362 Accuratius

229 2376 302 2407 liare
321 2377 500 2408 Frontinus
526 2387 550 2408 1.
570 2381 620 2409 12.
643 2381 651 2394 ‘
670 2378 709 2409 C.
728 2379 864 2417 Caesar,'
887 2380 934 2411 in-

231 2427 317 2467 quit,
341 2428 350 2443 ‘
371 2437 432 2467 per
447 2433 631 2468 exceptum
646 2429 814 2468 quendam
832 2439 933 2471 aqua-

232 2481 352 2517 torem,
391 2487 466 2508 cnm
501 2479 723 2519 comperisset
755 2479 933 2512 Afranium

231 2527 474 2569 Petreiumque
501 2533 613 2559 castra
644 2534 743 2560 noctu
774 2536 934 2571 moturos,

232 2582 281 2618 ut,
302 2578 388 2609 citra
403 2579 617 2609 vexationem
638 2589 784 2619 snorum,
800 2582 935 2612 hostilia

232 2628 414 2669 impediret
445 2629 595 2669 consilia,
625 2630 658 2661 in
691 2631 787 2661 initio
818 2633 934 2664 statim

232 2679 342 2710 noetis
373 2688 453 2710 vasa
486 2680 696 2711 conclamare
731 2681 864 2721 milites,
899 2686 935 2713 et

234 2733 360 2767 praeter
375 2729 645 2761 adversariorum
667 2735 779 2761 castra
795 2732 848 2773 agi
866 2743 934 2763 mu-

234 2777 282 2809 los
295 2788 370 2810 cum
388 2778 539 2821 fremitu,
552 2784 587 2812 et
603 2789 718 2813 sonum
739 2782 843 2822 jussit
857 2793 934 2815 con-

974 322 1118 361 tinuare,
1145 332 1226 364 qnos
1254 326 1407 354 retentos
1436 323 1571 356 volebat
1588 324 1674 356 arbi-

974 374 1054 404 trari
1073 378 1185 403 casn-a
1209 374 1377 403 Caesarem
1402 374 1560 405 movere.'
1607 375 1674 405 Pu-

974 424 1084 454 tabam
1108 423 1323 464 ἆνιστορησίαν
1339 434 1412 454 esse
1429 435 1434 454 :
1462 434 1536 455 nain
1554 428 1674 456 strate·

974 478 1107 512 gemam
1124 475 1288 504 mulorum
1306 473 1346 504 ad
1365 474 1570 508 Cornoviam
1597 484 1674 506 usus

975 524 1099 561 Caesar,
1115 529 1151 554 ut
1168 534 1268 564 snpra
1295 525 1436 563 legimus
1462 525 1484 554 l.
1502 534 1567 555 vu.
1615 525 1676 556 Di-

974 579 1027 604 cat
1046 573 1157 604 forsan
1184 575 1257 615 quis
1281 579 1316 605 et
1339 576 1392 606 hic
1414 576 1521 605 simile
1549 575 1674 616 aliquid

975 624 1181 663 contigisse:
1217 623 1318 665 idque
1334 626 1455 665 colligo
1482 634 1523 656 ex
1550 625 1675 664 verbis,

976 683 1049 714 qum
1076 672 1164 704 infra
1187 679 1391 706 occurrunt:
1425 685 1500 706 nam
1526 680 1621 707 erant
1642 676 1676 706 in

976 725 1097 754 castris
1111 723 1320 763 Afranianis,
1332 724 1388 765 qni
1401 724 1553 756 «licerent
1566 737 1574 755 :
1589 725 1598 741 ‘
1610 735 1678 756 non

977 783 1076 813 posse
1094 774 1180 804 clam
1203 773 1300 812 exiri,
1327 773 1552 805 circumfundi
1574 780 1679 806 noctu

977 824 1165 863 equitatum
1183 823 1339 862 Coesaris,
1355 829 1459 865 atque
1477 824 1588 855 omnia
1603 825 1679 855 loca

976 879 1080 914 atque
1111 874 1236 904 itinera
1270 873 1455 905 obsideriz'
1493 874 1552 906 sed
1579 874 1679 906 facile

977 922 1180 961 occurritur,
1219 932 1294 953 cum
1331 924 1404 963 ipse
1437 925 1552 955 Caesar
1578 925 1680 964 dicat,

977 983 1042 1004 non
1073 973 1207 1004 aliunde
1232 983 1305 1004 eam
1333 974 1523 1014 opinionem
1548 974 1679 1015 profec-

979 1028 1060 1063 tam,
1076 1033 1175 1064 quain
1192 1025 1272 1065 qnia
1297 1029 1453 1056 anteacta
1479 1030 1581 1056 nocte
1604 1033 1681 1056 con-

978 1073 1114 1104 clamari
1141 1083 1221 1104 vasa
1247 1074 1280 1104 in
1305 1075 1427 1105 castris
1457 1075 1600 1107 Caesaris
1625 1085 1681 1106 au·

978 1123 1127 1154 diisscnt.
1189 1125 1244 1154 De
1274 1124 1426 1155 Frontini
1461 1125 1535 1156 loco
1569 1125 1682 1156 obiter

979 1182 1110 1211 moneO,
1138 1178 1334 1213 suspectum
1361 1173 1473 1204 mendi
1500 1173 1621 1213 videri,
1645 1178 1681 1205 et

979 1233 1094 1254 vocem
1109 1223 1197 1253 illam
1209 1224 1324 1254 milites
1337 1234 1355 1254 a
1371 1224 1509 1255 librario
1523 1225 1681 1265 imperito

978 1273 1159 1309 insertam;
1195 1282 1271 1303 nam
1297 1273 1407 1303 nullus
1424 1273 1509 1304 dixit
1525 1283 1598 1305 rasa
1613 1285 1681 1305 con-

977 1324 1110 1354 clamare
1127 1324 1251 1354 milites.
1297 1323 1418 1364 Neque
1435 1324 1467 1354 id
1481 1324 1624 1356 arbitror
1638 1325 1681 1356 ab

979 1373 1140 1404 militibus
1158 1372 1304 1404 factum:
1338 1373 1397 1405 sed
1423 1379 1504 1414 puto
1528 1375 1682 1407 delectos

979 1422 1082 1455 fnisse
1099 1433 1286 1464 pramones
1303 1425 1359 1464 qui
1375 1424 1408 1454 id
1425 1423 1592 1465 facerent,
1605 1435 1684 1466 quo-

980 1473 1080 1505 modo
1105 1475 1275 1506 Tesserarii
1301 1473 1412 1510 fuere,
1438 1475 1494 1516 qui
1520 1479 1682 1506 tesseram

980 1525 1144 1556 militibus
1159 1525 1415 1557 annunciarent.
1451 1526 1526 1558 Nec
1542 1526 1684 1557 miretur

981 1576 1066 1616 quis,
1093 1580 1199 1606 totam
1215 1585 1268 1606 me
1285 1585 1402 1606 vocem
1418 1576 1580 1607 audacter
1597 1576 1681 1607 adeo

981 1626 1106 1666 ejicere
1123 1636 1164 1657 ex
1190 1626 1365 1663 Frontino,
1393 1626 1448 1667 qui
1470 1626 1684 1667 corruptissi-

981 1685 1053 1707 mus
1087 1677 1185 1707 bodie
1220 1676 1472 1708 circumfertur.
1531 1677 1618 1708 Sane
1649 1677 1683 1707 in

981 1728 1127 1768 Vegetio
1157 1728 1333 1768 complura
1367 1729 1400 1759 id
1431 1738 1535 1768 genus
1567 1737 1684 1759 occur-

982 1783 1080 1809 runt:
1116 1779 1214 1818 quale
1231 1779 1293 1809 hoc
1317 1777 1405 1820 quod
1425 1788 1462 1810 ιι.
1479 1782 1510 1809 6.
1535 1779 1544 1796 ‘
1558 1778 1684 1811 sur-ant

981 1833 1092 1859 autem
1109 1828 1246 1868 milites,
1262 1829 1372 1859 onmia
1399 1839 1434 1860 se
1460 1834 1597 1859 strenue
1616 1827 1684 1859 fac—

983 1883 1076 1909 turos
1109 1889 1182 1919 qnae
1205 1879 1348 1918 jusserit
1377 1878 1577 1918 Imperator,
1600 1888 1683 1909 nun-

982 1938 1079 1969 quam
1103 1929 1299 1959 deserturos
1323 1929 1490 1966 militiam,
1508 1938 1571 1960 nec
1598 1937 1684 1959 mor·

983 1984 1050 2009 tem
1069 1983 1280 2010 recusaturos
1298 1988 1358 2019 pro
1376 1979 1526 2010 Romana
1546 1977 1682 2018 Repub—

982 2029 1070 2059 lica.’
1118 2030 1183 2059 Ubi
1211 2033 1304 2059 certe
1331 2029 1473 2059 multum
1499 2036 1617 2059 vereor
1640 2037 1682 2058 ne

983 2087 1048 2109 vox
1072 2078 1218 2109 militiam
1241 2087 1259 2108 a
1283 2079 1386 2109 sciolo
1414 2078 1524 2118 aliquo
1549 2077 1685 2118 adjecta

982 2128 1036 2167 sit,
1053 2128 1201 2170 quicum
1230 2129 1377 2159 nesciret
1400 2129 1548 2166 deserere,
1575 2132 1609 2158 et
1635 2128 1685 2157 de-

981 2182 1111 2209 sertores
1131 2179 1198 2209 dici
1216 2177 1332 2217 ἁπλῶς,
1350 2178 1483 2218 putavit
1496 2177 1686 2208 addendam

983 2238 1099 2260 vocem
1120 2229 1252 2260 militioe.
1299 2229 1401 2259 Certe
1417 2227 1443 2258 si
1462 2227 1495 2258 id
1512 2227 1685 2267 displicet,

983 2285 1102 2311 contra
1118 2290 1243 2311 morem
1261 2280 1452 2311 Vetustatis
1469 2279 1608 2320 scripsit
1622 2279 1685 2310 Ve-

984 2331 1107 2370 getius.
1165 2330 1266 2362 Prius
1301 2334 1413 2361 tamen
1446 2329 1533 2360 malo
1557 2328 1685 2360 dicere.

984 2381 1024 2411 ln
1040 2381 1214 2419 Frontino,
1230 2380 1308 2421 quin
1336 2379 1424 2410 idem
1452 2388 1515 2409 usu
1542 2378 1685 2417 venerit,

984 2440 1049 2461 non
1088 2430 1220 2471 ambigo
1245 2441 1252 2461 :
1300 2429 1478 2469 imperitus
1516 2427 1684 2469 quispiam

984 2490 1060 2512 cum
1077 2485 1214 2521 putaret
1242 2489 1322 2510 vasa
1346 2479 1388 2510 ab
1416 2478 1527 2518 aliquo
1553 2477 1686 2508 concla-

983 2530 1080 2569 mari,
1118 2529 1261 2560 inseruit
1296 2537 1414 2559 vocem
1446 2527 1571 2557 milites.
1630 2527 1684 2557 'l'n

983 2591 1055 2612 eam
1086 2590 1254 2620 expunge,
1283 2583 1319 2609 et
1348 2578 1421 2617 lege
1451 2586 1582 2607 mecum
1611 2586 1685 2607 vasa

982 2631 1179 2662 conclamari.
1230 2629 1365 2660 Vossius.
1427 2627 1579 2657 Grutero
1612 2635 1684 2657 sus-

984 2686 1092 2722 pectae
1117 2685 1196 2712 sunt
1218 2680 1260 2711 de
1284 2680 1407 2711 Glossa
1433 2688 1532 2709 voces
1553 2677 1687 2710 militari

983 2741 1074 2762 more.
1119 2731 1222 2761 Certe
1249 2729 1282 2759 id
1311 2739 1330 2758 a
1356 2729 1491 2760 Caesare
1516 2727 1594 2758 addi
1617 2737 1684 2759 non

983 2791 1067 2823 opus
1083 2786 1169 2822 erat,
1187 2786 1224 2812 nt
1242 2789 1299 2812 ιιι.
1313 2783 1366 2812 37.
1389 2781 1398 2797 ‘
1418 2780 1472 2812 Ne
1495 2779 1692 2824 concrum-‚-
