1818 3131
324 185 413 215 Lis
451 173 727 214 lv.CAr.]„
762 184 824 214 DE
860 186 1014 216 nunno
1046 186 1273 216 GAnnico.

59 278 144 310 laudi
159 287 198 309 ex
212 288 317 309 caussa
332 279 428 310 Voss.
444 287 511 309 sec.
529 277 609 308 item
627 276 754 317 primus

62 339 81 360 a
107 340 151 360 m.
184 338 249 361 sec.
279 335 313 361 et
340 331 502 369 Bongars.
534 329 671 369 primns,
703 328 759 369 qui

61 379 262 420 simpliciter
289 380 436 410 habebat
471 379 601 409 bellandi
630 389 668 408 ex
693 378 756 420 fin.

61 431 212 466 educunt,-
235 439 334 471 quam
349 430 402 459 vix
416 429 535 459 dubito
554 439 665 460 veram
683 438 756 460 esse

63 480 253 520 lectionem,
269 481 368 510 immo
384 478 496 510 forsan
511 489 529 509 e
542 479 605 509 suis
618 478 760 518 librarii,

62 530 189 570 aliquid
220 530 335 560 deesse
362 528 554 568 credentes,
588 529 761 559 finxerunt

61 589 181 611 caussa.-
213 589 287 610 nam
315 579 401 610 solet
431 579 553 619 smpius
576 589 760 620 pronomen

63 630 187 660 addere
204 629 328 660 Caesar.
373 629 440 660 Sed
465 634 579 660 amant
594 630 759 668 historici,

62 688 174 710 casum
213 680 410 710 Genitivum
457 689 595 720 ponere,
639 680 762 711 omissa

61 739 168 760 caussa
184 730 237 760 vel
251 729 379 769 grinio,-
401 740 458 761 seu
478 728 568 761 ἕνεκα
591 732 642 761 vel
668 740 760 769 crgo:

63 780 152 821 quod
204 780 395 811 sexcenties
448 780 636 812 docuerunt
687 781 761 811 Viri

62 833 179 865 Docti.
224 833 370 864 Consule
400 833 499 864 modo
524 833 693 864 Stewech.
721 833 762 864 ad

64 882 193 914 Arnob.
208 883 230 914 l.
245 892 293 914 vx.
309 893 341 924 p.
358 886 429 914 192.
445 888 481 914 et
497 893 580 924 quos
595 884 764 924 congessit

64 932 225 963 Arntzen.
251 933 292 964 ad
319 933 434 964 Aurel.
462 934 594 964 Victor.
621 934 662 966 de
690 935 763 965 Vir.

62 983 119 1014 Ill.
136 992 166 1014 c.
183 985 213 1014 2.
238 984 246 1000 ‘
265 984 349 1015 Quae
373 993 467 1024 aquae
492 984 684 1016 hauriendae
707 986 763 1016 de-

63 1032 265 1065 scenderat!
297 1033 425 1064 Noster
441 1033 513 1073 ipse
530 1043 579 1064 ιν.
599 1037 648 1064 17.
674 1038 682 1052 ‘
699 1035 765 1066 Na-

63 1091 133 1120 ves,
155 1081 340 1122 dejiciendi
357 1083 482 1122 operis,
505 1093 524 1113 a
548 1083 699 1115 barbaris
714 1094 765 1115 es-

63 1136 139 1163 sent
154 1132 265 1162 missae
279 1131 298 1163 :'
321 1132 369 1162 uti
389 1133 567 1173 legendum
584 1143 602 1163 e
619 1133 702 1164 Mss.
721 1135 767 1165 vi-

64 1180 239 1219 debimus3
264 1181 313 1212 uti
327 1187 406 1212 etv.
420 1185 450 1212 8.
475 1184 484 1199 ‘
502 1183 594 1215 Quas
611 1183 661 1214 sui
678 1184 767 1225 quis-

65 1241 130 1272 que
146 1232 312 1264 commodi
329 1231 484 1264 fecerat)
509 1234 549 1265 B.
567 1234 639 1266 Civ.
653 1243 694 1266 n.
711 1238 763 1267 12.

66 1290 121 1311 111.
149 1283 181 1312 9.
209 1284 261 1312 71.
308 1281 408 1313 Adde
435 1283 540 1313 etiam
570 1293 601 1314 c.
629 1286 681 1315 26.
711 1288 764 1316 44.

66 1340 130 1362 vu.
157 1335 208 1363 54.
234 1334 287 1362 77.
327 1341 408 1364 vni.
433 1336 465 1364 4.
504 1333 545 1364 B.
569 1333 639 1364 Civ.
662 1342 688 1365 1.
712 1337 765 1365 82.

67 1384 75 1398 ‘
97 1382 150 1413 Illi
187 1383 412 1423 impediendae
439 1384 487 1414 rei
513 1384 662 1423 legiones
689 1384 768 1415 edu-

67 1432 172 1464 cunt!
216 1433 272 1464 Sic
299 1433 388 1464 enim
415 1438 512 1465 recte
542 1435 662 1466 Davis.
711 1435 768 1476 qui

68 1482 244 1523 videndus,
272 1483 320 1514 uti
351 1488 387 1514 et
413 1484 454 1515 ad
482 1484 521 1515 B.
539 1483 638 1515 Alex.
667 1494 698 1517 c.
715 1488 768 1516 85.

67 1533 75 1547 ‘
94 1531 317 1572 dissolvendae
333 1532 519 1573 disciplinae
537 1533 682 1565 essent:’
707 1544 770 1565 uec

67 1589 133 1612 nou
150 1582 308 1614 Sanctius
325 1592 402 1614 cnm
419 1583 598 1615 Perizonio
625 1584 660 1615 in
684 1585 769 1616 Min.

69 1639 118 1662 lv.
143 1634 175 1663 4.
206 1633 222 1672 §
249 1635 280 1663 9.
312 1636 363 1664 14.
390 1642 430 1664 ac
457 1633 540 1664 Ger.
563 1634 701 1665 Vossius
727 1634 770 1665 ad

69 1681 193 1714 Vellei.
216 1692 240 1713 1.
259 1686 310 1714 12.
336 1683 393 1714 ubi
410 1683 468 1723 ait,
492 1693 526 1714 se
551 1683 640 1714 idem
665 1694 771 1724 genus

70 1731 249 1763 locutionis
278 1737 332 1763 ter
360 1732 528 1763 Mstorum
552 1742 618 1772 ope
643 1732 771 1764 Caesari

71 1782 274 1822 restituisse,
297 1786 333 1813 et
349 1782 382 1813 in
398 1781 486 1822 notis
502 1783 569 1813 suis
587 1782 629 1813 de
657 1792 696 1814 eo
719 1792 772 1813 ac-

72 1839 183 1865 turum
206 1832 394 1873 promittit:
418 1832 509 1874 quod
531 1831 604 1864 fato
622 1842 774 1873 praeven-

71 1888 126 1915 tus
140 1887 301 1924 praestare
317 1883 457 1924 nequiit.

117 1935 156 1964 10
180 1932 305 1973 Reliqui
319 1933 402 1963 (lomi
419 1935 554 1972 manent,
566 1942 623 1973 pro
634 1942 665 1964 se
681 1936 773 1974 atque

73 1983 136 2014 illis
158 1984 275 2024 colunt]
311 1983 396 2014 Mss.
428 1983 550 2014 Brant.
575 1983 713 2014 Norvic.
738 1987 774 2014 et

74 2033 182 2065 Editt.
208 2034 305 2065 Rom.
332 2034 417 2065 Ven.
454 2033 598 2074 aliaeque
637 2038 773 2065 veteres

72 2083 212 2123 habent,
235 2083 371 2124 Reliqui,
405 2084 456 2123 qui
485 2083 567 2114 domi
596 2087 775 2114 manserunt

74 2132 146 2173 (vel
174 2131 359 2173 manserint)
387 2143 418 2164 se
447 2137 539 2173 atque
571 2133 640 2163 illos
676 2133 774 2164 alunt.

76 2183 186 2222 Solus,
222 2183 310 2223 quod
346 2182 503 2223 equidem
541 2183 622 2223 scio,
657 2183 776 2214 Codex

79 2233 281 2264 'Ursinianus
311 2234 459 2274 vulgatae
500 2234 640 2265 lectioni
675 2233 778 2265 tidem

79 2283 173 2315 facit.
217 2284 332 2314 Davis.
379 2284 518 2324 Reliqui,
541 2284 598 2325 qui
613 2284 694 2315 domi
717 2295 780 2315 ma-

80 2337 164 2374 nent,
184 2343 241 2375 pro
265 2343 297 2364 se
323 2337 413 2374 alque
433 2334 496 2365 illis
516 2335 632 2365 colunt.
675 2335 779 2366 Scali-

80 2394 152 2425 ger,
188 2388 224 2416 et
252 2384 504 2423 Recentiores3
546 2385 669 2425 Reliqui
699 2387 782 2417 dorni

82 2437 224 2466 inanem.-
243 2445 302 2475 pro
315 2444 356 2474 se,
371 2436 423 2474 lise.
461 2435 588 2465 Verum
604 2444 680 2466 cuin
696 2436 781 2466 Mss.

81 2493 196 2516 omnes
223 2484 382 2525 habeant,
406 2485 518 2525 reliqui
541 2493 628 2522 (21:13
663 2494 780 2515 vocem

82 2534 180 2567 istam
203 2535 451 2567 restituendam
470 2535 672 2567 existimavi.
716 2535 783 2565 Pro

83 2594 116 2616 se
129 2587 219 2626 utque
231 2586 295 2617 illis
309 2587 424 2625 colunt,
441 2596 483 2617 ex
501 2586 565 2617 Ms.
582 2584 694 2616 Ursini
711 2589 780 2616 est:

84 2633 155 2666 Alii
188 2644 316 2676 omues,
363 2646 394 2667 sc
428 2639 518 2677 utque
555 2636 622 2666 illos
652 2643 783 2666 ALUNT.

87 2679 241 2726 Graecus,
262 2686 291 2717 οἱ
311 2685 367 2725 μὲν
383 2687 415 2717 ἐν
435 2688 476 2728 τῇ
496 2685 618 2726 παΐρίδι
641 2683 785 2723 καταμεί-

88 2747 194 2768 ναντες
218 2736 344 2769 ἑαυτούς
371 2749 407 2769 τε
448 2736 499 2769 καὶ
536 2735 669 2769 ἐκείνους
702 2739 786 2767 ΤΡΕ-

1402 176 1513 219 1039

810 282 939 310 ΦΟΎΣΙ.
988 281 1093 311 Clark.
1152 280 1266 310 Primo
1300 280 1433 320 reposui
1461 282 1514 320 qui

809 329 889 359 (lomi
907 332 1084 369 manserint,
1112 336 1148 361 ut
1165 330 1304 370 habent,
1330 331 1381 360 vel
1397 340 1515 361 manse-

808 382 894 417 runt,
919 380 1001 409 Mss.
1021 381 1083 410 inei
1100 391 1234 418 ornnes;
1260 386 1295 412 et
1313 380 1399 411 Edu.
1417 381 1513 412 Vett.

811 428 874 458 nisi
894 430 981 469 quod
1002 429 1112 461 Oxou.
1132 437 1243 462 servat
1259 432 1313 471 qui
1329 433 1359 461 «1.
1378 434 1515 470 muncnt,

811 482 846 508 et
872 478 962 510 Edu>
984 478 1076 518 ΑΜΕ,
1102 481 1247 520 Gryplnii
1279 482 1398 522 Stcpli.
1428 482 1517 512 aliae-

812 538 876 569 que
893 529 974 559 dant
990 531 1203 562 remanserint.
1250 532 1439 562 Dur-issima
1463 536 1517 562 est

810 579 947 608 auribus
965 580 1126 618 repetitio
1144 582 1254 619 reliqui
1271 582 1353 611 dumi
1373 583 1518 618 manent;

811 633 846 659 et
864 629 980 659 statim
1007 630 1054 659 illi
1078 630 1159 659 (lomi
1177 635 1347 661 remanent.
1395 632 1518 662 Grute-

812 688 867 709 rus
885 679 998 709 omnia
1015 678 1087 710 haec
1104 680 1156 719 qui
1171 680 1253 709 (lomi
1271 681 1450 720 manserint,
1479 685 1514 711 ut

812 727 983 769 superflua
1001 737 1157 760 resecare
1171 730 1302 760 mallet.

854 779 920 810 Pro
944 789 976 810 se
1005 783 1095 820 atque
1128 778 1191 810 illis
1214 779 1331 819 colunt]
1362 780 1412 810 Ex
1444 780 1515 810 uni·

813 839 852 860 co
870 829 985 860 Latini
1012 830 1135 860 Latinii
1149 830 1381 861 Viterbiensis
1400 830 1518 861 codice

814 880 969 917 Ursinus,
1011 881 1261 918 Hotomannus‚
1289 885 1323 910 et
1363 880 1518 919 Scaliger

815 941 891 961 cum
908 930 1056 962 Aicardo
1072 931 1135 962 hoc
1153 934 1368 971 receperunt.
1391 930 1520 961 Verum

816 990 890 1012 cum
909 990 971 1011 nec
987 980 1139 1020 aliorum,
1155 990 1217 1011 nec
1242 981 1306 1010 mei
1337 979 1443 1011 Codd.
1462 990 1521 1010 nu-

815 1040 908 1061 mero
924 1030 1043 1070 viginti
1060 1035 1094 1061 et
1113 1031 1238 1070 plures,
1255 1030 1304 1060 uti
1327 1034 1362 1060 et
1379 1030 1520 1060 Graecus

815 1081 985 1120 interpres
1011 1081 1184 1121 vulgatum
1212 1083 1351 1110 servant
1376 1089 1408 1110 se
1431 1082 1520 1118 alque

816 1131 884 1162 illos
898 1131 995 1170 alunt,
1012 1136 1094 1170 puto
1111 1140 1163 1161 me
1182 1130 1261 1170 jure
1286 1130 1409 1160 merito
1428 1130 1521 1160 illam

816 1181 995 1212 lectionem
1028 1181 1153 1212 Caesari
1181 1179 1383 1219 reddidisse,
1408 1189 1521 1221 quam-

818 1232 866 1262 vis
891 1231 1031 1262 alteram
1058 1241 1114 1271 pro
1141 1240 1172 1261 se
1203 1231 1304 1261 colunt
1329 1230 1410 1261 satis
1429 1230 1520 1261 Lati-

816 1291 893 1312 nam
910 1291 983 1313 esse
1000 1281 1135 1322 probari
1153 1281 1270 1321 possit.

862 1335 902 1363 12
934 1331 1043 1372 Neque
1072 1332 1278 1371 agricultura,
1315 1341 1412 1371 neque
1441 1331 1522 1361 ratio

820 1385 911 1423 atque
926 1392 996 1413 usus
1011 1382 1098 1422 belli]
1130 1382 1186 1413 Ita
1206 1392 1249 1412 ex
1267 1382 1349 1412 Mss.
1368 1381 1522 1412 omnibus

821 1438 857 1464 et
874 1433 983 1464 Editt.
999 1433 1096 1464 Vett.
1124 1432 1268 1463 restitui.
1315 1432 1466 1472 Scaliger
1489 1436 1524 1461 et

822 1482 1069 1519 Recentiores;
1096 1492 1189 1522 neque
1203 1482 1409 1520 agricultura,
1428 1490 1524 1521 neque

822 1532 902 1562 ratio
932 1541 1042 1572 neque
1074 1541 1144 1562 usus
1178 1531 1260 1562 belli.
1321 1531 1524 1571 Perperam.

821 1581 1024 1613 Bimembris
1041 1582 1140 1621 enim,
1163 1591 1228 1612 non
1248 1581 1455 1612 trimembris
1472 1584 1525 1611 est

823 1632 1003 1664 sententia.
1051 1632 1160 1662 Clark.
1206 1632 1328 1672 Neque
1348 1642 1422 1662 usus
1441 1631 1524 1662 loelli.

822 1682 1020 1721 Legendum
1045 1685 1136 1722 utque
1158 1692 1230 1713 usus
1256 1681 1341 1721 belli,
1371 1682 1457 1722 quod
1483 1691 1525 1712 ex

825 1733 926 1763 Mstis
951 1737 986 1763 et
998 1733 1094 1763 Vett.
1113 1732 1225 1763 editis.
1243 1732 1280 1763 C.
1298 1731 1453 1763 Clarkius
1471 1731 1529 1761 ad-

823 1783 968 1814 notavit.
991 1783 1105 1813 Duvis.
1121 1792 1191 1813 cur.
1210 1791 1276 1813 see.
1293 1783 1395 1822 Atque
1412 1781 1526 1812 cuncti

822 1833 931 1864 nostri
946 1843 1091 1874 quoque,
1114 1837 1262 1872 excepto
1279 1833 1444 1863 Vossiano
1460 1831 1528 1872 pri-

823 1893 890 1922 m0,
914 1883 963 1914 uti
980 1886 1016 1914 et
1031 1893 1085 1914 nec
1108 1882 1311 1914 vetustiores
1334 1891 1449 1914 omnes
1467 1890 1529 1923 pro

824 1943 930 1974 neque.

870 1987 909 2014 14
936 1983 1004 2014 Uno
1021 1983 1053 2013 in
1068 1983 1129 2013 loco
1143 1983 1297 2014 incolendi
1319 1992 1425 2013 caussa
1443 1982 1530 2023 licet]

825 2034 893 2064 Ms.
915 2038 1033 2064 noster
1058 2033 1188 2072 colendi,
1212 2033 1301 2075 quod
1327 2033 1529 2065 Ciacconius

826 2084 961 2125 probat.
1000 2085 1073 2124 Ego
1096 2084 1190 2124 prius
1206 2084 1305 2115 malo.
1345 2084 1461 2115 Caesar
1476 2083 1530 2114 hic

826 2143 892 2165 non
919 2133 960 2165 de
985 2133 1206 2174 agricultura,
1231 2132 1291 2163 sed
1315 2132 1530 2163 habitatione

827 2184 985 2225 loquitur.
1041 2184 1202 2224 Explicat
1232 2192 1267 2213 se
1296 2183 1369 2222 ipse
1400 2182 1530 2221 Caesar,

829 2243 904 2264 cum
921 2243 969 2265 vr.
982 2236 1034 2265 21.
1058 2233 1099 2264 de.
1116 2232 1265 2264 moribus
1278 2232 1529 2263 Germanorum

828 2284 980 2315 scribens
997 2284 1045 2315 ait
1058 2295 1066 2315 z
1088 2285 1097 2301 ‘
1113 2293 1200 2314 anno
1214 2288 1294 2323 post
1307 2282 1371 2313 alio
1385 2281 1531 2313 transire

830 2333 983 2374 cogunt?
1008 2338 1045 2365 et
1060 2334 1174 2375 paullo
1192 2338 1283 2373 post,
1307 2334 1316 2349 ‘
1334 2342 1377 2362 ne
1393 2341 1532 2363 accura-

831 2384 898 2415 tius
919 2383 961 2414 ad
988 2382 1116 2425 frigora
1131 2388 1233 2424 atque
1250 2386 1353 2413 aestus
1375 2381 1531 2412 vitandos

831 2432 1024 2465 aedificent!
1071 2434 1214 2465 Graecus
1231 2441 1364 2474 quoque
1381 2431 1534 2462 κατοικεῖν

830 2483 946 2514 habet.
997 2483 1132 2514 Vossius.
1179 2481 1291 2513 Proba
1322 2480 1460 2511 videtur
1486 2489 1533 2510 co-

832 2534 914 2564 lendi
935 2534 1050 2574 lectio,
1085 2543 1161 2574 quae
1191 2531 1342 2563 incolendi
1370 2529 1534 2571 siguifica-

834 2584 925 2615 tione
942 2584 1031 2624 apud
1055 2583 1160 2614 bonos
1176 2582 1348 2613 Auctores
1373 2579 1533 2611 occurrit.

834 2633 1042 2674 Pomponius
1080 2634 1174 2664 Mela
1209 2643 1235 2663 1.
1261 2635 1311 2662 19.
1348 2631 1391 2660 de
1421 2630 1533 2660 Ponto

835 2685 983 2715 Euxino:
1001 2685 1010 2702 ‘
1021 2683 1135 2724 Olim,'
1153 2683 1276 2723 inquit,
1292 2682 1301 2698 ⁶
1317 2690 1359 2711 ex
1373 2678 1535 2710 colentium

835 2743 924 2766 saevo
938 2734 1117 2766 admodum
1131 2731 1266 2774 ingenio
1278 2727 1534 2765 Axenus—dio
