1818 3131
265 198 378 242 1306

263 305 348 336 Mss.
367 304 454 343 Ηυξ.
480 308 514 334 et
533 303 657 334 Elicns.
676 307 710 334 et
733 303 841 335 Editt.
866 303 962 334 Vett.

262 356 399 391 liabent,
422 364 440 383 a
468 352 600 383 millibus
627 363 685 383 non
711 354 800 392 longe
821 354 963 393 ampliuS,

262 407 311 439 ἧϊ.
357 402 442 433 vido
461 412 561 442 snpra
577 402 618 433 ad
637 412 670 433 v.
684 406 738 434 47.
785 404 890 434 Clark.
931 404 959 434 A

263 453 385 483 milibus
415 462 472 482 non
502 453 633 492 ‹iniplius
662 462 725 484 ΧΗ.
757 455 913 494 rescripsi
943 465 961 484 e

264 503 344 533 Mss.
357 502 510 533 omnibus
523 508 557 533 et
576 503 661 534 Edd.
678 504 774 535 Yett.
793 504 855 534 nisi
873 505 961 545 qimd

261 553 399 584 Vascos.
417 554 495 584 Bas.
510 554 596 584 Ven.
611 553 690 584 Ald.
703 553 834 594 Grypli.
848 553 961 585 Plant.

262 613 337 634 cnm
368 604 480 633 Oxou.
510 603 627 634 codice
656 613 723 634 non
751 605 963 643 ineleganter

261 654 461 695 reliquerint
493 655 577 684 intra
612 653 698 684 milia
736 664 793 684 non
832 655 963 693 amplius

261 713 327 735 xii.
345 715 443 745 qnam
469 705 633 735 veriorem
657 705 757 735 etiam
780 705 962 734 lectionem

260 753 332 785 fere
363 755 492 795 opinor.
538 755 644 793 Longe
670 754 800 784 addunt
830 763 961 794 qnoque

260 804 343 836 Mss.
366 805 509 835 'aliorum
546 809 581 834 ct
609 804 673 834 mei
713 805 856 843 (praeter
884 804 962 844 an.

260 854 348 884 Scal.
381 854 474 884 Leid.
504 863 555 894 pr.
583 852 672 883 And.
703 858 739 883 et
769 852 897 900 Oxou.)
929 858 962 883 et

259 905 347 935 Edd.
367 905 493 945 primae.
538 904 606 935 Sed
633 905 721 943 longe
742 904 769 934 si
792 905 963 945 admittas,

262 960 442 995 praestaret
459 955 577 986 abesse
594 965 630 985 a:
655 955 708 985 vel
734 954 799 993 legi
817 955 922 987 debet
944 966 963 986 a

260 1015 293 1034 se
307 1004 429 1035 milibus
445 1014 502 1035 non
522 1006 611 1042 longe
626 1004 758 1044 amplius
774 1013 840 1035 xu.
874 1005 962 1035 Vide

260 1054 303 1085 ad
323 1064 356 1086 v.
372 1058 426 1086 47.
459 1057 467 1072 ‘
484 1063 527 1085 ιιι
560 1054 650 1085 milia
675 1064 832 1094 passuum
863 1056 961 1095 longe

260 1104 301 1134 ab
321 1105 389 1135 suis
406 1105 528 1136 castris
544 1104 661 1135 abesse
676 1104 696 1135 τ’
717 1115 860 1145 passuum
876 1106 961 1136 male

259 1154 409 1185 inculcat
423 1155 602 1195 Lipsianus
619 1154 739 1185 codex.

301 1209 319 1235 5
340 1205 644 1245 Magnoeselicitatis
656 1214 719 1235 esse
734 1204 962 1245 arbitrabatur]

259 1255 360 1286 Hanc
370 1257 549 1287 lectionem
561 1265 675 1286 omnes
684 1256 843 1286 exhibent
853 1256 960 1286 Codd.

258 1311 293 1337 et
311 1316 382 1337 eam
399 1306 471 1337 sine
488 1312 569 1337 nota
585 1307 801 1337 transmisere
814 1307 876 1336 viri
889 1316 962 1336 eru-

258 1356 332 1386 diti.
370 1356 430 1392 At,
448 1356 474 1385 si
491 1357 538 1386 ita
554 1356 691 1395 scripsit
706 1356 850 1395 Hirtius,
862 1357 961 1396 plane

258 1404 468 1435 dormitavit.
514 1404 687 1435 Censebat
703 1404 877 1443 Caninius,
889 1406 897 1422 ‘
911 1404 961 1435 fu—

258 1458 336 1493 gato
354 1453 439 1484 duce
458 1454 579 1492 altero,
596 1455 797 1494 perterritos
815 1455 960 1496 reliquos

255 1504 356 1535 facile
374 1504 519 1544 opprimi
543 1513 639 1544 posse
655 1504 675 1542 ;'
713 1505 784 1545 ejus
810 1504 915 1545 igitur
943 1514 961 1536 e

258 1565 295 1585 re
312 1555 390 1593 suit,
408 1559 444 1585 nt
460 1554 603 1586 nuncius
628 1555 669 1585 de
695 1555 848 1587 Lucterii
865 1555 961 1586 clade

256 1605 405 1645 Drapeti
431 1604 667 1645 perferretur3
698 1605 775 1636 huic
804 1606 894 1636 enim
917 1605 960 1637 ob

256 1659 434 1695 acceptam
473 1654 700 1685 calamitatem
729 1655 796 1686 alia
829 1655 960 1687 ratione

256 1705 358 1735 timor
375 1704 483 1735 incuti
509 1714 575 1735 non
605 1708 750 1745 poterat.
796 1704 850 1736 Ne
865 1705 961 1735 mini-

254 1766 307 1786 me
336 1755 471 1797 quidem
502 1755 635 1794 dubito,
663 1755 742 1795 quin
773 1755 960 1785 rescriben-

256 1806 335 1836 dum
360 1806 404 1836 sit
430 1815 550 1845 magmc
576 1804 773 1842 infelicitatis
793 1815 855 1835 esse
878 1805 960 1835 arbi-

254 1855 408 1885 trabatur.
456 1855 551 1884 Idem
572 1854 685 1892 etiam,
702 1854 763 1883 nisi
780 1853 888 1893 fallor,
906 1854 959 1892 iis,

254 1906 311 1946 qui
359 1906 467 1935 locuni
507 1903 734 1944 perpendent,
774 1903 958 1935 videbitur.

254 1955 368 1985 Dacis.
416 1954 557 1993 Optima
569 1953 767 1993 conjectura
779 1953 958 1993 legendum

253 2003 355 2034 docet
373 2003 545 2041 Davisius,
563 2003 768 2040 infelicitatis.
816 2003 855 2033 ld
869 2003 959 2033 enim

253 2054 326 2084 vult
344 2053 478 2084 Hirtius
494 2064 502 2087 ς
536 2062 669 2093 magnae
697 2052 894 2090 infelicitatis
908 2052 959 2083 fu-

253 2104 332 2141 isse,
350 2103 519 2133 neminem
548 2111 592 2132 ex
618 2101 712 2132 caede
737 2101 902 2141 refugisse
926 2102 960 2132 iu

255 2158 381 2193 castra,
419 2153 473 2194 qui
505 2153 547 2183 de
580 2156 724 2192 accepta
763 2152 958 2183 calamitate

255 2204 378 2235 nuncio
417 2204 519 2234 allato
570 2203 756 2242 Drapetem
801 2207 957 2233 terreret.

256 2254 363 2284 Clark.
423 2251 600 2283 Felicitatis
624 2260 689 2281 non
715 2256 818 2282 muto.
868 2252 958 2282 Gan-

256 2302 359 2334 debat
377 2303 549 2341 Caninius,
574 2301 739 2332 neminem
757 2301 860 2332 cladis
877 2312 957 2332 nun-

253 2353 339 2384 cium
369 2352 504 2383 adferre
537 2351 685 2391 Drapeti
712 2352 875 2391 potuisse,
916 2361 958 2382 ne

254 2403 446 2443 aufugeret,
463 2407 643 2443 autequam
669 2402 710 2432 ad
739 2412 815 2433 enni
843 2403 885 2433 de
910 2402 958 2432 in-

253 2454 390 2495 proviso
408 2454 521 2484 venire
540 2457 653 2493 posset
668 2463 676 2489 3
713 2462 776 2492 quo
793 2453 905 2483 subito
922 2457 957 2483 et

254 2503 428 2544 inopinato
445 2503 591 2533 adventu
609 2503 808 2542 perterritus
825 2501 957 2533 facilius

254 2554 518 2594 obprimeretur.
566 2552 664 2583 Unde
689 2563 752 2583 non
779 2553 865 2583 male
891 2552 958 2583 for-

254 2614 314 2635 san
331 2604 364 2634 iu
380 2603 508 2641 Ursini,
536 2603 654 2633 Petav.
671 2608 707 2633 et
727 2602 819 2633 Leid.
838 2613 889 2643 pr.
906 2607 958 2633 est

252 2653 423 2694 perterreri
438 2663 466 2684 r.
473 2652 585 2692 facile,
600 2655 630 2683 et
650 2652 716 2692 obp.
735 2662 833 2692 posse.
881 2652 957 2684 Nisi

252 2709 289 2735 et
305 2704 395 2734 alind
413 2703 492 2745 quid
510 2703 630 2734 lateat.
668 2702 755 2734 Vide
771 2703 879 2735 varias
892 2703 958 2734 lec-

257 2754 377 2785 tiones.

727 204 869 238 NOTAE
902 207 1166 239 VARIORUM
1201 209 1251 239 IN

1057 306 1077 333 9
1100 304 1234 334 Summae
1260 304 1432 336 velocitatis
1456 305 1571 346 munes]
1614 305 1654 338 In
1677 316 1714 340 lv

1015 355 1127 393 Mstis,
1145 359 1179 384 et
1210 360 1335 393 nostro,
1364 365 1425 395 pro
1451 366 1552 387 onmes
1579 358 1711 398 reperio

1014 405 1168 437 lwmines:
1208 415 1268 435 nec
1305 405 1448 443 damno;
1493 406 1571 447 quia
1601 407 1714 438 statim

1015 456 1191 494 praecessit
1216 465 1331 485 omnem
1348 455 1530 494 equitatum.
1587 455 1628 486 In
1653 456 1718 488 Pe-

1015 505 1151 534 taviano
1169 510 1293 544 tamen,
1317 505 1373 545 qni
1399 505 1535 545 reliquis
1559 505 1716 536 emenda-

1015 554 1079 583 tior
1093 558 1146 583 est
1161 554 1345 592 codicibus,
1362 560 1413 585 est
1429 565 1539 586 omnes.
1587 556 1717 586 Vossius.

1014 602 1122 633 Codd.
1146 604 1292 633 nonnulli
1317 605 1472 640 hominem,-
1506 606 1579 645 lege
1592 615 1717 636 summa:

1013 652 1184 682 velocitatis
1228 653 1390 691 homines,
1435 654 1717 694 quemadmodum

1015 706 1108 732 recte
1125 702 1205 733 dant
1223 703 1381 743 quinque,
1408 704 1560 734 Vossian.
1576 705 1717 736 Norvic.

1015 751 1177 792 Gottorp.
1196 752 1360 792 Egmond.
1380 756 1416 783 et
1431 752 1561 784 Buslid.
1607 754 1718 785 Dat-is.

1015 811 1086 833 cnr.
1113 812 1180 834 sec.
1233 802 1414 834 Accedunt
1441 803 1539 834 Voss.
1567 813 1618 844 pr.
1644 803 1719 835 Lei-

1015 853 1147 891 denses,
1165 853 1286 893 Scalig.
1313 857 1349 884 et
1379 853 1433 884 alii
1450 863 1525 884 cum
1552 853 1640 886 Edd.
1664 854 1720 885 In-

1015 907 1120 943 certa,
1136 903 1276 934 Vascos.
1306 903 1418 934 Strad.
1447 903 1566 943 Steph.
1587 903 1719 945 Grsph.

1014 959 1103 993 post.
1118 954 1304 985 verissime.
1350 954 1406 984 De
1419 953 1483 984 liae
1499 953 1718 994 corruptione

1015 1003 1069 1043 egi
1100 1004 1254 1044 pluribus
1283 1003 1325 1034 ad
1356 1013 1396 1035 ιι.
1428 1006 1481 1034 30.
1520 1012 1569 1035 Vl.
1600 1006 1651 1034 16.
1682 1008 1719 1035 et

1015 1054 1107 1086 alibi.

1056 1108 1095 1136 10
1119 1105 1157 1135 In
1175 1105 1260 1134 trina
1274 1104 1391 1144 castra]
1413 1104 1538 1144 Vulgg.
1554 1103 1638 1134 intra
1653 1113 1718 1135 cas·

1011 1157 1073 1184 tra.
1105 1154 1172 1185 Sed
1189 1164 1231 1184 cx
1247 1154 1362 1185 Ursini
1377 1154 1503 1185 Codice
1520 1158 1581 1194 est,
1592 1153 1625 1184 in
1634 1154 1719 1184 trina

1011 1208 1124 1235 castra.
1173 1205 1283 1237 Quam
1299 1214 1415 1235 veram
1440 1214 1512 1235 esse
1535 1204 1717 1235 lectionem

1013 1261 1107 1286 recte
1124 1255 1208 1286 vidit
1226 1255 1438 1286 Ciam-onius.
1473 1255 1528 1285 Sic
1544 1255 1632 1285 enim
1645 1254 1718 1294 jam

1013 1315 1116 1345 supra
1133 1306 1266 1336 dixerat
1294 1305 1427 1336 Hirtius
1443 1316 1451 1343 ;
1477 1308 1484 1322 ‘
1503 1304 1588 1336 trina
1604 1305 1716 1335 excel-

1013 1355 1140 1385 sissimo
1180 1356 1254 1385 loco
1293 1359 1407 1385 castra
1454 1353 1563 1392 feeit,'
1609 1355 1626 1394 ᾧ
1663 1356 1718 1384 33.

1014 1405 1121 1435 Clark.
1176 1403 1383 1435 Confirmant
1400 1404 1433 1434 in
1447 1404 1531 1434 trina
1548 1403 1634 1435 Mss.
1651 1403 1717 1435 Pe-

1012 1459 1081 1485 tav.
1110 1454 1237 1485 Audin.
1271 1454 1384 1485 Oxou.
1416 1453 1616 1495 recepitque
1643 1454 1717 1494 jam

1012 1505 1261 1544 Hotomannus,
1277 1505 1443 1545 Scaliger,
1459 1504 1594 1545 aliique.

1056 1558 1093 1585 ll
1121 1555 1254 1595 Propius
1279 1555 1396 1585 hostem
1419 1553 1609 1594 accessisset]
1655 1553 1719 1585 Co-

1013 1605 1103 1636 dices
1118 1606 1243 1646 propius
1259 1605 1366 1644 hostis,
1395 1605 1448 1635 vel
1472 1604 1582 1644 hostes,
1606 1613 1645 1635 ac
1668 1604 1718 1634 ita

1012 1654 1254 1696 reponendum.
1301 1655 1501 1686 Davis.cur.
1521 1664 1589 1686 sec.
1635 1654 1719 1685 Hos-

1012 1706 1053 1736 tis
1081 1706 1114 1736 in
1142 1705 1351 1736 Accusativo
1376 1704 1524 1745 reposui,
1537 1703 1605 1735 fide
1631 1703 1716 1735 Mss.

1012 1756 1119 1795 Bong.
1138 1765 1189 1795 pr.
1215 1765 1283 1786 sec.
1310 1754 1479 1795 Egmnnd.
1496 1755 1596 1786 Voss.
1613 1763 1664 1794 pr.
1681 1759 1717 1785 et

1012 1805 1162 1835 aliorum.
1211 1805 1253 1835 Ιιι
1279 1805 1417 1845 reliquis
1445 1808 1481 1835 ct
1506 1803 1596 1834 Edd.
1613 1805 1715 1836 Vasc.

1010 1854 1124 1884 strad.
1141 1855 1259 1894 Steph.
1289 1860 1340 1885 est
1367 1855 1478 1893 hostes,
1506 1854 1595 1894 quod
1619 1858 1658 1884 ut
1681 1858 1717 1885 et

1010 1903 1125 1933 hostem
1142 1908 1367 1944 reposuerunt
1390 1904 1431 1934 ad
1459 1903 1714 1944 ambiguitatem

1010 1952 1196 1983 vitandam.

1054 2005 1092 2034 13
1117 2003 1191 2033 Fert
1208 2001 1406 2042 consuetudo]
1453 2003 1535 2033 Μεε.
1563 2003 1646 2043 Reg.
1671 2003 1716 2033 E-

1010 2052 1106 2083 liens.
1134 2057 1169 2083 et
1193 2053 1317 2092 Vossii,
1344 2056 1378 2083 et
1402 2053 1511 2084 Editt.
1532 2052 1628 2083 Vett.
1643 2051 1716 2090 sere

1009 2104 1192 2134 cousuetudo
1221 2106 1279 2133 est.
1326 2104 1432 2134 Clark.
1499 2103 1555 2133 Ita
1586 2103 1713 2144 optime

1010 2157 1116 2184 restat
1130 2153 1163 2183 in
1180 2152 1269 2183 And.
1288 2153 1401 2184 Oxou.
1417 2156 1452 2183 et
1466 2152 1586 2184 Petav.
1620 2152 1715 2186 Male

1009 2202 1042 2232 in
1069 2202 1219 2243 reliquis,
1245 2206 1281 2232 et
1309 2201 1396 2233 Edd.
1424 2211 1482 2242 pp.
1505 2202 1586 2232 item
1610 2201 1712 2232 Vasc-

1007 2252 1124 2293 Stepli.
1142 2253 1282 2293 aliisque
1291 2252 1364 2290 fere
1379 2256 1436 2283 est.
1476 2261 1525 2284 Vl.
1539 2255 1571 2283 7.
1588 2251 1597 2268 ‘
1613 2261 1712 2292 quam

1009 2303 1125 2344 populi
1141 2304 1235 2335 Rom.
1247 2302 1314 2333 fert
1328 2302 1559 2334 consuetudo?
1581 2303 1622 2333 B.
1637 2301 1713 2334 Civ.

1008 2362 1032 2383 1.
1049 2356 1101 2384 51.
1115 2354 1123 2370 ‘
1141 2357 1177 2384 ut
1193 2352 1261 2383 fert
1275 2353 1407 2384 Gallica
1423 2350 1653 2390 consuetudo‚'
1675 2354 1712 2380 et

1007 2404 1142 2443 saepins.
1189 2402 1269 2433 Alia
1296 2402 1372 2433 vide
1400 2403 1442 2433 ad
1471 2406 1641 2433 auctorem
1667 2399 1711 2430 de

1009 2454 1049 2483 B.
1069 2453 1213 2493 Hispan.
1229 2463 1259 2483 c.
1276 2456 1328 2484 26.
1345 2454 1354 2469 ‘
1372 2452 1499 2493 Opinio
1517 2449 1606 2482 sert?
1630 2450 1712 2481 Par.

1008 2503 1051 2533 ad
1077 2504 1153 2534 Ter.
1183 2503 1310 2534 Heant.
1337 2511 1376 2533 11.
1404 2505 1434 2533 1.
1458 2504 1490 2532 3.
1512 2501 1521 2516 ¹
1538 2499 1608 2530 fert
1632 2499 1711 2531 ado-

1008 2553 1196 2584 lesceutia.’

1053 2606 1091 2634 1⁴
1116 2604 1162 2633 At
1179 2602 1348 2633 Germanos
1362 2599 1494 2640 equites]
1532 2599 1587 2630 Ita
1602 2599 1710 2630 visum

1008 2653 1178 2692 Scaligero
1217 2651 1332 2690 edere,
1369 2660 1446 2681 cum
1483 2649 1515 2679 in
1554 2649 1709 2680 omuibus

1009 2702 1115 2735 Codd.
1133 2703 1278 2742 legatur,
1306 2700 1489 2738 Germanos,
1515 2699 1712 2740 equitesque.-

1009 2753 1132 2795 etipse
1159 2751 1294 2784 Hirtius
1316 2750 1470 2782 diser-tim
1491 2759 1595 2791 supra
1617 2749 1709 2782 dicat
