1818 3131
232 204 344 247 1162

231 309 332 342 aisse.
380 310 463 340 Cum
489 309 592 340 Pluto
616 309 700 340 locis
717 307 834 339 inferis
850 318 934 349 prae-

231 370 306 392 esse
323 360 533 398 crederetur,
549 359 696 400 putarim
712 359 830 391 Gallos
845 359 933 390 hunc

232 410 365 449 generis
392 409 443 440 sui
486 415 658 440 auctorem
691 408 826 449 fecisse,
855 410 933 450 quia

233 459 373 491 Druidae
394 464 634 498 memorarunt,
661 460 669 476 ‘
687 469 805 491 revera
830 459 933 491 fuisse

233 509 347 550 populi
375 515 507 549 partem
535 510 750 551 indigenam,‘
773 516 807 541 ut
826 511 932 542 tradit

234 559 344 590 Amm.
370 559 591 591 Marcellinus
606 569 666 593 xv.
683 564 715 592 9.
743 561 897 602 adeoque
915 572 932 592 e

232 610 316 641 locis
333 610 561 641 subterraneis
578 612 799 652 prorepsisse.
822 612 932 643 Daris.

234 661 377 693 Πλούτου
391 663 493 694 vertit
511 663 663 702 Graecus,
681 672 746 694 non
762 662 858 693 bene.
893 663 934 693 ln

233 711 301 744 Ms.
317 713 427 745 Oxon.
444 714 541 749 Dite,·
565 714 597 744 id
612 718 676 752 cst,
695 714 836 744 Plutone.

274 766 295 794 2
333 764 382 795 Ab
412 764 602 803 Dmidilms]
647 763 772 795 Andin.
809 763 933 803 scalig.

235 814 328 846 Leid.
349 825 399 856 pr.
415 826 454 846 ex
472 817 531 847 Dr.
568 816 668 848 Quod
692 825 772 846 sane
792 825 859 847 non
887 820 935 846 te-

232 873 325 895 mere
342 875 493 905 spernas.
538 866 594 895 Sic
611 866 702 903 scire,
719 866 839 905 audire,
855 866 934 896 aeci-

231 923 315 953 pere,
335 918 438 954 petere
461 925 500 945 ex
527 915 627 954 aliquo
649 924 740 955 saepe
761 924 800 945 eo
817 926 935 954 sensu;

233 965 289 995 ubi
318 966 436 1006 vulgus
467 966 597 997 diceret
624 976 643 997 a
674 967 727 997 vel
753 966 801 997 ab.
847 966 936 998 Vide

234 1016 326 1048 Cort.
355 1016 397 1047 ad
421 1017 558 1048 Sallust.
576 1018 616 1048 B.
635 1017 716 1058 Jug.
734 1027 764 1049 c.
780 1020 832 1048 20.
859 1019 868 1035 ⁴
884 1019 936 1049 Ex

235 1065 352 1097 amicis
375 1067 466 1107 apud
496 1068 715 1098 Numantiam
732 1068 935 1108 acceperat.’

235 1115 342 1147 Immo
367 1118 377 1134 ‘
395 1127 435 1148 ex
453 1118 558 1158 copiis
575 1118 641 1148 suis
659 1119 808 1158 sperare!
833 1129 892 1160 pro
918 1130 937 1150 a

233 1178 298 1209 cop.
319 1168 410 1200 Hirt.
426 1169 465 1199 B.
485 1169 593 1200 Afric.
611 1180 640 1200 c.
658 1173 712 1200 45.

279 1218 327 1248 011
344 1229 411 1250 eam
423 1219 730 1261 caussam—-finiunQ
746 1220 868 1260 Inepta
885 1225 938 1252 est

235 1269 335 1308 ratio,
354 1279 451 1310 quam
470 1271 613 1309 protulit
627 1276 755 1309 noster,
774 1281 836 1302 nec
852 1281 939 1311 eam,

234 1324 273 1350 ut
288 1319 419 1359 opinor,
437 1319 657 1359 adsignarunt
675 1321 829 1352 Druidae.
868 1322 938 1352 Hu—

229 1369 329 1409 jusce
346 1379 426 1400 usus
451 1379 516 1400 non
540 1370 606 1400 alia
620 1369 685 1401 suit
702 1381 815 1410 causa,
839 1381 937 1412 qnam

235 1421 313 1461 quia
329 1420 417 1451 diem
431 1421 472 1451 ab
490 1430 610 1451 occasu
628 1421 706 1451 solis
724 1421 766 1452 ad
780 1431 938 1453 occasum

233 1479 307 1501 esse
318 1474 528 1510 statuerunt,
537 1471 821 1512 quemadmodum
835 1473 937 1503 etiam

235 1520 462 1553 Athenienses
478 1521 674 1563 (Germani)
687 1523 821 1563 aliique.
850 1524 939 1555 Yide

237 1571 346 1603 Henr.
381 1572 667 1613 Lindenbrogium
695 1573 736 1604 ad
763 1574 938 1605 Censor-in.

237 1622 278 1654 de
294 1622 360 1654 Die
381 1623 460 1654 Nat.
479 1633 509 1653 c.
525 1626 577 1655 23.
613 1623 724 1654 Dat-is.

279 1675 297 1703 3
331 1673 403 1703 Non
431 1683 556 1703 numero
584 1674 702 1703 dierum
726 1674 778 1704 scd
805 1673 939 1705 noctium

225 1722 362 1763 flamm]
386 1721 440 1753 Ab
470 1722 713 1764 antiquissimis
745 1724 938 1754 mortalium

235 1773 299 1804 hoe
317 1777 511 1813 acceptum.
556 1774 611 1804 Sic.
643 1778 678 1804 et
706 1773 835 1805 Arabes
862 1779 938 1814 post

236 1833 393 1856 occasum
411 1825 513 1854 solem
540 1825 669 1855 initium
686 1825 755 1855 diei
770 1830 938 1870 statuunt,

237 1900 335 1932 quem
351 1879 415 1932 Agl
433 1891 485 1921 vel
504 1878 584 1932 2qu
613 1894 821 1930 nuncupant.
866 1889 938 1920 Vos·

235 1958 308 1980 ειυς.

280 2002 299 2029 8
324 1999 512 2040 Patianlur]
545 1999 633 2037 Lege
656 1997 834 2038 patiuntur,
863 2006 938 2028 nam

236 2049 388 2090 sequitur
403 2053 493 2090 turpe
508 2057 662 2079 DUUNT.
687 2049 778 2081 Quin
792 2049 839 2079 ita
856 2048 940 2079 dant

238 2100 377 2131 Norvic.
400 2100 519 2131 I'etav.
552 2100 715 2139 Gottorp.
744 2100 842 2129 Voss.
874 2100 937 2140 Eg-

236 2150 349 2180 mond.
389 2150 502 2181 Dat-is.
530 2159 600 2180 cur.
631 2158 697 2180 sec.
742 2149 841 2180 Licet
866 2150 938 2181 haec

238 2199 380 2231 variatio
397 2200 484 2230 modi
508 2200 589 2231 satis
611 2198 746 2230 defendi
771 2204 871 2240 queat
895 2209 938 2230 ex

237 2249 338 2281 dictis
363 2250 404 2281 ad
432 2261 470 2281 11.
491 2254 540 2281 10.
565 2255 599 2281 et
624 2250 716 2288 alibi,
733 2249 780 2280 uti
805 2255 839 2287 et
863 2259 938 2291 cap.

238 2310 307 2342 seq.
321 2302 416 2342 parui
431 2307 543 2332 tamen
556 2301 609 2332 hic
623 2300 819 2331 auctoritati
834 2300 940 2332 Msto-

239 2360 323 2390 rum,
341 2353 396 2392 qui
417 2356 626 2388 constanter,
654 2350 681 2380 si
707 2350 938 2381 Oxoniensem

238 2400 350 2432 forsan
368 2402 529 2442 excipias,
547 2401 671 2431 babent
684 2400 850 2440 patiantur
863 2411 938 2432 cum

239 2451 453 2482 Editionibus
471 2451 730 2492 antiquissimis;
748 2451 795 2481 uti
815 2457 847 2482 et
861 2452 941 2483 Vas-

239 2513 306 2534 1205.
336 2504 512 2544 Stephani,
546 2503 692 2542 Stradoe,
727 2506 762 2533 et
793 2503 939 2544 Gryphii

239 2549 365 2594 poster.

282 2603 403 2634 Puerili
419 2603 527 2643 oetute]
544 2603 599 2635 Sic
616 2603 699 2634 Mss.
715 2604 797 2643 ch.
814 2605 938 2637 Eliens.

239 2659 275 2685 et
291 2653 418 2686 Vossii.
442 2653 533 2685 Editi
553 2654 591 2685 In
612 2654 727 2694 puerili
742 2657 834 2685 (state
850 2655 939 2696 qnod

238 2705 348 2736 minus
365 2704 565 2736 concinnum
581 2709 633 2736 est
649 2709 789 2745 propter
802 2714 942 2746 sequen·

241 2760 290 2786 tes
307 2755 576 2798 praepositiones.
605 2754 713 2788 Clark.
747 2755 940 2788 Delendam

695 213 835 244 No'rAE
868 213 1131 246 VARIORUM
1167 215 1217 246 ΙΝ

985 309 1040 340 hic
1058 318 1130 339 esse
1147 308 1424 349 pra-positionem
1452 318 1471 340 e
1493 309 1562 341 suis
1577 309 1683 346 Codd.

979 360 1052 400 jam
1079 360 1206 389 monuit
1232 359 1386 398 Ursinus,
1403 364 1437 390 et
1453 359 1494 390 ab
1513 358 1600 391 Edd.
1619 361 1684 392 Ba-

985 411 1089 442 roaldi
1106 417 1141 442 et
1158 412 1298 443 va-cos.
1311 411 1430 441 abesse
1447 411 1564 442 docuit
1580 412 1684 444 Brau-

986 464 1071 500 tius;
1096 473 1160 493 non
1182 469 1369 503 agnoscunt
1385 473 1457 495 eam
1475 464 1578 495 etiam
1593 464 1684 497 Stra·

984 513 1039 552 da,
1054 513 1172 553 steph.
1203 514 1346 554 Gryphii
1375 514 1552 554 posterior,
1574 522 1684 556 neque

986 563 1069 594 Mss.
1088 563 1153 593 mei
1169 569 1297 603 praeter
1311 564 1408 595 Leid.
1425 574 1475 606 pr.
1489 571 1524 596 et
1538 566 1687 598 Dorvill.

984 622 1087 653 quare
1120 613 1281 653 expunxi.
1330 614 1368 644 In
1400 619 1561 656 conspecta
1594 621 1687 648 recte

985 662 1135 694 reddidit
1152 663 1276 694 Caesari
1292 663 1527 697 Hotomannus
1558 676 1600 697 ex
1631 666 1690 698 Ai-

984 714 1109 753 moino,
1122 724 1198 745 cum
1213 715 1244 745 in
1262 714 1324 746 Ed.
1338 725 1405 757 qua
1417 717 1579 748 utebatur
1590 728 1687 759 repe-

985 765 1086 797 risset
1123 766 1193 796 sine
1215 766 1260 805 τῷ
1292 765 1338 805 in,
1366 766 1416 797 uti
1442 771 1493 798 est
1523 767 1557 798 in
1580 766 1679 800 Leid.

985 826 1056 848 sec.
1073 817 1172 848 male.
1209 857 1214 861 ι

1028 875 1104 900 xix.
1121 871 1138 899 7
1164 868 1409 908 Paterfamiliae]
1435 868 1491 899 Sic
1509 868 1601 900 edidi
1618 877 1691 902 rur-

985 928 1039 950 sus
1071 920 1273 950 auctoritate
1304 919 1473 950 Mstorum
1500 919 1610 960 Bong.
1635 929 1689 961 pr.

987 969 1109 1001 Petav.
1147 970 1244 1001 Voss.
1283 980 1334 1010 pr.
1372 969 1469 1001 Leid.
1508 979 1560 1010 pr.
1600 970 1689 1002 Scnl.

986 1020 1152 1061 Egmund.
1181 1021 1391 1062 aliorumque
1415 1030 1473 1052 sex
1497 1030 1572 1052 cum
1598 1020 1687 1052 Edd.

988 1071 1083 1102 Rom.
1099 1071 1194 1103 Med.
1212 1073 1296 1103 Ven.
1315 1071 1453 1103 Incerta
1469 1077 1503 1103 et
1525 1071 1689 1112 pluribus.

987 1121 1055 1152 Adi
1072 1121 1113 1152 ad
1133 1131 1155 1152 1.
1170 1126 1222 1154 50.
1247 1125 1255 1140 ‘
1271 1123 1538 1154 Matresfamiliae
1556 1126 1695 1155 eorum.‘

1031 1184 1068 1212 11
1096 1181 1219 1212 Funera
1234 1185 1305 1213 saut
1327 1191 1385 1222 pro
1407 1182 1489 1212 calla
1516 1180 1693 1224 Gallorum]

987 1231 1043 1262 Ita
1060 1236 1095 1262 et
1114 1232 1180 1262 Ms.
1205 1236 1332 1270 noster,
1355 1231 1414 1262 sed
1442 1231 1561 1262 eadem
1579 1240 1693 1270 manu,

989 1290 1055 1321 qua
1071 1281 1179 1311 codex
1205 1286 1364 1313 exaratus
1382 1286 1447 1320 est,
1471 1282 1564 1313 varia
1588 1281 1692 1313 lectio

988 1330 1021 1360 in
1047 1332 1200 1370 margine
1230 1331 1405 1371 adscripta
1430 1337 1495 1371 est,
1518 1341 1574 1372 pro
1601 1333 1693 1371 captu

991 1379 1167 1419 Gallorum,
1185 1380 1275 1422 quod
1293 1389 1358 1412 non
1376 1372 1504 1421 rejicio.
1550 1380 1692 1412 Graecus

989 1430 1028 1461 ὥς
1043 1430 1110 1460 κατ’
1126 1429 1257 1462 ἐκείνους
1279 1442 1330 1470 γε,
1357 1436 1395 1462 ut
1423 1431 1456 1462 in
1480 1431 1550 1472 ejus
1573 1430 1693 1463 codice

986 1490 1043 1521 pro
1059 1485 1150 1521 captu
1167 1480 1270 1512 fuisse
1288 1482 1400 1512 nullus
1418 1481 1592 1513 dubitem:
1615 1490 1693 1512 nam

989 1537 1025 1564 et
1040 1542 1142 1573 supra
1157 1533 1214 1564 ubi
1231 1537 1295 1571 est,
1319 1533 1329 1550 ‘
1345 1539 1382 1564 ut
1399 1537 1520 1573 captus
1536 1536 1590 1563 est
1607 1531 1692 1563 Ger-

989 1583 1187 1623 manorum,’
1212 1583 1334 1615 eodem
1352 1583 1450 1614 modo
1467 1582 1582 1614 vertit.
1623 1582 1696 1613 Vos-

989 1634 1064 1665 sius.
1090 1633 1199 1666 Codd.
1215 1634 1364 1665 nonnulli
1379 1643 1436 1674 pro
1452 1636 1556 1674 captu.
1592 1631 1692 1664 Quod

988 1694 1054 1715 non
1105 1682 1327 1726 rejiciendum
1377 1687 1496 1714 censet
1540 1682 1691 1713 Vossius.

990 1735 1079 1766 Nam
1097 1740 1132 1766 et
1150 1735 1293 1766 Graecns
1306 1734 1411 1766 babet
1425 1734 1464 1765 ὣς
1479 1733 1548 1764 κατ’
1563 1731 1695 1764 ἐκείνους

987 1796 1037 1824 γε.
1099 1787 1214 1817 Caesar
1243 1790 1389 1826 utraque
1418 1786 1537 1816 harum
1572 1792 1691 1816 vocum

990 1835 1069 1866 alibi
1101 1836 1218 1867 utitur.
1258 1836 1364 1867 Clark.
1413 1836 1509 1866 Culta
1541 1835 1692 1867 retinent

988 1885 1095 1916 ceteri
1113 1887 1195 1916 Mss.
1220 1886 1279 1917 sed
1303 1885 1394 1926 apud
1420 1885 1611 1916 Aimoinum
1640 1890 1692 1916 est

988 1939 1100 1976 capta:
1127 1941 1164 1967 ut
1181 1946 1231 1968 lv.
1249 1939 1279 1967 3.
1305 1937 1313 1953 ‘
1330 1941 1366 1966 ut
1382 1941 1435 1967 est
1459 1941 1581 1977 captus
1608 1935 1695 1967 Ger-

988 1997 1160 2019 manorum
1179 1987 1200 2019 :¹
1225 1988 1282 2019 ubi
1300 1992 1421 2019 contra
1443 1988 1542 2018 cultus
1556 1986 1588 2017 in
1606 1987 1692 2017 aliis.

991 2041 1088 2071 Cultu
1105 2050 1171 2071 non
1188 2039 1406 2071 mutandum:
1427 2039 1594 2070 rationem
1610 2038 1690 2070 vitae

989 2097 1024 2124 et
1041 2092 1263 2132 educationis,
1277 2100 1464 2132 earumque
1481 2099 1604 2130 rerum,
1615 2099 1691 2131 qua-e

989 2152 1029 2174 eo
1046 2144 1234 2184 portinent,
1249 2146 1358 2174 notat.

1034 2206 1071 2233 15
1096 2202 1199 2232 Justis
1237 2200 1402 2239 funeribus
1443 2198 1600 2237 confectis,
1635 2208 1697 2229 una

989 2251 1217 2292 cremabantur]
1256 2251 1383 2292 Magna
1409 2251 1468 2282 lux
1494 2247 1622 2282 Caesari
1649 2257 1690 2280 ex

989 2302 1175 2334 Jornandis
1200 2302 1274 2332 loco
1299 2311 1330 2332 c.
1353 2303 1408 2331 49.
1436 2299 1494 2331 ubi
1530 2297 1693 2330 describit

990 2362 1116 2384 morem
1145 2351 1272 2383 funeris
1300 2351 1444 2383 Attilae:
1475 2350 1599 2391 ‘Cujus
1624 2357 1692 2379 ma-

991 2403 1073 2441 nes,’
1106 2403 1230 2444 inquit,
1259 2403 1268 2419 ‘
1287 2402 1409 2443 quibus
1440 2400 1548 2432 modis
1579 2409 1598 2430 a
1629 2408 1690 2430 sua

991 2459 1094 2494 gente
1112 2454 1268 2485 honorati
1285 2458 1378 2491 sunt,
1393 2461 1503 2493 pauca
1519 2451 1562 2481 de
1577 2450 1691 2480 multis

991 2505 1106 2536 dicere
1139 2515 1203 2535 non
1243 2504 1446 2535 omittamus.
1503 2501 1542 2532 In
1573 2500 1692 2532 mediis

991 2555 1158 2596 siquidem
1190 2555 1331 2595 campiS,
1357 2558 1392 2584 et
1420 2553 1509 2583 intra
1541 2551 1691 2583 tentoria

992 2606 1101 2637 serica
1115 2605 1282 2636 cadavere
1307 2604 1490 2641 collocato,
1516 2607 1693 2642 spectacu-

991 2656 1059 2687 lum
1076 2654 1308 2686 admirandum
1333 2658 1367 2685 et
1391 2653 1575 2685 solenniter
1598 2652 1694 2684 exhi-

993 2706 1104 2738 betur.
1143 2705 1233 2736 Nam
1251 2705 1292 2735 dc
1310 2709 1383 2735 tota
1411 2708 1511 2745 gente
1551 2703 1691 2734 Hunno-

995 2766 1068 2789 rum
1096 2755 1292 2788 electissimi
1320 2755 1453 2797 equites
1481 2754 1514 2786 in
1545 2763 1585 2786 eo
1615 2753 1691 2785 loco
