<?xml version="1.0" encoding="UTF-8"?>
<!DOCTYPE html PUBLIC "-//W3C//DTD XHTML 1.0 Transitional//EN"
    "http://www.w3.org/TR/xhtml1/DTD/xhtml1-transitional.dtd">
<html xmlns="http://www.w3.org/1999/xhtml" xml:lang="en" lang="en">
 <head>
  <title>
</title>
<meta http-equiv="Content-Type" content="text/html;charset=utf-8" />
  <meta name='ocr-system' content='tesseract 3.04.00' />
  <meta name='ocr-capabilities' content='ocr_page ocr_carea ocr_par ocr_line ocrx_word'/>
</head>
<body>
  <div class='ocr_page' id='page_1' title='image "./operaomniaexedit03caesuoft/operaomniaexedit03caesuoft_0150.png"; bbox 0 0 1818 3131; ppageno 0'>
   <div class='ocr_carea' id='block_1_1' title="bbox 269 208 381 252">
    <p class='ocr_par' dir='ltr' id='par_1_1' title="bbox 269 208 381 252">
     <span class='ocr_line' id='line_1_1' title="bbox 269 208 381 252; baseline -0.009 0"><span class='ocrx_word' id='word_1_1' title='bbox 269 208 381 252; x_wconf 87' lang='grc'><strong>1070</strong></span> 
     </span>
    </p>
   </div>
   <div class='ocr_carea' id='block_1_2' title="bbox 256 311 970 2813">
    <p class='ocr_par' dir='ltr' id='par_1_2' title="bbox 266 311 968 552">
     <span class='ocr_line' id='line_1_2' title="bbox 267 311 967 355; baseline -0.001 -10"><span class='ocrx_word' id='word_1_2' title='bbox 267 323 344 355; x_wconf 78' lang='lat' dir='ltr'>quae</span> <span class='ocrx_word' id='word_1_3' title='bbox 359 312 542 350; x_wconf 84' lang='lat' dir='ltr'>mandata,’</span> <span class='ocrx_word' id='word_1_4' title='bbox 565 314 630 342; x_wconf 70' lang='grc' dir='ltr'><strong>ὄις.</strong></span> <span class='ocrx_word' id='word_1_5' title='bbox 675 311 813 344; x_wconf 78' lang='lat' dir='ltr'><strong>Sallust.</strong></span> <span class='ocrx_word' id='word_1_6' title='bbox 832 313 871 344; x_wconf 88' lang='lat' dir='ltr'><strong>B.</strong></span> <span class='ocrx_word' id='word_1_7' title='bbox 887 313 967 353; x_wconf 84' lang='lat' dir='ltr'><strong>Jug.</strong></span> 
     </span>
     <span class='ocr_line' id='line_1_3' title="bbox 267 362 967 404; baseline -0.003 -8"><span class='ocrx_word' id='word_1_8' title='bbox 267 374 296 396; x_wconf 86' lang='lat' dir='ltr'>c.</span> <span class='ocrx_word' id='word_1_9' title='bbox 319 367 371 395; x_wconf 77' lang='grc'><strong>36.</strong></span> <span class='ocrx_word' id='word_1_10' title='bbox 396 366 404 381; x_wconf 89' lang='lat'>‘</span> <span class='ocrx_word' id='word_1_11' title='bbox 423 369 502 393; x_wconf 80' lang='lat' dir='ltr'>ante</span> <span class='ocrx_word' id='word_1_12' title='bbox 518 363 669 400; x_wconf 71' lang='lat' dir='ltr'>comitia,</span> <span class='ocrx_word' id='word_1_13' title='bbox 693 362 782 403; x_wconf 89' lang='lat' dir='ltr'>quod</span> <span class='ocrx_word' id='word_1_14' title='bbox 798 368 931 404; x_wconf 83' lang='lat' dir='ltr'>tempus</span> <span class='ocrx_word' id='word_1_15' title='bbox 945 364 967 394; x_wconf 88' lang='lat'>:’</span> 
     </span>
     <span class='ocr_line' id='line_1_4' title="bbox 267 413 968 453; baseline 0.001 -8"><span class='ocrx_word' id='word_1_16' title='bbox 267 413 326 445; x_wconf 88' lang='lat' dir='ltr'>nbi</span> <span class='ocrx_word' id='word_1_17' title='bbox 343 415 381 444; x_wconf 75' lang='lat' dir='ltr'><strong>V.</strong></span> <span class='ocrx_word' id='word_1_18' title='bbox 401 414 494 444; x_wconf 85' lang='lat' dir='ltr'>Cort.</span> <span class='ocrx_word' id='word_1_19' title='bbox 540 413 593 443; x_wconf 75' lang='lat' dir='ltr'>Sic</span> <span class='ocrx_word' id='word_1_20' title='bbox 619 413 798 453; x_wconf 67' lang='lat' dir='ltr'>legendum</span> <span class='ocrx_word' id='word_1_21' title='bbox 822 415 968 446; x_wconf 92' lang='lat' dir='ltr'>omnino.</span> 
     </span>
     <span class='ocr_line' id='line_1_5' title="bbox 267 462 968 497; baseline 0.004 -4"><span class='ocrx_word' id='word_1_22' title='bbox 267 463 390 494; x_wconf 85' lang='lat' dir='ltr'>Horat.</span> <span class='ocrx_word' id='word_1_23' title='bbox 407 462 474 493; x_wconf 87' lang='lat' dir='ltr'>Od.</span> <span class='ocrx_word' id='word_1_24' title='bbox 493 471 541 492; x_wconf 78' lang='lat' dir='ltr'>iv.</span> <span class='ocrx_word' id='word_1_25' title='bbox 558 466 608 493; x_wconf 92' lang='lat' dir='ltr'><strong>ll.</strong></span> <span class='ocrx_word' id='word_1_26' title='bbox 620 466 672 494; x_wconf 68' lang='lat'>1⁴.</span> <span class='ocrx_word' id='word_1_27' title='bbox 690 465 698 480; x_wconf 91' lang='lat'>‘</span> <span class='ocrx_word' id='word_1_28' title='bbox 719 464 797 495; x_wconf 86' lang='lat' dir='ltr'>ldus</span> <span class='ocrx_word' id='word_1_29' title='bbox 815 465 875 495; x_wconf 88' lang='lat' dir='ltr'>tibi</span> <span class='ocrx_word' id='word_1_30' title='bbox 892 472 968 497; x_wconf 88' lang='lat' dir='ltr'>suut</span> 
     </span>
     <span class='ocr_line' id='line_1_6' title="bbox 266 511 714 552; baseline 0.007 -10"><span class='ocrx_word' id='word_1_31' title='bbox 266 511 421 552; x_wconf 70' lang='lat' dir='ltr'>agenda‘,</span> <span class='ocrx_word' id='word_1_32' title='bbox 445 512 512 544; x_wconf 85' lang='lat' dir='ltr'>Qui</span> <span class='ocrx_word' id='word_1_33' title='bbox 529 511 628 551; x_wconf 84' lang='lat' dir='ltr'>dies‚’</span> <span class='ocrx_word' id='word_1_34' title='bbox 650 517 714 545; x_wconf 54' lang='lat' dir='ltr'>[vc.</span> 
     </span>
    </p>

    <p class='ocr_par' dir='ltr' id='par_1_3' title="bbox 258 562 969 1102">
     <span class='ocr_line' id='line_1_7' title="bbox 307 562 969 596; baseline 0.003 -3"><span class='ocrx_word' id='word_1_35' title='bbox 307 564 328 593; x_wconf 78' lang='lat'><strong>2</strong></span> <span class='ocrx_word' id='word_1_36' title='bbox 345 562 528 592; x_wconf 68' lang='lat' dir='ltr'>:nar-nimos</span> <span class='ocrx_word' id='word_1_37' title='bbox 541 565 635 593; x_wconf 79' lang='lat' dir='ltr'>oestus</span> <span class='ocrx_word' id='word_1_38' title='bbox 650 564 969 596; x_wconf 65' lang='lat' dir='ltr'>maximos—nostris-</span> 
     </span>
     <span class='ocr_line' id='line_1_8' title="bbox 265 612 968 653; baseline 0.004 -11"><span class='ocrx_word' id='word_1_39' title='bbox 265 621 323 651; x_wconf 81' lang='lat' dir='ltr'>que</span> <span class='ocrx_word' id='word_1_40' title='bbox 339 612 371 642; x_wconf 70' lang='lat'>1⁶11</span> <span class='ocrx_word' id='word_1_41' title='bbox 387 616 454 642; x_wconf 79' lang='lat' dir='ltr'>erat</span> <span class='ocrx_word' id='word_1_42' title='bbox 471 613 675 653; x_wconf 71' lang='lat' dir='ltr'>incognitum]</span> <span class='ocrx_word' id='word_1_43' title='bbox 721 614 860 645; x_wconf 80' lang='lat' dir='ltr'>Maximi</span> <span class='ocrx_word' id='word_1_44' title='bbox 883 615 968 646; x_wconf 79' lang='lat' dir='ltr'>fiunt</span> 
     </span>
     <span class='ocr_line' id='line_1_9' title="bbox 267 663 968 706; baseline 0.003 -12"><span class='ocrx_word' id='word_1_45' title='bbox 267 668 384 702; x_wconf 86' lang='lat' dir='ltr'>aestus,</span> <span class='ocrx_word' id='word_1_46' title='bbox 401 673 476 694; x_wconf 88' lang='lat' dir='ltr'>cum</span> <span class='ocrx_word' id='word_1_47' title='bbox 492 663 586 694; x_wconf 86' lang='lat' dir='ltr'>Luna</span> <span class='ocrx_word' id='word_1_48' title='bbox 602 669 653 694; x_wconf 82' lang='lat' dir='ltr'>est</span> <span class='ocrx_word' id='word_1_49' title='bbox 670 665 782 704; x_wconf 76' lang='lat' dir='ltr'>plena,</span> <span class='ocrx_word' id='word_1_50' title='bbox 799 666 877 706; x_wconf 83' lang='lat' dir='ltr'>quia</span> <span class='ocrx_word' id='word_1_51' title='bbox 893 666 968 696; x_wconf 77' lang='lat' dir='ltr'>sub-</span> 
     </span>
     <span class='ocr_line' id='line_1_10' title="bbox 258 714 969 755; baseline 0.001 -11"><span class='ocrx_word' id='word_1_52' title='bbox 258 714 355 754; x_wconf 81' lang='lat' dir='ltr'>jecta</span> <span class='ocrx_word' id='word_1_53' title='bbox 370 714 479 754; x_wconf 85' lang='lat' dir='ltr'>spatia</span> <span class='ocrx_word' id='word_1_54' title='bbox 499 715 605 753; x_wconf 80' lang='lat' dir='ltr'>magis</span> <span class='ocrx_word' id='word_1_55' title='bbox 629 716 762 754; x_wconf 81' lang='lat' dir='ltr'>premit,</span> <span class='ocrx_word' id='word_1_56' title='bbox 788 721 969 755; x_wconf 82' lang='lat' dir='ltr'>propterea</span> 
     </span>
     <span class='ocr_line' id='line_1_11' title="bbox 266 764 968 804; baseline 0 -10"><span class='ocrx_word' id='word_1_57' title='bbox 266 764 357 804; x_wconf 87' lang='lat' dir='ltr'>quod</span> <span class='ocrx_word' id='word_1_58' title='bbox 376 769 446 795; x_wconf 89' lang='lat' dir='ltr'>tum</span> <span class='ocrx_word' id='word_1_59' title='bbox 474 764 516 794; x_wconf 87' lang='lat' dir='ltr'>sit</span> <span class='ocrx_word' id='word_1_60' title='bbox 543 764 576 794; x_wconf 89' lang='lat' dir='ltr'>in</span> <span class='ocrx_word' id='word_1_61' title='bbox 603 764 784 802; x_wconf 69' lang='lat' dir='ltr'>I&#39;erigeio:</span> <span class='ocrx_word' id='word_1_62' title='bbox 824 775 898 795; x_wconf 92' lang='lat' dir='ltr'>cum</span> <span class='ocrx_word' id='word_1_63' title='bbox 914 775 968 795; x_wconf 85' lang='lat' dir='ltr'>au-</span> 
     </span>
     <span class='ocr_line' id='line_1_12' title="bbox 265 815 968 845; baseline 0 0"><span class='ocrx_word' id='word_1_64' title='bbox 265 818 336 845; x_wconf 85' lang='lat' dir='ltr'>tem</span> <span class='ocrx_word' id='word_1_65' title='bbox 376 815 516 845; x_wconf 87' lang='lat' dir='ltr'>Romani</span> <span class='ocrx_word' id='word_1_66' title='bbox 552 815 646 845; x_wconf 80' lang='lat' dir='ltr'>Mare</span> <span class='ocrx_word' id='word_1_67' title='bbox 678 815 968 845; x_wconf 77' lang='lat' dir='ltr'>Mediterraneum</span> 
     </span>
     <span class='ocr_line' id='line_1_13' title="bbox 266 864 968 905; baseline 0.003 -12"><span class='ocrx_word' id='word_1_68' title='bbox 266 864 485 904; x_wconf 80' lang='lat' dir='ltr'>navigabant,</span> <span class='ocrx_word' id='word_1_69' title='bbox 512 864 600 904; x_wconf 86' lang='lat' dir='ltr'>quod</span> <span class='ocrx_word' id='word_1_70' title='bbox 629 864 662 893; x_wconf 89' lang='lat' dir='ltr'>iu</span> <span class='ocrx_word' id='word_1_71' title='bbox 689 865 862 905; x_wconf 82' lang='lat' dir='ltr'>plerisque</span> <span class='ocrx_word' id='word_1_72' title='bbox 885 865 968 895; x_wconf 83' lang='lat' dir='ltr'>locis</span> 
     </span>
     <span class='ocr_line' id='line_1_14' title="bbox 268 913 969 955; baseline 0.003 -12"><span class='ocrx_word' id='word_1_73' title='bbox 268 916 390 943; x_wconf 79' lang='lat' dir='ltr'>aestum</span> <span class='ocrx_word' id='word_1_74' title='bbox 416 922 481 943; x_wconf 89' lang='lat' dir='ltr'>non</span> <span class='ocrx_word' id='word_1_75' title='bbox 505 913 645 952; x_wconf 79' lang='lat' dir='ltr'>patitur,</span> <span class='ocrx_word' id='word_1_76' title='bbox 669 913 712 943; x_wconf 88' lang='lat' dir='ltr'>ob</span> <span class='ocrx_word' id='word_1_77' title='bbox 735 923 864 954; x_wconf 86' lang='lat' dir='ltr'>causas,</span> <span class='ocrx_word' id='word_1_78' title='bbox 886 924 969 955; x_wconf 85' lang='lat' dir='ltr'>quas</span> 
     </span>
     <span class='ocr_line' id='line_1_15' title="bbox 265 961 968 1003; baseline 0.004 -11"><span class='ocrx_word' id='word_1_79' title='bbox 265 961 360 993; x_wconf 87' lang='lat' dir='ltr'>dicet</span> <span class='ocrx_word' id='word_1_80' title='bbox 375 962 475 995; x_wconf 86' lang='lat' dir='ltr'>Joan.</span> <span class='ocrx_word' id='word_1_81' title='bbox 501 963 653 994; x_wconf 82' lang='lat' dir='ltr'>Clericus</span> <span class='ocrx_word' id='word_1_82' title='bbox 679 963 783 1003; x_wconf 85' lang='lat' dir='ltr'>Phys.</span> <span class='ocrx_word' id='word_1_83' title='bbox 812 973 852 995; x_wconf 91' lang='lat'><strong>11.</strong></span> <span class='ocrx_word' id='word_1_84' title='bbox 871 967 899 995; x_wconf 87' lang='grc'><strong>8.</strong></span> <span class='ocrx_word' id='word_1_85' title='bbox 916 967 968 995; x_wconf 86' lang='grc'><strong>20.</strong></span> 
     </span>
     <span class='ocr_line' id='line_1_16' title="bbox 266 1010 969 1053; baseline 0.006 -11"><span class='ocrx_word' id='word_1_86' title='bbox 266 1010 369 1043; x_wconf 84' lang='lat' dir='ltr'>facile</span> <span class='ocrx_word' id='word_1_87' title='bbox 393 1012 466 1043; x_wconf 82' lang='lat' dir='ltr'>fieri</span> <span class='ocrx_word' id='word_1_88' title='bbox 492 1014 618 1053; x_wconf 85' lang='lat' dir='ltr'>potuit,</span> <span class='ocrx_word' id='word_1_89' title='bbox 643 1019 680 1045; x_wconf 89' lang='lat' dir='ltr'>ut</span> <span class='ocrx_word' id='word_1_90' title='bbox 697 1019 840 1045; x_wconf 74' lang='lat' dir='ltr'>aestuum</span> <span class='ocrx_word' id='word_1_91' title='bbox 869 1016 969 1046; x_wconf 88' lang='lat' dir='ltr'>ratio·</span> 
     </span>
     <span class='ocr_line' id='line_1_17' title="bbox 266 1062 729 1102; baseline 0.004 -10"><span class='ocrx_word' id='word_1_92' title='bbox 266 1070 342 1092; x_wconf 86' lang='lat' dir='ltr'>nem</span> <span class='ocrx_word' id='word_1_93' title='bbox 361 1062 567 1102; x_wconf 80' lang='lat' dir='ltr'>ignorarent.</span> <span class='ocrx_word' id='word_1_94' title='bbox 616 1063 729 1095; x_wconf 75' lang='lat' dir='ltr'>Daris.</span> 
     </span>
    </p>

    <p class='ocr_par' dir='ltr' id='par_1_4' title="bbox 264 1112 970 1454">
     <span class='ocr_line' id='line_1_18' title="bbox 308 1112 968 1152; baseline 0.006 -10"><span class='ocrx_word' id='word_1_95' title='bbox 308 1115 327 1142; x_wconf 86' lang='lat'><strong>5</strong></span> <span class='ocrx_word' id='word_1_96' title='bbox 354 1112 548 1152; x_wconf 77' lang='lat' dir='ltr'>complebat]</span> <span class='ocrx_word' id='word_1_97' title='bbox 592 1114 675 1144; x_wconf 50' lang='lat' dir='ltr'>Mzs.</span> <span class='ocrx_word' id='word_1_98' title='bbox 701 1119 735 1145; x_wconf 89' lang='lat' dir='ltr'>et</span> <span class='ocrx_word' id='word_1_99' title='bbox 761 1114 847 1145; x_wconf 85' lang='lat' dir='ltr'>Edd.</span> <span class='ocrx_word' id='word_1_100' title='bbox 871 1116 968 1146; x_wconf 75' lang='lat' dir='ltr'>Vett.</span> 
     </span>
     <span class='ocr_line' id='line_1_19' title="bbox 265 1164 967 1205; baseline 0.004 -13"><span class='ocrx_word' id='word_1_101' title='bbox 265 1164 476 1203; x_wconf 74' lang='lat' dir='ltr'>complet-erat.</span> <span class='ocrx_word' id='word_1_102' title='bbox 523 1165 606 1196; x_wconf 65' lang='lat' dir='ltr'>Quae</span> <span class='ocrx_word' id='word_1_103' title='bbox 635 1165 737 1195; x_wconf 83' lang='lat' dir='ltr'>lectio</span> <span class='ocrx_word' id='word_1_104' title='bbox 765 1175 861 1205; x_wconf 84' lang='lat' dir='ltr'>aeque</span> <span class='ocrx_word' id='word_1_105' title='bbox 884 1164 967 1195; x_wconf 82' lang='lat' dir='ltr'>ferri</span> 
     </span>
     <span class='ocr_line' id='line_1_20' title="bbox 264 1213 970 1253; baseline 0.003 -10"><span class='ocrx_word' id='word_1_106' title='bbox 264 1217 393 1253; x_wconf 81' lang='lat' dir='ltr'>potest.</span> <span class='ocrx_word' id='word_1_107' title='bbox 430 1213 537 1244; x_wconf 76' lang='lat' dir='ltr'>Clark.</span> <span class='ocrx_word' id='word_1_108' title='bbox 584 1213 816 1253; x_wconf 82' lang='lat' dir='ltr'>Inperfectum</span> <span class='ocrx_word' id='word_1_109' title='bbox 832 1219 970 1246; x_wconf 83' lang='lat' dir='ltr'>servant</span> 
     </span>
     <span class='ocr_line' id='line_1_21' title="bbox 266 1262 967 1305; baseline 0.004 -12"><span class='ocrx_word' id='word_1_110' title='bbox 266 1262 310 1294; x_wconf 89' lang='lat' dir='ltr'>de</span> <span class='ocrx_word' id='word_1_111' title='bbox 328 1273 422 1294; x_wconf 89' lang='lat' dir='ltr'>more</span> <span class='ocrx_word' id='word_1_112' title='bbox 448 1264 530 1295; x_wconf 79' lang='lat' dir='ltr'>Mss.</span> <span class='ocrx_word' id='word_1_113' title='bbox 549 1264 626 1305; x_wconf 83' lang='lat' dir='ltr'><strong>Cuj.</strong></span> <span class='ocrx_word' id='word_1_114' title='bbox 646 1264 732 1295; x_wconf 78' lang='lat' dir='ltr'>And.</span> <span class='ocrx_word' id='word_1_115' title='bbox 750 1266 837 1296; x_wconf 84' lang='lat' dir='ltr'>Scal.</span> <span class='ocrx_word' id='word_1_116' title='bbox 855 1266 967 1296; x_wconf 77' lang='lat' dir='ltr'><strong>Oxou.</strong></span> 
     </span>
     <span class='ocr_line' id='line_1_22' title="bbox 267 1314 968 1356; baseline 0.003 -12"><span class='ocrx_word' id='word_1_117' title='bbox 267 1318 303 1344; x_wconf 84' lang='lat' dir='ltr'>et</span> <span class='ocrx_word' id='word_1_118' title='bbox 318 1314 414 1345; x_wconf 88' lang='lat' dir='ltr'>Leid.</span> <span class='ocrx_word' id='word_1_119' title='bbox 431 1324 481 1355; x_wconf 86' lang='lat' dir='ltr'>pr.</span> <span class='ocrx_word' id='word_1_120' title='bbox 529 1315 643 1346; x_wconf 83' lang='lat' dir='ltr'>Ceteri</span> <span class='ocrx_word' id='word_1_121' title='bbox 659 1317 882 1356; x_wconf 48' lang='lat' dir='ltr'>complet-eran·</span> <span class='ocrx_word' id='word_1_122' title='bbox 906 1316 968 1346; x_wconf 82' lang='lat' dir='ltr'>nisi</span> 
     </span>
     <span class='ocr_line' id='line_1_23' title="bbox 267 1363 969 1405; baseline 0.004 -12"><span class='ocrx_word' id='word_1_123' title='bbox 267 1365 358 1403; x_wconf 84' lang='lat' dir='ltr'>quod</span> <span class='ocrx_word' id='word_1_124' title='bbox 380 1363 412 1393; x_wconf 91' lang='lat' dir='ltr'>in</span> <span class='ocrx_word' id='word_1_125' title='bbox 439 1364 533 1394; x_wconf 90' lang='lat' dir='ltr'>Carr.</span> <span class='ocrx_word' id='word_1_126' title='bbox 550 1365 726 1405; x_wconf 74' lang='lat' dir='ltr'>complerat,</span> <span class='ocrx_word' id='word_1_127' title='bbox 744 1371 780 1397; x_wconf 86' lang='lat' dir='ltr'>et</span> <span class='ocrx_word' id='word_1_128' title='bbox 795 1366 829 1395; x_wconf 90' lang='lat' dir='ltr'>in</span> <span class='ocrx_word' id='word_1_129' title='bbox 846 1366 969 1396; x_wconf 79' lang='lat' dir='ltr'>Petav.</span> 
     </span>
     <span class='ocr_line' id='line_1_24' title="bbox 267 1415 485 1454; baseline 0.009 -11"><span class='ocrx_word' id='word_1_130' title='bbox 267 1415 485 1454; x_wconf 64' lang='lat' dir='ltr'>comples-erut.</span> 
     </span>
    </p>

    <p class='ocr_par' dir='ltr' id='par_1_5' title="bbox 265 1464 969 1795">
     <span class='ocr_line' id='line_1_25' title="bbox 312 1464 968 1507; baseline 0.008 -14"><span class='ocrx_word' id='word_1_131' title='bbox 312 1466 350 1494; x_wconf 81' lang='lat'>13</span> <span class='ocrx_word' id='word_1_132' title='bbox 368 1464 533 1505; x_wconf 74' lang='lat' dir='ltr'>Hiemare]</span> <span class='ocrx_word' id='word_1_133' title='bbox 549 1466 713 1507; x_wconf 84' lang='lat' dir='ltr'>Scaligeri</span> <span class='ocrx_word' id='word_1_134' title='bbox 729 1467 813 1498; x_wconf 89' lang='lat' dir='ltr'>Cod.</span> <span class='ocrx_word' id='word_1_135' title='bbox 826 1473 861 1498; x_wconf 87' lang='lat' dir='ltr'>et</span> <span class='ocrx_word' id='word_1_136' title='bbox 872 1467 968 1498; x_wconf 87' lang='lat' dir='ltr'>Leid.</span> 
     </span>
     <span class='ocr_line' id='line_1_26' title="bbox 266 1514 969 1556; baseline 0.004 -11"><span class='ocrx_word' id='word_1_137' title='bbox 266 1514 396 1556; x_wconf 89' lang='lat' dir='ltr'>primus</span> <span class='ocrx_word' id='word_1_138' title='bbox 419 1516 562 1547; x_wconf 78' lang='lat' dir='ltr'>hiemari.</span> <span class='ocrx_word' id='word_1_139' title='bbox 616 1517 715 1549; x_wconf 78' lang='lat' dir='ltr'>Quod</span> <span class='ocrx_word' id='word_1_140' title='bbox 740 1522 870 1548; x_wconf 89' lang='lat' dir='ltr'>rectum</span> <span class='ocrx_word' id='word_1_141' title='bbox 896 1527 969 1548; x_wconf 84' lang='lat' dir='ltr'>esse</span> 
     </span>
     <span class='ocr_line' id='line_1_27' title="bbox 267 1565 969 1605; baseline 0.007 -11"><span class='ocrx_word' id='word_1_142' title='bbox 267 1565 430 1604; x_wconf 86' lang='lat' dir='ltr'>suspicor,</span> <span class='ocrx_word' id='word_1_143' title='bbox 455 1570 492 1596; x_wconf 88' lang='lat' dir='ltr'>ut</span> <span class='ocrx_word' id='word_1_144' title='bbox 515 1566 660 1605; x_wconf 75' lang='lat' dir='ltr'>navigari</span> <span class='ocrx_word' id='word_1_145' title='bbox 684 1577 712 1597; x_wconf 92' lang='lat' dir='ltr'>c.</span> <span class='ocrx_word' id='word_1_146' title='bbox 732 1569 784 1598; x_wconf 88' lang='grc'>31.</span> <span class='ocrx_word' id='word_1_147' title='bbox 812 1568 969 1599; x_wconf 76' lang='lat' dir='ltr'>hiber-nari</span> 
     </span>
     <span class='ocr_line' id='line_1_28' title="bbox 267 1613 967 1648; baseline 0.006 -4"><span class='ocrx_word' id='word_1_148' title='bbox 267 1613 330 1644; x_wconf 83' lang='lat' dir='ltr'>hoc</span> <span class='ocrx_word' id='word_1_149' title='bbox 356 1614 429 1645; x_wconf 90' lang='lat' dir='ltr'>loco</span> <span class='ocrx_word' id='word_1_150' title='bbox 453 1615 582 1646; x_wconf 80' lang='lat' dir='ltr'>Celsus.</span> <span class='ocrx_word' id='word_1_151' title='bbox 634 1616 741 1647; x_wconf 73' lang='lat' dir='ltr'>Venit-i</span> <span class='ocrx_word' id='word_1_152' title='bbox 766 1627 784 1648; x_wconf 89' lang='lat' dir='ltr'>e</span> <span class='ocrx_word' id='word_1_153' title='bbox 811 1618 892 1648; x_wconf 86' lang='lat' dir='ltr'>Mss.</span> <span class='ocrx_word' id='word_1_154' title='bbox 918 1627 967 1648; x_wconf 83' lang='lat' dir='ltr'>vr.</span> 
     </span>
     <span class='ocr_line' id='line_1_29' title="bbox 265 1663 968 1704; baseline 0.009 -11"><span class='ocrx_word' id='word_1_155' title='bbox 265 1665 318 1693; x_wconf 78' lang='grc'><strong>36.</strong></span> <span class='ocrx_word' id='word_1_156' title='bbox 338 1663 394 1694; x_wconf 90' lang='lat' dir='ltr'>ubi</span> <span class='ocrx_word' id='word_1_157' title='bbox 413 1665 518 1704; x_wconf 84' lang='lat' dir='ltr'>plura.</span> <span class='ocrx_word' id='word_1_158' title='bbox 575 1666 780 1697; x_wconf 78' lang='lat' dir='ltr'>Concurritur</span> <span class='ocrx_word' id='word_1_159' title='bbox 802 1676 832 1699; x_wconf 89' lang='lat' dir='ltr'>c.</span> <span class='ocrx_word' id='word_1_160' title='bbox 855 1671 907 1699; x_wconf 84' lang='grc'><strong>79.</strong></span> <span class='ocrx_word' id='word_1_161' title='bbox 934 1673 968 1698; x_wconf 90' lang='lat' dir='ltr'>at</span> 
     </span>
     <span class='ocr_line' id='line_1_30' title="bbox 268 1713 967 1754; baseline 0.007 -10"><span class='ocrx_word' id='word_1_162' title='bbox 268 1713 426 1754; x_wconf 83' lang='lat' dir='ltr'>plerique</span> <span class='ocrx_word' id='word_1_163' title='bbox 441 1720 638 1747; x_wconf 77' lang='lat' dir='ltr'>concurrunt.</span> <span class='ocrx_word' id='word_1_164' title='bbox 693 1716 794 1748; x_wconf 78' lang='lat' dir='ltr'>Adde</span> <span class='ocrx_word' id='word_1_165' title='bbox 810 1717 852 1748; x_wconf 89' lang='lat' dir='ltr'>ad</span> <span class='ocrx_word' id='word_1_166' title='bbox 867 1727 898 1749; x_wconf 82' lang='lat' dir='ltr'>c.</span> <span class='ocrx_word' id='word_1_167' title='bbox 915 1721 967 1749; x_wconf 87' lang='grc'><strong>85.</strong></span> 
     </span>
     <span class='ocr_line' id='line_1_31' title="bbox 266 1765 420 1795; baseline 0 -1"><span class='ocrx_word' id='word_1_168' title='bbox 266 1765 420 1795; x_wconf 81' lang='lat' dir='ltr'>contendi.</span> 
     </span>
    </p>

    <p class='ocr_par' dir='ltr' id='par_1_6' title="bbox 256 1815 969 2406">
     <span class='ocr_line' id='line_1_32' title="bbox 309 1815 966 1858; baseline 0.006 -14"><span class='ocrx_word' id='word_1_169' title='bbox 309 1822 396 1845; x_wconf 78' lang='lat' dir='ltr'><strong>xxx.</strong></span> <span class='ocrx_word' id='word_1_170' title='bbox 423 1818 438 1845; x_wconf 92' lang='lat' dir='ltr'><strong>l</strong></span> <span class='ocrx_word' id='word_1_171' title='bbox 476 1815 553 1846; x_wconf 82' lang='lat' dir='ltr'><em>Post</em></span> <span class='ocrx_word' id='word_1_172' title='bbox 577 1816 734 1856; x_wconf 81' lang='lat' dir='ltr'>proelium]</span> <span class='ocrx_word' id='word_1_173' title='bbox 779 1818 862 1850; x_wconf 74' lang='lat' dir='ltr'>Mss.</span> <span class='ocrx_word' id='word_1_174' title='bbox 891 1819 966 1858; x_wconf 88' lang='lat' dir='ltr'><strong>Cuj.</strong></span> 
     </span>
     <span class='ocr_line' id='line_1_33' title="bbox 265 1862 968 1906; baseline 0.009 -14"><span class='ocrx_word' id='word_1_175' title='bbox 265 1862 354 1893; x_wconf 86' lang='lat' dir='ltr'>Scal.</span> <span class='ocrx_word' id='word_1_176' title='bbox 371 1862 462 1895; x_wconf 80' lang='lat' dir='ltr'><strong>And.</strong></span> <span class='ocrx_word' id='word_1_177' title='bbox 479 1864 590 1895; x_wconf 85' lang='lat' dir='ltr'><strong>Oxou.</strong></span> <span class='ocrx_word' id='word_1_178' title='bbox 619 1865 713 1895; x_wconf 85' lang='lat' dir='ltr'>Leid.</span> <span class='ocrx_word' id='word_1_179' title='bbox 743 1876 793 1906; x_wconf 92' lang='lat' dir='ltr'>pr.</span> <span class='ocrx_word' id='word_1_180' title='bbox 820 1872 855 1898; x_wconf 88' lang='lat' dir='ltr'>et</span> <span class='ocrx_word' id='word_1_181' title='bbox 881 1868 968 1898; x_wconf 88' lang='lat' dir='ltr'>Edd.</span> 
     </span>
     <span class='ocr_line' id='line_1_34' title="bbox 266 1913 969 1958; baseline 0.009 -15"><span class='ocrx_word' id='word_1_182' title='bbox 266 1913 308 1944; x_wconf 84' lang='lat' dir='ltr'><strong>R.</strong></span> <span class='ocrx_word' id='word_1_183' title='bbox 337 1913 498 1953; x_wconf 81' lang='lat' dir='ltr'>Stephani</span> <span class='ocrx_word' id='word_1_184' title='bbox 526 1925 566 1945; x_wconf 86' lang='lat' dir='ltr'>ac</span> <span class='ocrx_word' id='word_1_185' title='bbox 595 1916 738 1956; x_wconf 73' lang='lat' dir='ltr'>Gryphii</span> <span class='ocrx_word' id='word_1_186' title='bbox 766 1928 799 1957; x_wconf 73' lang='grc' dir='ltr'><strong>μ.</strong></span> <span class='ocrx_word' id='word_1_187' title='bbox 829 1920 969 1958; x_wconf 78' lang='lat' dir='ltr'>proelium</span> 
     </span>
     <span class='ocr_line' id='line_1_35' title="bbox 256 1962 969 2007; baseline 0.01 -14"><span class='ocrx_word' id='word_1_188' title='bbox 256 1962 392 2000; x_wconf 78' lang='lat' dir='ltr'>sactum.</span> <span class='ocrx_word' id='word_1_189' title='bbox 449 1964 614 2004; x_wconf 84' lang='lat' dir='ltr'>Optime:</span> <span class='ocrx_word' id='word_1_190' title='bbox 640 1967 772 2007; x_wconf 76' lang='lat' dir='ltr'>millies,</span> <span class='ocrx_word' id='word_1_191' title='bbox 790 1974 826 1999; x_wconf 90' lang='lat' dir='ltr'>ut</span> <span class='ocrx_word' id='word_1_192' title='bbox 855 1969 903 1999; x_wconf 84' lang='lat' dir='ltr'>ita</span> <span class='ocrx_word' id='word_1_193' title='bbox 919 1969 969 2000; x_wconf 88' lang='lat' dir='ltr'>di-</span> 
     </span>
     <span class='ocr_line' id='line_1_36' title="bbox 266 2013 969 2058; baseline 0.01 -15"><span class='ocrx_word' id='word_1_194' title='bbox 266 2013 479 2054; x_wconf 79' lang='lat' dir='ltr'>cam,jungit</span> <span class='ocrx_word' id='word_1_195' title='bbox 495 2016 608 2046; x_wconf 72' lang='lat' dir='ltr'>Caesar</span> <span class='ocrx_word' id='word_1_196' title='bbox 628 2017 768 2056; x_wconf 79' lang='lat' dir='ltr'>proelium</span> <span class='ocrx_word' id='word_1_197' title='bbox 778 2018 915 2058; x_wconf 81' lang='lat' dir='ltr'>suctum,</span> <span class='ocrx_word' id='word_1_198' title='bbox 933 2024 969 2051; x_wconf 88' lang='lat' dir='ltr'>et</span> 
     </span>
     <span class='ocr_line' id='line_1_37' title="bbox 258 2062 967 2103; baseline 0.011 -11"><span class='ocrx_word' id='word_1_199' title='bbox 258 2062 349 2099; x_wconf 79' lang='lat' dir='ltr'>facto</span> <span class='ocrx_word' id='word_1_200' title='bbox 371 2064 490 2103; x_wconf 79' lang='lat' dir='ltr'>proelio.</span> <span class='ocrx_word' id='word_1_201' title='bbox 548 2066 588 2095; x_wconf 85' lang='lat' dir='ltr'><strong>B.</strong></span> <span class='ocrx_word' id='word_1_202' title='bbox 607 2067 680 2097; x_wconf 91' lang='lat' dir='ltr'>Civ.</span> <span class='ocrx_word' id='word_1_203' title='bbox 707 2076 766 2098; x_wconf 86' lang='lat'><strong>111.</strong></span> <span class='ocrx_word' id='word_1_204' title='bbox 787 2071 840 2099; x_wconf 80' lang='lat'><strong>72.</strong></span> <span class='ocrx_word' id='word_1_205' title='bbox 862 2070 871 2086; x_wconf 71' lang='lat'><strong><em>⁴</em></strong></span> <span class='ocrx_word' id='word_1_206' title='bbox 891 2070 967 2100; x_wconf 88' lang='lat' dir='ltr'>Non</span> 
     </span>
     <span class='ocr_line' id='line_1_38' title="bbox 266 2116 967 2159; baseline 0.01 -16"><span class='ocrx_word' id='word_1_207' title='bbox 266 2122 310 2143; x_wconf 84' lang='lat' dir='ltr'>ex</span> <span class='ocrx_word' id='word_1_208' title='bbox 326 2122 491 2145; x_wconf 81' lang='lat' dir='ltr'>concursu</span> <span class='ocrx_word' id='word_1_209' title='bbox 515 2116 586 2146; x_wconf 85' lang='lat' dir='ltr'>acri</span> <span class='ocrx_word' id='word_1_210' title='bbox 616 2116 719 2155; x_wconf 78' lang='lat' dir='ltr'>facto,</span> <span class='ocrx_word' id='word_1_211' title='bbox 742 2128 807 2148; x_wconf 90' lang='lat' dir='ltr'>non</span> <span class='ocrx_word' id='word_1_212' title='bbox 825 2119 967 2159; x_wconf 82' lang='lat' dir='ltr'>proeli0‚’</span> 
     </span>
     <span class='ocr_line' id='line_1_39' title="bbox 265 2165 967 2209; baseline 0.011 -16"><span class='ocrx_word' id='word_1_213' title='bbox 265 2165 332 2194; x_wconf 60' lang='lat' dir='ltr'>dec.</span> <span class='ocrx_word' id='word_1_214' title='bbox 392 2165 466 2196; x_wconf 73' lang='lat' dir='ltr'>Nee</span> <span class='ocrx_word' id='word_1_215' title='bbox 498 2165 611 2198; x_wconf 79' lang='lat' dir='ltr'>obstat</span> <span class='ocrx_word' id='word_1_216' title='bbox 639 2177 781 2209; x_wconf 82' lang='lat' dir='ltr'>sequens</span> <span class='ocrx_word' id='word_1_217' title='bbox 806 2169 967 2206; x_wconf 74' lang='lat' dir='ltr'>facienda.</span> 
     </span>
     <span class='ocr_line' id='line_1_40' title="bbox 267 2213 966 2257; baseline 0.01 -14"><span class='ocrx_word' id='word_1_218' title='bbox 267 2213 357 2244; x_wconf 85' lang='lat' dir='ltr'>Nam</span> <span class='ocrx_word' id='word_1_219' title='bbox 373 2215 445 2245; x_wconf 67' lang='lat' dir='ltr'>lime</span> <span class='ocrx_word' id='word_1_220' title='bbox 460 2216 533 2256; x_wconf 79' lang='lat' dir='ltr'>ipsa</span> <span class='ocrx_word' id='word_1_221' title='bbox 548 2217 642 2247; x_wconf 86' lang='lat' dir='ltr'>verbi</span> <span class='ocrx_word' id='word_1_222' title='bbox 658 2218 829 2257; x_wconf 78' lang='lat' dir='ltr'><strong>repetitio,</strong></span> <span class='ocrx_word' id='word_1_223' title='bbox 843 2219 966 2250; x_wconf 62' lang='lat' dir='ltr'>Caesari</span> 
     </span>
     <span class='ocr_line' id='line_1_41' title="bbox 265 2262 967 2304; baseline 0.009 -10"><span class='ocrx_word' id='word_1_224' title='bbox 265 2262 453 2304; x_wconf 70' lang='lat' dir='ltr'>familiaris,</span> <span class='ocrx_word' id='word_1_225' title='bbox 482 2267 667 2297; x_wconf 79' lang='lat' dir='ltr'>omissionis</span> <span class='ocrx_word' id='word_1_226' title='bbox 694 2278 811 2299; x_wconf 83' lang='lat' dir='ltr'>caussa</span> <span class='ocrx_word' id='word_1_227' title='bbox 839 2268 904 2299; x_wconf 84' lang='lat' dir='ltr'>fuit</span> <span class='ocrx_word' id='word_1_228' title='bbox 933 2270 967 2300; x_wconf 90' lang='lat' dir='ltr'>li-</span> 
     </span>
     <span class='ocr_line' id='line_1_42' title="bbox 267 2314 966 2360; baseline 0.006 -15"><span class='ocrx_word' id='word_1_229' title='bbox 267 2314 398 2346; x_wconf 82' lang='lat' dir='ltr'>brariis.</span> <span class='ocrx_word' id='word_1_230' title='bbox 447 2317 486 2346; x_wconf 87' lang='lat' dir='ltr'><strong>V.</strong></span> <span class='ocrx_word' id='word_1_231' title='bbox 515 2318 555 2348; x_wconf 84' lang='lat' dir='ltr'>ad</span> <span class='ocrx_word' id='word_1_232' title='bbox 583 2327 607 2348; x_wconf 90' lang='lat'><strong>1.</strong></span> <span class='ocrx_word' id='word_1_233' title='bbox 625 2321 676 2348; x_wconf 28' lang='lat'><strong>4⁷1.</strong></span> <span class='ocrx_word' id='word_1_234' title='bbox 706 2328 813 2359; x_wconf 83' lang='lat' dir='ltr'>eaque</span> <span class='ocrx_word' id='word_1_235' title='bbox 831 2319 966 2360; x_wconf 80' lang='lat' dir='ltr'>singulis</span> 
     </span>
     <span class='ocr_line' id='line_1_43' title="bbox 266 2363 858 2406; baseline 0.007 -11"><span class='ocrx_word' id='word_1_236' title='bbox 266 2363 339 2396; x_wconf 80' lang='lat' dir='ltr'>fere</span> <span class='ocrx_word' id='word_1_237' title='bbox 355 2366 484 2406; x_wconf 80' lang='lat' dir='ltr'>paginis</span> <span class='ocrx_word' id='word_1_238' title='bbox 500 2368 532 2398; x_wconf 91' lang='lat' dir='ltr'>in</span> <span class='ocrx_word' id='word_1_239' title='bbox 547 2368 680 2399; x_wconf 70' lang='lat' dir='ltr'>Caesare</span> <span class='ocrx_word' id='word_1_240' title='bbox 697 2370 858 2400; x_wconf 69' lang='lat' dir='ltr'>occurrit.</span> 
     </span>
    </p>

    <p class='ocr_par' dir='ltr' id='par_1_7' title="bbox 264 2416 968 2813">
     <span class='ocr_line' id='line_1_44' title="bbox 308 2416 967 2458; baseline 0.009 -14"><span class='ocrx_word' id='word_1_241' title='bbox 308 2417 329 2444; x_wconf 89' lang='grc'>2</span> <span class='ocrx_word' id='word_1_242' title='bbox 352 2416 404 2445; x_wconf 73' lang='grc' dir='ltr'>Λα</span> <span class='ocrx_word' id='word_1_243' title='bbox 419 2426 466 2453; x_wconf 79' lang='lat' dir='ltr'>ea,</span> <span class='ocrx_word' id='word_1_244' title='bbox 477 2427 543 2456; x_wconf 80' lang='lat' dir='ltr'>quoe</span> <span class='ocrx_word' id='word_1_245' title='bbox 546 2418 685 2455; x_wconf 75' lang='lat' dir='ltr'>jusserat</span> <span class='ocrx_word' id='word_1_246' title='bbox 698 2418 967 2458; x_wconf 72' lang='lat' dir='ltr'>Coesur,sacienda</span> 
     </span>
     <span class='ocr_line' id='line_1_45' title="bbox 264 2467 966 2507; baseline 0.009 -13"><span class='ocrx_word' id='word_1_247' title='bbox 264 2467 481 2507; x_wconf 78' lang='lat' dir='ltr'>convenerant]</span> <span class='ocrx_word' id='word_1_248' title='bbox 529 2467 672 2497; x_wconf 72' lang='lat' dir='ltr'>Pulchra</span> <span class='ocrx_word' id='word_1_249' title='bbox 693 2469 837 2499; x_wconf 84' lang='lat' dir='ltr'>Manutii</span> <span class='ocrx_word' id='word_1_250' title='bbox 855 2480 966 2500; x_wconf 77' lang='lat' dir='ltr'>enien—</span> 
     </span>
     <span class='ocr_line' id='line_1_46' title="bbox 265 2513 966 2550; baseline 0.009 -6"><span class='ocrx_word' id='word_1_251' title='bbox 265 2513 371 2546; x_wconf 83' lang='lat' dir='ltr'>datio.</span> <span class='ocrx_word' id='word_1_252' title='bbox 407 2517 484 2546; x_wconf 59' lang='lat' dir='ltr'>Mss.</span> <span class='ocrx_word' id='word_1_253' title='bbox 494 2522 528 2547; x_wconf 88' lang='lat' dir='ltr'>ct</span> <span class='ocrx_word' id='word_1_254' title='bbox 538 2518 632 2548; x_wconf 77' lang='lat' dir='ltr'>Vett.</span> <span class='ocrx_word' id='word_1_255' title='bbox 647 2518 750 2549; x_wconf 63' lang='lat' dir='ltr'>luditt.</span> <span class='ocrx_word' id='word_1_256' title='bbox 761 2521 800 2549; x_wconf 79' lang='lat' dir='ltr'>ml</span> <span class='ocrx_word' id='word_1_257' title='bbox 813 2521 966 2550; x_wconf 67' lang='lat' dir='ltr'>Cursarem</span> 
     </span>
     <span class='ocr_line' id='line_1_47' title="bbox 264 2568 965 2609; baseline 0.009 -14"><span class='ocrx_word' id='word_1_258' title='bbox 264 2569 476 2596; x_wconf 76' lang='lat' dir='ltr'>convenerant.</span> <span class='ocrx_word' id='word_1_259' title='bbox 517 2568 659 2598; x_wconf 59' lang='lat' dir='ltr'>Graeca&lt;</span> <span class='ocrx_word' id='word_1_260' title='bbox 677 2568 824 2609; x_wconf 77' lang='lat' dir='ltr'>lutei-pr.</span> <span class='ocrx_word' id='word_1_261' title='bbox 840 2571 965 2601; x_wconf 71' lang='lat' dir='ltr'>rectius</span> 
     </span>
     <span class='ocr_line' id='line_1_48' title="bbox 265 2615 966 2662; baseline 0.009 -15"><span class='ocrx_word' id='word_1_262' title='bbox 265 2617 295 2647; x_wconf 76' lang='lat' dir='ltr'>ol</span> <span class='ocrx_word' id='word_1_263' title='bbox 307 2615 437 2656; x_wconf 74' lang='grc' dir='ltr'>πρόσθεν</span> <span class='ocrx_word' id='word_1_264' title='bbox 448 2618 488 2647; x_wconf 79' lang='grc' dir='ltr'>τὰ</span> <span class='ocrx_word' id='word_1_265' title='bbox 505 2619 560 2647; x_wconf 80' lang='grc' dir='ltr'>ὑπὸ</span> <span class='ocrx_word' id='word_1_266' title='bbox 575 2620 632 2649; x_wconf 75' lang='grc' dir='ltr'>τοῦ</span> <span class='ocrx_word' id='word_1_267' title='bbox 646 2619 797 2660; x_wconf 81' lang='grc' dir='ltr'><strong><em>Καίσαρος</em></strong></span> <span class='ocrx_word' id='word_1_268' title='bbox 809 2633 966 2662; x_wconf 88' lang='grc' dir='ltr'>προσταχ-</span> 
     </span>
     <span class='ocr_line' id='line_1_49' title="bbox 266 2666 965 2710; baseline 0.009 -13"><span class='ocrx_word' id='word_1_269' title='bbox 266 2666 420 2704; x_wconf 79' lang='grc' dir='ltr'>θησόμενά</span> <span class='ocrx_word' id='word_1_270' title='bbox 442 2676 529 2707; x_wconf 79' lang='grc' dir='ltr'><em>σφισι</em></span> <span class='ocrx_word' id='word_1_271' title='bbox 552 2668 689 2705; x_wconf 80' lang='grc' dir='ltr'><strong><em>ποιήσειν</em></strong></span> <span class='ocrx_word' id='word_1_272' title='bbox 704 2671 965 2710; x_wconf 67' lang='grc' dir='ltr'><strong>ὁμολογήσαντες.</strong></span> 
     </span>
     <span class='ocr_line' id='line_1_50' title="bbox 266 2718 967 2760; baseline 0.007 -12"><span class='ocrx_word' id='word_1_273' title='bbox 266 2719 376 2749; x_wconf 76' lang='lat' dir='ltr'>Clark.</span> <span class='ocrx_word' id='word_1_274' title='bbox 420 2718 535 2750; x_wconf 78' lang='lat' dir='ltr'>Antea</span> <span class='ocrx_word' id='word_1_275' title='bbox 551 2720 696 2760; x_wconf 69' lang='lat' dir='ltr'>vulgata’.</span> <span class='ocrx_word' id='word_1_276' title='bbox 713 2721 850 2753; x_wconf 89' lang='lat' dir='ltr'>lectioni</span> <span class='ocrx_word' id='word_1_277' title='bbox 864 2721 967 2752; x_wconf 82' lang='lat' dir='ltr'>adsti-</span> 
     </span>
     <span class='ocr_line' id='line_1_51' title="bbox 268 2770 968 2813; baseline 0.004 -13"><span class='ocrx_word' id='word_1_278' title='bbox 268 2770 428 2810; x_wconf 86' lang='lat' dir='ltr'>pulantur</span> <span class='ocrx_word' id='word_1_279' title='bbox 442 2770 593 2812; x_wconf 78' lang='lat' dir='ltr'>plerique</span> <span class='ocrx_word' id='word_1_280' title='bbox 608 2771 691 2804; x_wconf 84' lang='lat' dir='ltr'>Mss.</span> <span class='ocrx_word' id='word_1_281' title='bbox 708 2776 744 2803; x_wconf 80' lang='lat' dir='ltr'>et</span> <span class='ocrx_word' id='word_1_282' title='bbox 759 2772 830 2813; x_wconf 83' lang='lat' dir='ltr'>ipse</span> <span class='ocrx_word' id='word_1_283' title='bbox 850 2777 968 2804; x_wconf 82' lang='lat' dir='ltr'>auctor</span> 
     </span>
    </p>
   </div>
   <div class='ocr_carea' id='block_1_3' title="bbox 735 218 1260 249">
    <p class='ocr_par' dir='ltr' id='par_1_8' title="bbox 735 218 1260 249">
     <span class='ocr_line' id='line_1_52' title="bbox 735 218 1260 249; baseline 0.002 -1"><span class='ocrx_word' id='word_1_284' title='bbox 735 218 880 249; x_wconf 79' lang='lat' dir='ltr'><strong>NOTAE</strong></span> <span class='ocrx_word' id='word_1_285' title='bbox 911 218 1173 249; x_wconf 78' lang='lat' dir='ltr'>VAluoRUM</span> <span class='ocrx_word' id='word_1_286' title='bbox 1208 218 1260 249; x_wconf 75' lang='lat' dir='ltr'>IN</span> 
     </span>
    </p>
   </div>
   <div class='ocr_carea' id='block_1_4' title="bbox 1011 308 1725 2812">
    <p class='ocr_par' dir='ltr' id='par_1_9' title="bbox 1018 308 1722 700">
     <span class='ocr_line' id='line_1_53' title="bbox 1019 308 1719 353; baseline -0.004 -9"><span class='ocrx_word' id='word_1_287' title='bbox 1019 323 1048 344; x_wconf 91' lang='lat' dir='ltr'>c.</span> <span class='ocrx_word' id='word_1_288' title='bbox 1066 315 1120 344; x_wconf 83' lang='lat'><strong>28.</strong></span> <span class='ocrx_word' id='word_1_289' title='bbox 1144 313 1153 330; x_wconf 90' lang='lat'>‘</span> <span class='ocrx_word' id='word_1_290' title='bbox 1172 312 1408 353; x_wconf 82' lang='lat' dir='ltr'>principesque</span> <span class='ocrx_word' id='word_1_291' title='bbox 1424 308 1573 352; x_wconf 75' lang='lat' dir='ltr'>undique</span> <span class='ocrx_word' id='word_1_292' title='bbox 1599 319 1719 342; x_wconf 84' lang='lat' dir='ltr'>conve-</span> 
     </span>
     <span class='ocr_line' id='line_1_54' title="bbox 1019 361 1718 401; baseline 0.001 -8"><span class='ocrx_word' id='word_1_293' title='bbox 1019 373 1110 400; x_wconf 83' lang='lat' dir='ltr'>nere,</span> <span class='ocrx_word' id='word_1_294' title='bbox 1134 368 1168 394; x_wconf 89' lang='lat' dir='ltr'>et</span> <span class='ocrx_word' id='word_1_295' title='bbox 1193 373 1229 393; x_wconf 84' lang='lat' dir='ltr'>sc</span> <span class='ocrx_word' id='word_1_296' title='bbox 1255 361 1493 393; x_wconf 84' lang='lat' dir='ltr'>commendare</span> <span class='ocrx_word' id='word_1_297' title='bbox 1515 361 1718 401; x_wconf 67' lang='lat' dir='ltr'>coeperunt-l</span> 
     </span>
     <span class='ocr_line' id='line_1_55' title="bbox 1019 413 1722 451; baseline -0.003 -6"><span class='ocrx_word' id='word_1_298' title='bbox 1019 415 1167 445; x_wconf 78' lang='lat' dir='ltr'>Dubitat</span> <span class='ocrx_word' id='word_1_299' title='bbox 1193 421 1306 445; x_wconf 84' lang='lat' dir='ltr'>autem</span> <span class='ocrx_word' id='word_1_300' title='bbox 1324 415 1572 451; x_wconf 79' lang='lat' dir='ltr'>Hotomannus,</span> <span class='ocrx_word' id='word_1_301' title='bbox 1587 422 1628 443; x_wconf 87' lang='lat' dir='ltr'>an</span> <span class='ocrx_word' id='word_1_302' title='bbox 1643 413 1722 444; x_wconf 80' lang='lat' dir='ltr'>Mu-</span> 
     </span>
     <span class='ocr_line' id='line_1_56' title="bbox 1019 462 1718 503; baseline -0.001 -9"><span class='ocrx_word' id='word_1_303' title='bbox 1019 465 1132 494; x_wconf 78' lang='lat' dir='ltr'>nntius</span> <span class='ocrx_word' id='word_1_304' title='bbox 1149 474 1190 494; x_wconf 79' lang='lat' dir='ltr'>ex</span> <span class='ocrx_word' id='word_1_305' title='bbox 1208 464 1356 503; x_wconf 76' lang='lat' dir='ltr'>ingenio,</span> <span class='ocrx_word' id='word_1_306' title='bbox 1383 473 1423 493; x_wconf 86' lang='lat' dir='ltr'>an</span> <span class='ocrx_word' id='word_1_307' title='bbox 1441 472 1482 492; x_wconf 80' lang='lat' dir='ltr'>cx</span> <span class='ocrx_word' id='word_1_308' title='bbox 1500 462 1586 493; x_wconf 91' lang='lat' dir='ltr'>libro</span> <span class='ocrx_word' id='word_1_309' title='bbox 1603 466 1718 493; x_wconf 75' lang='lat' dir='ltr'>vetere</span> 
     </span>
     <span class='ocr_line' id='line_1_57' title="bbox 1018 513 1720 544; baseline 0.001 -1"><span class='ocrx_word' id='word_1_310' title='bbox 1018 514 1104 544; x_wconf 87' lang='lat' dir='ltr'>hanc</span> <span class='ocrx_word' id='word_1_311' title='bbox 1122 514 1391 544; x_wconf 70' lang='lat' dir='ltr'>emendationem</span> <span class='ocrx_word' id='word_1_312' title='bbox 1409 513 1571 544; x_wconf 76' lang='lat' dir='ltr'>hauserit.</span> <span class='ocrx_word' id='word_1_313' title='bbox 1605 513 1720 544; x_wconf 81' lang='lat' dir='ltr'>Scien-</span> 
     </span>
     <span class='ocr_line' id='line_1_58' title="bbox 1019 563 1720 604; baseline 0.003 -12"><span class='ocrx_word' id='word_1_314' title='bbox 1019 563 1097 592; x_wconf 88' lang='lat' dir='ltr'>dum</span> <span class='ocrx_word' id='word_1_315' title='bbox 1125 563 1239 602; x_wconf 79' lang='lat' dir='ltr'>igitur,</span> <span class='ocrx_word' id='word_1_316' title='bbox 1273 573 1290 593; x_wconf 89' lang='lat' dir='ltr'>e</span> <span class='ocrx_word' id='word_1_317' title='bbox 1329 565 1412 595; x_wconf 75' lang='lat' dir='ltr'>Mss.</span> <span class='ocrx_word' id='word_1_318' title='bbox 1439 574 1512 594; x_wconf 72' lang='lat' dir='ltr'>esse</span> <span class='ocrx_word' id='word_1_319' title='bbox 1540 563 1720 604; x_wconf 81' lang='lat' dir='ltr'>prolatum.</span> 
     </span>
     <span class='ocr_line' id='line_1_59' title="bbox 1020 612 1721 655; baseline 0.006 -14"><span class='ocrx_word' id='word_1_320' title='bbox 1020 612 1108 642; x_wconf 89' lang='lat' dir='ltr'>Nam</span> <span class='ocrx_word' id='word_1_321' title='bbox 1122 612 1246 642; x_wconf 85' lang='lat' dir='ltr'>habent</span> <span class='ocrx_word' id='word_1_322' title='bbox 1261 613 1309 643; x_wconf 88' lang='lat' dir='ltr'>ita</span> <span class='ocrx_word' id='word_1_323' title='bbox 1324 614 1423 644; x_wconf 84' lang='lat' dir='ltr'>iidem</span> <span class='ocrx_word' id='word_1_324' title='bbox 1438 613 1594 652; x_wconf 84' lang='lat' dir='ltr'>Codices,</span> <span class='ocrx_word' id='word_1_325' title='bbox 1610 613 1668 655; x_wconf 81' lang='lat' dir='ltr'>qui</span> <span class='ocrx_word' id='word_1_326' title='bbox 1685 617 1721 645; x_wconf 85' lang='lat' dir='ltr'>et</span> 
     </span>
     <span class='ocr_line' id='line_1_60' title="bbox 1019 661 1611 700; baseline 0.008 -11"><span class='ocrx_word' id='word_1_327' title='bbox 1019 665 1097 700; x_wconf 75' lang='lat' dir='ltr'>post</span> <span class='ocrx_word' id='word_1_328' title='bbox 1113 661 1266 700; x_wconf 78' lang='lat' dir='ltr'>proelium</span> <span class='ocrx_word' id='word_1_329' title='bbox 1282 661 1406 699; x_wconf 78' lang='lat' dir='ltr'>factum</span> <span class='ocrx_word' id='word_1_330' title='bbox 1423 669 1611 695; x_wconf 81' lang='lat' dir='ltr'>servarunt.</span> 
     </span>
    </p>

    <p class='ocr_par' dir='ltr' id='par_1_10' title="bbox 1011 711 1725 1700">
     <span class='ocr_line' id='line_1_61' title="bbox 1061 711 1720 754; baseline 0.006 -13"><span class='ocrx_word' id='word_1_331' title='bbox 1061 713 1079 741; x_wconf 92' lang='grc'><strong>7</strong></span> <span class='ocrx_word' id='word_1_332' title='bbox 1107 711 1380 751; x_wconf 79' lang='lat' dir='ltr'>Optimumsuclu]</span> <span class='ocrx_word' id='word_1_333' title='bbox 1395 713 1550 744; x_wconf 84' lang='lat' dir='ltr'>Vossian.</span> <span class='ocrx_word' id='word_1_334' title='bbox 1563 723 1613 754; x_wconf 89' lang='lat' dir='ltr'>pr.</span> <span class='ocrx_word' id='word_1_335' title='bbox 1624 714 1720 745; x_wconf 87' lang='lat' dir='ltr'>Lcid.</span> 
     </span>
     <span class='ocr_line' id='line_1_62' title="bbox 1019 762 1720 800; baseline 0.006 -10"><span class='ocrx_word' id='word_1_336' title='bbox 1019 770 1069 800; x_wconf 88' lang='lat' dir='ltr'>pr.</span> <span class='ocrx_word' id='word_1_337' title='bbox 1086 762 1197 792; x_wconf 84' lang='lat' dir='ltr'>Oxon.</span> <span class='ocrx_word' id='word_1_338' title='bbox 1224 766 1261 792; x_wconf 90' lang='lat' dir='ltr'>ut</span> <span class='ocrx_word' id='word_1_339' title='bbox 1285 767 1319 792; x_wconf 90' lang='lat' dir='ltr'>et</span> <span class='ocrx_word' id='word_1_340' title='bbox 1343 763 1439 793; x_wconf 77' lang='lat' dir='ltr'>Voss.</span> <span class='ocrx_word' id='word_1_341' title='bbox 1466 772 1532 794; x_wconf 86' lang='lat' dir='ltr'>sec.</span> <span class='ocrx_word' id='word_1_342' title='bbox 1555 772 1595 793; x_wconf 80' lang='lat' dir='ltr'>ac</span> <span class='ocrx_word' id='word_1_343' title='bbox 1623 764 1720 795; x_wconf 84' lang='lat' dir='ltr'>Leid.</span> 
     </span>
     <span class='ocr_line' id='line_1_63' title="bbox 1020 810 1721 852; baseline 0.004 -12"><span class='ocrx_word' id='word_1_344' title='bbox 1020 814 1100 841; x_wconf 82' lang='lat' dir='ltr'>tert.</span> <span class='ocrx_word' id='word_1_345' title='bbox 1157 810 1244 841; x_wconf 80' lang='lat' dir='ltr'>Item</span> <span class='ocrx_word' id='word_1_346' title='bbox 1260 816 1329 842; x_wconf 79' lang='lat' dir='ltr'>tres</span> <span class='ocrx_word' id='word_1_347' title='bbox 1346 811 1479 842; x_wconf 76' lang='lat' dir='ltr'>Duker.</span> <span class='ocrx_word' id='word_1_348' title='bbox 1496 812 1640 851; x_wconf 74' lang='lat' dir='ltr'>scilieet,</span> <span class='ocrx_word' id='word_1_349' title='bbox 1654 812 1721 852; x_wconf 84' lang='lat' dir='ltr'>Eg-</span> 
     </span>
     <span class='ocr_line' id='line_1_64' title="bbox 1019 861 1721 902; baseline 0.001 -11"><span class='ocrx_word' id='word_1_350' title='bbox 1019 861 1134 892; x_wconf 86' lang='lat' dir='ltr'>mund.</span> <span class='ocrx_word' id='word_1_351' title='bbox 1148 865 1184 891; x_wconf 86' lang='lat' dir='ltr'>et</span> <span class='ocrx_word' id='word_1_352' title='bbox 1200 861 1359 901; x_wconf 89' lang='lat' dir='ltr'>Gottorp.</span> <span class='ocrx_word' id='word_1_353' title='bbox 1385 871 1404 891; x_wconf 90' lang='lat' dir='ltr'>a</span> <span class='ocrx_word' id='word_1_354' title='bbox 1426 871 1524 892; x_wconf 88' lang='lat' dir='ltr'>manu</span> <span class='ocrx_word' id='word_1_355' title='bbox 1543 861 1662 902; x_wconf 82' lang='lat' dir='ltr'>prima,</span> <span class='ocrx_word' id='word_1_356' title='bbox 1684 866 1721 893; x_wconf 88' lang='lat' dir='ltr'>et</span> 
     </span>
     <span class='ocr_line' id='line_1_65' title="bbox 1020 909 1723 950; baseline 0.004 -10"><span class='ocrx_word' id='word_1_357' title='bbox 1020 909 1083 940; x_wconf 88' lang='lat' dir='ltr'>Ed.</span> <span class='ocrx_word' id='word_1_358' title='bbox 1104 910 1240 941; x_wconf 86' lang='lat' dir='ltr'>Incerta</span> <span class='ocrx_word' id='word_1_359' title='bbox 1254 911 1418 942; x_wconf 81' lang='lat' dir='ltr'>exhibent</span> <span class='ocrx_word' id='word_1_360' title='bbox 1429 911 1723 950; x_wconf 77' lang='lat' dir='ltr'>optimumsactum.</span> 
     </span>
     <span class='ocr_line' id='line_1_66' title="bbox 1020 960 1720 1003; baseline 0.001 -11"><span class='ocrx_word' id='word_1_361' title='bbox 1020 960 1197 992; x_wconf 83' lang='lat' dir='ltr'>Quomodo</span> <span class='ocrx_word' id='word_1_362' title='bbox 1232 962 1329 992; x_wconf 89' lang='lat' dir='ltr'>multi</span> <span class='ocrx_word' id='word_1_363' title='bbox 1365 962 1429 993; x_wconf 87' lang='lat' dir='ltr'>viri</span> <span class='ocrx_word' id='word_1_364' title='bbox 1467 962 1559 993; x_wconf 82' lang='lat' dir='ltr'>docti</span> <span class='ocrx_word' id='word_1_365' title='bbox 1595 962 1720 1003; x_wconf 83' lang='lat' dir='ltr'>passim</span> 
     </span>
     <span class='ocr_line' id='line_1_67' title="bbox 1019 1010 1722 1044; baseline 0.004 -4"><span class='ocrx_word' id='word_1_366' title='bbox 1019 1010 1169 1041; x_wconf 83' lang='lat' dir='ltr'>scribere</span> <span class='ocrx_word' id='word_1_367' title='bbox 1195 1016 1320 1042; x_wconf 88' lang='lat' dir='ltr'>amant.</span> <span class='ocrx_word' id='word_1_368' title='bbox 1385 1012 1473 1043; x_wconf 80' lang='lat' dir='ltr'>Vide</span> <span class='ocrx_word' id='word_1_369' title='bbox 1509 1012 1662 1043; x_wconf 89' lang='lat' dir='ltr'>Colvium</span> <span class='ocrx_word' id='word_1_370' title='bbox 1686 1017 1722 1044; x_wconf 84' lang='lat' dir='ltr'>et</span> 
     </span>
     <span class='ocr_line' id='line_1_68' title="bbox 1020 1060 1722 1102; baseline 0.004 -12"><span class='ocrx_word' id='word_1_371' title='bbox 1020 1060 1186 1091; x_wconf 78' lang='lat' dir='ltr'>Pricaeum</span> <span class='ocrx_word' id='word_1_372' title='bbox 1214 1061 1256 1092; x_wconf 90' lang='lat' dir='ltr'>ad</span> <span class='ocrx_word' id='word_1_373' title='bbox 1281 1061 1418 1102; x_wconf 77' lang='lat' dir='ltr'>Apulei.</span> <span class='ocrx_word' id='word_1_374' title='bbox 1444 1062 1464 1092; x_wconf 91' lang='lat' dir='ltr'><strong>l.</strong></span> <span class='ocrx_word' id='word_1_375' title='bbox 1491 1071 1516 1093; x_wconf 90' lang='lat'><strong>1.</strong></span> <span class='ocrx_word' id='word_1_376' title='bbox 1543 1072 1578 1102; x_wconf 88' lang='lat' dir='ltr'><strong>p.</strong></span> <span class='ocrx_word' id='word_1_377' title='bbox 1596 1065 1626 1093; x_wconf 81' lang='lat'><strong>8.</strong></span> <span class='ocrx_word' id='word_1_378' title='bbox 1656 1062 1722 1094; x_wconf 85' lang='lat' dir='ltr'>Ed.</span> 
     </span>
     <span class='ocr_line' id='line_1_69' title="bbox 1021 1111 1724 1154; baseline 0.003 -13"><span class='ocrx_word' id='word_1_379' title='bbox 1021 1111 1115 1142; x_wconf 83' lang='lat' dir='ltr'><strong>Colv.</strong></span> <span class='ocrx_word' id='word_1_380' title='bbox 1139 1113 1148 1128; x_wconf 89' lang='lat'>‘</span> <span class='ocrx_word' id='word_1_381' title='bbox 1168 1112 1349 1152; x_wconf 86' lang='lat' dir='ltr'>Optimum</span> <span class='ocrx_word' id='word_1_382' title='bbox 1374 1113 1490 1154; x_wconf 85' lang='lat' dir='ltr'>itaque</span> <span class='ocrx_word' id='word_1_383' title='bbox 1520 1111 1650 1143; x_wconf 82' lang='lat' dir='ltr'>factum</span> <span class='ocrx_word' id='word_1_384' title='bbox 1676 1113 1724 1143; x_wconf 88' lang='lat' dir='ltr'>vi·</span> 
     </span>
     <span class='ocr_line' id='line_1_70' title="bbox 1020 1161 1724 1203; baseline 0.004 -12"><span class='ocrx_word' id='word_1_385' title='bbox 1020 1171 1091 1192; x_wconf 88' lang='lat' dir='ltr'>sum</span> <span class='ocrx_word' id='word_1_386' title='bbox 1118 1161 1193 1192; x_wconf 89' lang='lat' dir='ltr'>est.&#39;</span> <span class='ocrx_word' id='word_1_387' title='bbox 1253 1163 1343 1193; x_wconf 71' lang='lat' dir='ltr'>Mss.</span> <span class='ocrx_word' id='word_1_388' title='bbox 1367 1168 1481 1194; x_wconf 84' lang='lat' dir='ltr'>tamen</span> <span class='ocrx_word' id='word_1_389' title='bbox 1506 1163 1661 1203; x_wconf 74' lang='lat' dir='ltr'>plerique</span> <span class='ocrx_word' id='word_1_390' title='bbox 1686 1167 1724 1194; x_wconf 83' lang='lat' dir='ltr'>et</span> 
     </span>
     <span class='ocr_line' id='line_1_71' title="bbox 1022 1211 1722 1249; baseline 0.003 -7"><span class='ocrx_word' id='word_1_391' title='bbox 1022 1211 1108 1242; x_wconf 81' lang='lat' dir='ltr'>Edd.</span> <span class='ocrx_word' id='word_1_392' title='bbox 1126 1213 1219 1243; x_wconf 83' lang='lat' dir='ltr'>Vett.</span> <span class='ocrx_word' id='word_1_393' title='bbox 1236 1212 1340 1249; x_wconf 81' lang='lat' dir='ltr'>factu.</span> <span class='ocrx_word' id='word_1_394' title='bbox 1396 1213 1483 1244; x_wconf 84' lang='lat' dir='ltr'>Item</span> <span class='ocrx_word' id='word_1_395' title='bbox 1501 1213 1670 1243; x_wconf 82' lang='lat' dir='ltr'>Wassium</span> <span class='ocrx_word' id='word_1_396' title='bbox 1685 1217 1722 1244; x_wconf 84' lang='lat' dir='ltr'>et</span> 
     </span>
     <span class='ocr_line' id='line_1_72' title="bbox 1022 1263 1722 1296; baseline 0.004 -3"><span class='ocrx_word' id='word_1_397' title='bbox 1022 1263 1174 1294; x_wconf 87' lang='lat' dir='ltr'>Cortium</span> <span class='ocrx_word' id='word_1_398' title='bbox 1199 1264 1241 1294; x_wconf 89' lang='lat' dir='ltr'>ad</span> <span class='ocrx_word' id='word_1_399' title='bbox 1254 1265 1390 1295; x_wconf 80' lang='lat' dir='ltr'>Sallust.</span> <span class='ocrx_word' id='word_1_400' title='bbox 1408 1265 1448 1294; x_wconf 89' lang='lat' dir='ltr'><strong>B.</strong></span> <span class='ocrx_word' id='word_1_401' title='bbox 1466 1265 1542 1296; x_wconf 82' lang='lat' dir='ltr'>Cat.</span> <span class='ocrx_word' id='word_1_402' title='bbox 1570 1275 1600 1295; x_wconf 92' lang='lat' dir='ltr'>c.</span> <span class='ocrx_word' id='word_1_403' title='bbox 1618 1266 1722 1296; x_wconf 53' lang='lat' dir='ltr'>lauet</span> 
     </span>
     <span class='ocr_line' id='line_1_73' title="bbox 1021 1314 1724 1355; baseline 0.004 -12"><span class='ocrx_word' id='word_1_404' title='bbox 1021 1315 1074 1344; x_wconf 82' lang='lat'><strong>32.</strong></span> <span class='ocrx_word' id='word_1_405' title='bbox 1092 1315 1100 1330; x_wconf 92' lang='lat'>‘</span> <span class='ocrx_word' id='word_1_406' title='bbox 1118 1314 1297 1353; x_wconf 85' lang='lat' dir='ltr'>Optimum</span> <span class='ocrx_word' id='word_1_407' title='bbox 1313 1314 1439 1345; x_wconf 76' lang='lat' dir='ltr'>t&#39;actnm</span> <span class='ocrx_word' id='word_1_408' title='bbox 1456 1315 1612 1355; x_wconf 87' lang='lat' dir='ltr'>credens,</span> <span class='ocrx_word' id='word_1_409' title='bbox 1627 1324 1724 1346; x_wconf 76' lang='lat' dir='ltr'>exer-</span> 
     </span>
     <span class='ocr_line' id='line_1_74' title="bbox 1022 1363 1722 1404; baseline 0.007 -12"><span class='ocrx_word' id='word_1_410' title='bbox 1022 1363 1124 1392; x_wconf 84' lang='lat' dir='ltr'>citum</span> <span class='ocrx_word' id='word_1_411' title='bbox 1142 1364 1288 1402; x_wconf 60' lang='lat' dir='ltr'>augere)</span> <span class='ocrx_word' id='word_1_412' title='bbox 1332 1364 1440 1404; x_wconf 86' lang='lat' dir='ltr'>Supra</span> <span class='ocrx_word' id='word_1_413' title='bbox 1456 1374 1480 1394; x_wconf 84' lang='lat'><strong>1.</strong></span> <span class='ocrx_word' id='word_1_414' title='bbox 1497 1367 1527 1395; x_wconf 82' lang='lat'><strong>3.</strong></span> <span class='ocrx_word' id='word_1_415' title='bbox 1545 1370 1581 1395; x_wconf 86' lang='lat' dir='ltr'>et</span> <span class='ocrx_word' id='word_1_416' title='bbox 1593 1374 1657 1396; x_wconf 74' lang='lat' dir='ltr'>vu·</span> <span class='ocrx_word' id='word_1_417' title='bbox 1669 1368 1722 1397; x_wconf 76' lang='lat'><strong>64.</strong></span> 
     </span>
     <span class='ocr_line' id='line_1_75' title="bbox 1019 1412 1723 1453; baseline 0.004 -10"><span class='ocrx_word' id='word_1_418' title='bbox 1019 1413 1028 1428; x_wconf 82' lang='lat'><strong><em>⁴</em></strong></span> <span class='ocrx_word' id='word_1_419' title='bbox 1052 1412 1213 1452; x_wconf 80' lang='lat' dir='ltr'>perfacile</span> <span class='ocrx_word' id='word_1_420' title='bbox 1242 1412 1336 1444; x_wconf 85' lang='lat' dir='ltr'>factu</span> <span class='ocrx_word' id='word_1_421' title='bbox 1367 1414 1465 1453; x_wconf 78' lang='lat' dir='ltr'>esse‚’</span> <span class='ocrx_word' id='word_1_422' title='bbox 1499 1414 1533 1444; x_wconf 89' lang='lat' dir='ltr'>in</span> <span class='ocrx_word' id='word_1_423' title='bbox 1564 1415 1638 1445; x_wconf 80' lang='lat' dir='ltr'>aliis</span> <span class='ocrx_word' id='word_1_424' title='bbox 1668 1420 1723 1446; x_wconf 81' lang='lat' dir='ltr'>est</span> 
     </span>
     <span class='ocr_line' id='line_1_76' title="bbox 1011 1463 1722 1503; baseline 0.006 -10"><span class='ocrx_word' id='word_1_425' title='bbox 1011 1463 1123 1500; x_wconf 56' lang='lat' dir='ltr'>factm·</span> <span class='ocrx_word' id='word_1_426' title='bbox 1160 1465 1193 1494; x_wconf 90' lang='lat' dir='ltr'>in</span> <span class='ocrx_word' id='word_1_427' title='bbox 1221 1465 1297 1495; x_wconf 88' lang='lat' dir='ltr'>aliis</span> <span class='ocrx_word' id='word_1_428' title='bbox 1320 1465 1464 1503; x_wconf 76' lang='lat' dir='ltr'>suctum:</span> <span class='ocrx_word' id='word_1_429' title='bbox 1500 1469 1536 1496; x_wconf 87' lang='lat' dir='ltr'>et</span> <span class='ocrx_word' id='word_1_430' title='bbox 1564 1466 1655 1497; x_wconf 80' lang='lat' dir='ltr'>Hirt.</span> <span class='ocrx_word' id='word_1_431' title='bbox 1679 1466 1722 1497; x_wconf 89' lang='lat' dir='ltr'><strong>B.</strong></span> 
     </span>
     <span class='ocr_line' id='line_1_77' title="bbox 1021 1513 1725 1547; baseline 0.004 -4"><span class='ocrx_word' id='word_1_432' title='bbox 1021 1513 1121 1544; x_wconf 84' lang='lat' dir='ltr'><strong>Alex.</strong></span> <span class='ocrx_word' id='word_1_433' title='bbox 1139 1523 1169 1544; x_wconf 92' lang='lat' dir='ltr'>c.</span> <span class='ocrx_word' id='word_1_434' title='bbox 1187 1517 1239 1546; x_wconf 82' lang='lat'><strong>30.</strong></span> <span class='ocrx_word' id='word_1_435' title='bbox 1254 1520 1289 1546; x_wconf 85' lang='lat' dir='ltr'>et</span> <span class='ocrx_word' id='word_1_436' title='bbox 1306 1525 1336 1546; x_wconf 91' lang='lat' dir='ltr'>c.</span> <span class='ocrx_word' id='word_1_437' title='bbox 1351 1518 1403 1547; x_wconf 76' lang='lat'><strong>42.</strong></span> <span class='ocrx_word' id='word_1_438' title='bbox 1425 1517 1435 1531; x_wconf 87' lang='lat'>‘</span> <span class='ocrx_word' id='word_1_439' title='bbox 1452 1515 1590 1547; x_wconf 85' lang='lat' dir='ltr'>difficile</span> <span class='ocrx_word' id='word_1_440' title='bbox 1605 1513 1725 1546; x_wconf 83' lang='lat' dir='ltr'>factu.¹</span> 
     </span>
     <span class='ocr_line' id='line_1_78' title="bbox 1020 1563 1720 1602; baseline 0.006 -8"><span class='ocrx_word' id='word_1_441' title='bbox 1020 1563 1062 1594; x_wconf 92' lang='lat' dir='ltr'>In</span> <span class='ocrx_word' id='word_1_442' title='bbox 1078 1565 1247 1595; x_wconf 84' lang='lat' dir='ltr'>nonnullis</span> <span class='ocrx_word' id='word_1_443' title='bbox 1256 1565 1391 1602; x_wconf 78' lang='lat' dir='ltr'>factum.</span> <span class='ocrx_word' id='word_1_444' title='bbox 1437 1567 1478 1597; x_wconf 90' lang='lat' dir='ltr'><strong>B.</strong></span> <span class='ocrx_word' id='word_1_445' title='bbox 1495 1565 1602 1597; x_wconf 82' lang='lat' dir='ltr'>Afric.</span> <span class='ocrx_word' id='word_1_446' title='bbox 1620 1576 1650 1598; x_wconf 88' lang='lat' dir='ltr'>c.</span> <span class='ocrx_word' id='word_1_447' title='bbox 1666 1569 1720 1598; x_wconf 75' lang='lat'><strong>48.</strong></span> 
     </span>
     <span class='ocr_line' id='line_1_79' title="bbox 1020 1613 1722 1658; baseline 0.006 -14"><span class='ocrx_word' id='word_1_448' title='bbox 1020 1614 1029 1632; x_wconf 87' lang='lat'>‘</span> <span class='ocrx_word' id='word_1_449' title='bbox 1048 1613 1148 1645; x_wconf 87' lang='lat' dir='ltr'>facile</span> <span class='ocrx_word' id='word_1_450' title='bbox 1176 1615 1399 1647; x_wconf 83' lang='lat' dir='ltr'>intellectum’</span> <span class='ocrx_word' id='word_1_451' title='bbox 1430 1617 1515 1647; x_wconf 82' lang='lat' dir='ltr'>Mss.</span> <span class='ocrx_word' id='word_1_452' title='bbox 1543 1617 1722 1658; x_wconf 78' lang='lat' dir='ltr'>plerique;</span> 
     </span>
     <span class='ocr_line' id='line_1_80' title="bbox 1020 1665 1709 1700; baseline 0.007 -6"><span class='ocrx_word' id='word_1_453' title='bbox 1020 1665 1079 1695; x_wconf 90' lang='lat' dir='ltr'>sed</span> <span class='ocrx_word' id='word_1_454' title='bbox 1097 1665 1142 1695; x_wconf 89' lang='lat' dir='ltr'>ibi</span> <span class='ocrx_word' id='word_1_455' title='bbox 1160 1665 1260 1696; x_wconf 89' lang='lat' dir='ltr'>alium</span> <span class='ocrx_word' id='word_1_456' title='bbox 1277 1676 1409 1697; x_wconf 84' lang='lat' dir='ltr'>sensum</span> <span class='ocrx_word' id='word_1_457' title='bbox 1428 1667 1530 1698; x_wconf 84' lang='lat' dir='ltr'>etiam</span> <span class='ocrx_word' id='word_1_458' title='bbox 1546 1667 1709 1700; x_wconf 83' lang='lat' dir='ltr'>admittit.</span> 
     </span>
    </p>

    <p class='ocr_par' dir='ltr' id='par_1_11' title="bbox 1019 1715 1723 2448">
     <span class='ocr_line' id='line_1_81' title="bbox 1062 1715 1723 1756; baseline 0.008 -12"><span class='ocrx_word' id='word_1_459' title='bbox 1062 1716 1083 1744; x_wconf 85' lang='grc'><strong>9</strong></span> <span class='ocrx_word' id='word_1_460' title='bbox 1108 1715 1225 1746; x_wconf 68' lang='lat' dir='ltr'>Reditu</span> <span class='ocrx_word' id='word_1_461' title='bbox 1250 1716 1438 1756; x_wconf 76' lang='lat' dir='ltr'>interclusis]</span> <span class='ocrx_word' id='word_1_462' title='bbox 1482 1717 1555 1748; x_wconf 91' lang='lat' dir='ltr'>Imo</span> <span class='ocrx_word' id='word_1_463' title='bbox 1569 1718 1657 1749; x_wconf 74' lang='lat' dir='ltr'>aditu</span> <span class='ocrx_word' id='word_1_464' title='bbox 1673 1718 1723 1749; x_wconf 87' lang='lat' dir='ltr'>in-</span> 
     </span>
     <span class='ocr_line' id='line_1_82' title="bbox 1020 1763 1722 1808; baseline 0.007 -15"><span class='ocrx_word' id='word_1_465' title='bbox 1020 1763 1094 1804; x_wconf 89' lang='lat' dir='ltr'>quit</span> <span class='ocrx_word' id='word_1_466' title='bbox 1120 1764 1365 1796; x_wconf 82' lang='lat' dir='ltr'>Hotomaunus.</span> <span class='ocrx_word' id='word_1_467' title='bbox 1422 1766 1520 1798; x_wconf 83' lang='lat' dir='ltr'>Quod</span> <span class='ocrx_word' id='word_1_468' title='bbox 1544 1777 1722 1808; x_wconf 84' lang='lat' dir='ltr'>perperam</span> 
     </span>
     <span class='ocr_line' id='line_1_83' title="bbox 1020 1813 1722 1856; baseline 0.011 -15"><span class='ocrx_word' id='word_1_469' title='bbox 1020 1813 1148 1842; x_wconf 89' lang='lat' dir='ltr'>dictum</span> <span class='ocrx_word' id='word_1_470' title='bbox 1164 1825 1172 1843; x_wconf 87' lang='lat'>:</span> <span class='ocrx_word' id='word_1_471' title='bbox 1207 1823 1282 1844; x_wconf 89' lang='lat' dir='ltr'>nam</span> <span class='ocrx_word' id='word_1_472' title='bbox 1300 1815 1412 1845; x_wconf 84' lang='lat' dir='ltr'>Caesar</span> <span class='ocrx_word' id='word_1_473' title='bbox 1429 1816 1475 1846; x_wconf 89' lang='lat' dir='ltr'>ait</span> <span class='ocrx_word' id='word_1_474' title='bbox 1494 1822 1629 1856; x_wconf 84' lang='lat' dir='ltr'>putasse</span> <span class='ocrx_word' id='word_1_475' title='bbox 1647 1818 1722 1848; x_wconf 83' lang='lat' dir='ltr'>Bri-</span> 
     </span>
     <span class='ocr_line' id='line_1_84' title="bbox 1021 1863 1722 1901; baseline 0.009 -9"><span class='ocrx_word' id='word_1_476' title='bbox 1021 1866 1152 1901; x_wconf 87' lang='lat' dir='ltr'>tannos,</span> <span class='ocrx_word' id='word_1_477' title='bbox 1172 1863 1198 1892; x_wconf 75' lang='lat' dir='ltr'>si</span> <span class='ocrx_word' id='word_1_478' title='bbox 1222 1863 1391 1894; x_wconf 78' lang='lat' dir='ltr'>Caesarem</span> <span class='ocrx_word' id='word_1_479' title='bbox 1416 1875 1492 1896; x_wconf 91' lang='lat' dir='ltr'>cum</span> <span class='ocrx_word' id='word_1_480' title='bbox 1516 1866 1583 1896; x_wconf 84' lang='lat' dir='ltr'>suis</span> <span class='ocrx_word' id='word_1_481' title='bbox 1607 1867 1722 1898; x_wconf 83' lang='lat' dir='ltr'>delere</span> 
     </span>
     <span class='ocr_line' id='line_1_85' title="bbox 1020 1913 1723 1952; baseline 0.009 -10"><span class='ocrx_word' id='word_1_482' title='bbox 1020 1913 1220 1952; x_wconf 78' lang='lat' dir='ltr'>potuissent,</span> <span class='ocrx_word' id='word_1_483' title='bbox 1236 1920 1294 1944; x_wconf 81' lang='lat' dir='ltr'>aut</span> <span class='ocrx_word' id='word_1_484' title='bbox 1311 1914 1424 1945; x_wconf 69' lang='lat' dir='ltr'>reditu</span> <span class='ocrx_word' id='word_1_485' title='bbox 1450 1915 1482 1945; x_wconf 90' lang='lat' dir='ltr'>iu</span> <span class='ocrx_word' id='word_1_486' title='bbox 1506 1916 1652 1948; x_wconf 83' lang='lat' dir='ltr'>Galliam</span> <span class='ocrx_word' id='word_1_487' title='bbox 1675 1917 1723 1948; x_wconf 84' lang='lat' dir='ltr'>iu-</span> 
     </span>
     <span class='ocr_line' id='line_1_86' title="bbox 1021 1962 1720 2004; baseline 0.009 -12"><span class='ocrx_word' id='word_1_488' title='bbox 1021 1962 1226 2000; x_wconf 87' lang='lat' dir='ltr'>tercludere‚</span> <span class='ocrx_word' id='word_1_489' title='bbox 1252 1965 1359 1995; x_wconf 89' lang='lat' dir='ltr'>nullos</span> <span class='ocrx_word' id='word_1_490' title='bbox 1386 1965 1528 2004; x_wconf 84' lang='lat' dir='ltr'>posthac</span> <span class='ocrx_word' id='word_1_491' title='bbox 1554 1966 1720 1998; x_wconf 84' lang='lat' dir='ltr'>Romanos</span> 
     </span>
     <span class='ocr_line' id='line_1_87' title="bbox 1020 2012 1720 2056; baseline 0.009 -14"><span class='ocrx_word' id='word_1_492' title='bbox 1020 2012 1053 2042; x_wconf 89' lang='lat' dir='ltr'>in</span> <span class='ocrx_word' id='word_1_493' title='bbox 1070 2013 1214 2044; x_wconf 87' lang='lat' dir='ltr'>insulam</span> <span class='ocrx_word' id='word_1_494' title='bbox 1233 2015 1478 2054; x_wconf 78' lang='lat' dir='ltr'>transjecturos</span> <span class='ocrx_word' id='word_1_495' title='bbox 1495 2014 1610 2056; x_wconf 82' lang='lat' dir='ltr'>fuisse,</span> <span class='ocrx_word' id='word_1_496' title='bbox 1626 2021 1720 2048; x_wconf 79' lang='lat' dir='ltr'>metu</span> 
     </span>
     <span class='ocr_line' id='line_1_88' title="bbox 1021 2065 1719 2104; baseline 0.006 -11"><span class='ocrx_word' id='word_1_497' title='bbox 1021 2073 1135 2093; x_wconf 88' lang='lat' dir='ltr'>eorum</span> <span class='ocrx_word' id='word_1_498' title='bbox 1153 2074 1227 2104; x_wconf 81' lang='lat' dir='ltr'>quae</span> <span class='ocrx_word' id='word_1_499' title='bbox 1247 2065 1370 2095; x_wconf 78' lang='lat' dir='ltr'>Caesari</span> <span class='ocrx_word' id='word_1_500' title='bbox 1387 2065 1600 2096; x_wconf 83' lang='lat' dir='ltr'>accidissent.</span> <span class='ocrx_word' id='word_1_501' title='bbox 1631 2067 1719 2098; x_wconf 78' lang='lat' dir='ltr'>Haec</span> 
     </span>
     <span class='ocr_line' id='line_1_89' title="bbox 1019 2114 1719 2153; baseline 0.003 -9"><span class='ocrx_word' id='word_1_502' title='bbox 1019 2114 1232 2153; x_wconf 76' lang='lat' dir='ltr'>scripseram,</span> <span class='ocrx_word' id='word_1_503' title='bbox 1245 2125 1320 2144; x_wconf 91' lang='lat' dir='ltr'>cum</span> <span class='ocrx_word' id='word_1_504' title='bbox 1336 2114 1425 2145; x_wconf 77' lang='lat' dir='ltr'>forte</span> <span class='ocrx_word' id='word_1_505' title='bbox 1441 2114 1545 2145; x_wconf 89' lang='lat' dir='ltr'>incidi</span> <span class='ocrx_word' id='word_1_506' title='bbox 1559 2115 1591 2145; x_wconf 94' lang='lat' dir='ltr'>in</span> <span class='ocrx_word' id='word_1_507' title='bbox 1608 2115 1719 2147; x_wconf 83' lang='lat' dir='ltr'>locum</span> 
     </span>
     <span class='ocr_line' id='line_1_90' title="bbox 1021 2164 1719 2204; baseline 0.004 -10"><span class='ocrx_word' id='word_1_508' title='bbox 1021 2164 1162 2195; x_wconf 83' lang='lat' dir='ltr'>Roberti</span> <span class='ocrx_word' id='word_1_509' title='bbox 1191 2164 1287 2204; x_wconf 83' lang='lat' dir='ltr'>Titii,</span> <span class='ocrx_word' id='word_1_510' title='bbox 1315 2164 1370 2195; x_wconf 88' lang='lat' dir='ltr'>ubi</span> <span class='ocrx_word' id='word_1_511' title='bbox 1397 2165 1483 2195; x_wconf 83' lang='lat' dir='ltr'>hane</span> <span class='ocrx_word' id='word_1_512' title='bbox 1511 2164 1719 2197; x_wconf 85' lang='lat' dir='ltr'>Hotomanni</span> 
     </span>
     <span class='ocr_line' id='line_1_91' title="bbox 1020 2214 1721 2256; baseline 0.001 -11"><span class='ocrx_word' id='word_1_513' title='bbox 1020 2215 1221 2246; x_wconf 83' lang='lat' dir='ltr'>sententiam</span> <span class='ocrx_word' id='word_1_514' title='bbox 1245 2215 1394 2252; x_wconf 84' lang='lat' dir='ltr'>damnat,</span> <span class='ocrx_word' id='word_1_515' title='bbox 1429 2219 1465 2245; x_wconf 87' lang='lat' dir='ltr'>et</span> <span class='ocrx_word' id='word_1_516' title='bbox 1497 2214 1617 2246; x_wconf 81' lang='lat' dir='ltr'>merito</span> <span class='ocrx_word' id='word_1_517' title='bbox 1651 2214 1721 2256; x_wconf 87' lang='lat' dir='ltr'>qui-</span> 
     </span>
     <span class='ocr_line' id='line_1_92' title="bbox 1020 2264 1719 2306; baseline 0.003 -12"><span class='ocrx_word' id='word_1_518' title='bbox 1020 2264 1186 2303; x_wconf 75' lang='lat' dir='ltr'>deui‚‘sed</span> <span class='ocrx_word' id='word_1_519' title='bbox 1210 2269 1302 2296; x_wconf 80' lang='lat' dir='ltr'>tauta</span> <span class='ocrx_word' id='word_1_520' title='bbox 1317 2265 1539 2304; x_wconf 82' lang='lat' dir='ltr'>malignitate,</span> <span class='ocrx_word' id='word_1_521' title='bbox 1554 2269 1602 2304; x_wconf 80' lang='lat' dir='ltr'>ut,</span> <span class='ocrx_word' id='word_1_522' title='bbox 1619 2273 1719 2306; x_wconf 88' lang='lat' dir='ltr'>quan-</span> 
     </span>
     <span class='ocr_line' id='line_1_93' title="bbox 1020 2314 1718 2352; baseline 0.003 -8"><span class='ocrx_word' id='word_1_523' title='bbox 1020 2319 1090 2345; x_wconf 88' lang='lat' dir='ltr'>tum</span> <span class='ocrx_word' id='word_1_524' title='bbox 1109 2314 1193 2344; x_wconf 88' lang='lat' dir='ltr'>bona</span> <span class='ocrx_word' id='word_1_525' title='bbox 1208 2315 1442 2346; x_wconf 76' lang='lat' dir='ltr'>observatione</span> <span class='ocrx_word' id='word_1_526' title='bbox 1455 2314 1573 2352; x_wconf 81' lang='lat' dir='ltr'>laudis,</span> <span class='ocrx_word' id='word_1_527' title='bbox 1587 2320 1718 2346; x_wconf 72' lang='lat' dir='ltr'>tantum</span> 
     </span>
     <span class='ocr_line' id='line_1_94' title="bbox 1019 2366 1718 2407; baseline 0.003 -12"><span class='ocrx_word' id='word_1_528' title='bbox 1019 2366 1222 2406; x_wconf 88' lang='lat' dir='ltr'>impotentia</span> <span class='ocrx_word' id='word_1_529' title='bbox 1238 2367 1339 2397; x_wconf 84' lang='lat' dir='ltr'>animi</span> <span class='ocrx_word' id='word_1_530' title='bbox 1362 2366 1632 2407; x_wconf 86' lang='lat' dir='ltr'>reprehensionis</span> <span class='ocrx_word' id='word_1_531' title='bbox 1648 2376 1718 2398; x_wconf 83' lang='lat' dir='ltr'>me-</span> 
     </span>
     <span class='ocr_line' id='line_1_95' title="bbox 1019 2415 1358 2448; baseline 0.003 -3"><span class='ocrx_word' id='word_1_532' title='bbox 1019 2415 1103 2445; x_wconf 75' lang='lat' dir='ltr'>ritus</span> <span class='ocrx_word' id='word_1_533' title='bbox 1119 2416 1174 2447; x_wconf 79' lang='lat' dir='ltr'>sit.</span> <span class='ocrx_word' id='word_1_534' title='bbox 1225 2417 1358 2448; x_wconf 70' lang='lat' dir='ltr'>Vossius.</span> 
     </span>
    </p>

    <p class='ocr_par' dir='ltr' id='par_1_12' title="bbox 1016 2467 1718 2812">
     <span class='ocr_line' id='line_1_96' title="bbox 1062 2467 1718 2508; baseline -0.003 -10"><span class='ocrx_word' id='word_1_535' title='bbox 1062 2476 1164 2498; x_wconf 76' lang='lat' dir='ltr'>xxxi.</span> <span class='ocrx_word' id='word_1_536' title='bbox 1187 2471 1207 2498; x_wconf 76' lang='lat'>4</span> <span class='ocrx_word' id='word_1_537' title='bbox 1242 2468 1296 2498; x_wconf 72' lang='lat' dir='ltr'>Ex</span> <span class='ocrx_word' id='word_1_538' title='bbox 1311 2470 1418 2498; x_wconf 70' lang='lat' dir='ltr'>eventu</span> <span class='ocrx_word' id='word_1_539' title='bbox 1441 2467 1563 2497; x_wconf 65' lang='lat' dir='ltr'>natium</span> <span class='ocrx_word' id='word_1_540' title='bbox 1577 2467 1718 2508; x_wconf 77' lang='lat' dir='ltr'>suarum]</span> 
     </span>
     <span class='ocr_line' id='line_1_97' title="bbox 1021 2516 1717 2558; baseline 0.001 -11"><span class='ocrx_word' id='word_1_541' title='bbox 1021 2518 1071 2547; x_wconf 84' lang='lat' dir='ltr'>Ex</span> <span class='ocrx_word' id='word_1_542' title='bbox 1096 2527 1150 2555; x_wconf 92' lang='lat' dir='ltr'>eo,</span> <span class='ocrx_word' id='word_1_543' title='bbox 1174 2517 1261 2558; x_wconf 86' lang='lat' dir='ltr'>quod</span> <span class='ocrx_word' id='word_1_544' title='bbox 1290 2521 1450 2548; x_wconf 83' lang='lat' dir='ltr'>evenerat</span> <span class='ocrx_word' id='word_1_545' title='bbox 1475 2516 1614 2547; x_wconf 87' lang='lat' dir='ltr'>navibus</span> <span class='ocrx_word' id='word_1_546' title='bbox 1636 2516 1717 2548; x_wconf 74' lang='lat' dir='ltr'>suis.</span> 
     </span>
     <span class='ocr_line' id='line_1_98' title="bbox 1018 2567 1716 2607; baseline 0.003 -10"><span class='ocrx_word' id='word_1_547' title='bbox 1018 2568 1073 2598; x_wconf 85' lang='lat' dir='ltr'>Sic</span> <span class='ocrx_word' id='word_1_548' title='bbox 1090 2568 1244 2598; x_wconf 84' lang='lat' dir='ltr'>Valerius</span> <span class='ocrx_word' id='word_1_549' title='bbox 1260 2568 1427 2598; x_wconf 77' lang='lat' dir='ltr'>Maximus</span> <span class='ocrx_word' id='word_1_550' title='bbox 1455 2575 1478 2597; x_wconf 88' lang='grc'><strong>1.</strong></span> <span class='ocrx_word' id='word_1_551' title='bbox 1501 2569 1533 2597; x_wconf 84' lang='grc'><strong>6.</strong></span> <span class='ocrx_word' id='word_1_552' title='bbox 1559 2567 1716 2607; x_wconf 78' lang='lat' dir='ltr'>Exempl.</span> 
     </span>
     <span class='ocr_line' id='line_1_99' title="bbox 1018 2619 1716 2659; baseline 0 -8"><span class='ocrx_word' id='word_1_553' title='bbox 1018 2626 1087 2651; x_wconf 83' lang='lat' dir='ltr'>ext.</span> <span class='ocrx_word' id='word_1_554' title='bbox 1116 2624 1144 2651; x_wconf 92' lang='lat' dir='ltr'><strong>l.</strong></span> <span class='ocrx_word' id='word_1_555' title='bbox 1181 2622 1190 2637; x_wconf 78' lang='lat'>⁶</span> <span class='ocrx_word' id='word_1_556' title='bbox 1209 2622 1284 2653; x_wconf 84' lang='lat' dir='ltr'>Quo</span> <span class='ocrx_word' id='word_1_557' title='bbox 1313 2629 1436 2659; x_wconf 77' lang='lat' dir='ltr'>genere</span> <span class='ocrx_word' id='word_1_558' title='bbox 1464 2620 1603 2650; x_wconf 71' lang='lat' dir='ltr'>monstri</span> <span class='ocrx_word' id='word_1_559' title='bbox 1629 2619 1716 2651; x_wconf 84' lang='lat' dir='ltr'>tanti</span> 
     </span>
     <span class='ocr_line' id='line_1_100' title="bbox 1018 2668 1714 2711; baseline 0 -10"><span class='ocrx_word' id='word_1_560' title='bbox 1018 2674 1200 2711; x_wconf 85' lang='lat' dir='ltr'>apparatus</span> <span class='ocrx_word' id='word_1_561' title='bbox 1230 2668 1438 2709; x_wconf 81' lang='lat' dir='ltr'>significatus</span> <span class='ocrx_word' id='word_1_562' title='bbox 1469 2674 1522 2700; x_wconf 89' lang='lat' dir='ltr'>cst</span> <span class='ocrx_word' id='word_1_563' title='bbox 1547 2669 1714 2701; x_wconf 63' lang='lat' dir='ltr'>eventus!</span> 
     </span>
     <span class='ocr_line' id='line_1_101' title="bbox 1017 2718 1716 2751; baseline 0 0"><span class='ocrx_word' id='word_1_564' title='bbox 1017 2720 1178 2751; x_wconf 82' lang='lat' dir='ltr'>Ultimam</span> <span class='ocrx_word' id='word_1_565' title='bbox 1191 2729 1308 2750; x_wconf 85' lang='lat' dir='ltr'>vocem</span> <span class='ocrx_word' id='word_1_566' title='bbox 1319 2719 1358 2750; x_wconf 92' lang='lat' dir='ltr'><strong>P.</strong></span> <span class='ocrx_word' id='word_1_567' title='bbox 1372 2718 1575 2750; x_wconf 84' lang='lat' dir='ltr'>Ciacconius</span> <span class='ocrx_word' id='word_1_568' title='bbox 1588 2719 1716 2751; x_wconf 70' lang='lat' dir='ltr'>trustra</span> 
     </span>
     <span class='ocr_line' id='line_1_102' title="bbox 1016 2769 1712 2812; baseline 0.001 -10"><span class='ocrx_word' id='word_1_569' title='bbox 1016 2770 1195 2805; x_wconf 82' lang='lat' dir='ltr'>delendam</span> <span class='ocrx_word' id='word_1_570' title='bbox 1219 2775 1358 2801; x_wconf 79' lang='lat' dir='ltr'>censet:</span> <span class='ocrx_word' id='word_1_571' title='bbox 1394 2779 1471 2803; x_wconf 88' lang='lat' dir='ltr'>uam</span> <span class='ocrx_word' id='word_1_572' title='bbox 1495 2775 1531 2803; x_wconf 85' lang='lat' dir='ltr'>et</span> <span class='ocrx_word' id='word_1_573' title='bbox 1554 2770 1604 2802; x_wconf 79' lang='lat' dir='ltr'>sic</span> <span class='ocrx_word' id='word_1_574' title='bbox 1623 2769 1712 2812; x_wconf 77' lang='lat' dir='ltr'>apud</span> 
     </span>
    </p>
   </div>
  </div>
 </body>
</html>
