1818 3131
251 211 365 258 1302

250 320 296 352 At
314 319 437 351 Andin.
450 315 610 350 ct'Oxon.
630 319 706 349 Ess.
722 319 857 350 omnium
871 319 946 350 cici-

245 375 346 403 tatum
361 370 510 401 omnibus.
558 371 677 401 Placet
692 370 829 401 omnibus
849 372 945 401 omni—

246 432 296 452 um
309 434 318 452 .·
357 421 405 451 uti
436 430 526 461 saepe
553 421 604 451 11ae
635 426 670 451 ct
701 421 822 452 similes
846 431 944 452 voces

246 470 356 511 repeti
368 471 488 501 solent.
536 471 626 502 Dein
649 471 823 502 civitatium
848 481 943 512 repo·

247 520 297 550 sni
325 529 367 551 ex
384 519 525 551 Andinis
541 520 755 552 membranis.
791 521 877 552 Vide
902 521 943 552 ad

245 577 295 600 1v.
320 572 351 600 3.

287 622 307 650 4
331 619 463 660 Accitis]
493 620 532 651 In
550 621 656 661 primo
673 622 782 661 Bong.
800 626 850 652 est
867 622 943 651 asci-

246 670 312 706 ris,·
341 671 430 711 quod
455 671 645 711 perplacet.
691 672 780 702 Nam
811 670 943 701 facilius

243 719 447 751 crediderim
461 721 502 751 ad
517 730 591 751 euni
604 722 800 752 convenisse
815 720 945 757 exules,

245 779 343 810 quam
375 774 412 800 ut
434 771 489 801 illc
521 771 690 812 dispersos
719 781 758 801 ex
791 769 946 800 omnibus

243 819 400 860 partibus
418 821 592 852 acciverit.
627 821 666 851 In
683 820 832 851 secundo
848 819 945 851 deest

244 869 317 901 haec
334 879 408 901 vox.
438 871 570 902 Vossius.
616 871 693 901 Vox
715 870 825 900 accitis
848 879 945 900 exsu-

245 921 294 951 lat
311 931 328 951 a
341 921 424 951 Mss.
443 920 579 951 Carrar.
596 921 762 959 Bongars.
779 929 846 950 sec.
858 920 945 950 Nor-

244 969 308 1000 vic.
339 979 378 1000 ac
410 969 509 1000 editt.
541 971 635 1001 Rom.
667 970 751 1000 Ven.
784 969 943 1000 Beroald.

243 1020 362 1061 steph.
390 1021 541 1062 Grypl1.:
581 1027 615 1052 et
642 1022 676 1051 in
705 1021 744 1051 iis
773 1021 866 1052 locus
894 1021 943 1051 sic

244 1073 380 1113 legitur,
405 1072 549 1103 exulibus
563 1073 696 1103 omnium
711 1072 874 1102 civitatum
898 1082 944 1102 re-

241 1123 348 1163 ceptis,
361 1123 533 1153 latrociniis
544 1123 772 1162 impedimenta,
787 1122 838 1159 ᾅτ.
865 1121 944 1151 For-

243 1182 303 1203 san
321 1173 499 1212 legendum
516 1172 658 1203 exulibus
679 1172 813 1202 omnium
835 1171 943 1202 civita-

243 1226 309 1253 tum
325 1223 445 1260 ascitis,
456 1224 588 1263 receptis
603 1223 788 1261 latrociniis,
803 1222 864 1253 lioc
877 1226 942 1260 est,

242 1272 444 1311 latronibus,
461 1279 497 1303 ut
526 1274 723 1303 matrimonia
746 1281 806 1312 pro
833 1273 944 1303 uxori-

243 1322 316 1362 bus,
334 1333 394 1364 pro
411 1323 516 1354 ser-vis
532 1328 647 1353 autem
671 1323 800 1353 sert-itia
817 1331 944 1362 ponun-

243 1377 310 1404 tur.
356 1373 444 1403 Vide
468 1378 538 1403 not.
567 1372 609 1403 ad
635 1373 676 1402 B.
693 1372 738 1403 G.
756 1381 821 1402 vn.
838 1375 890 1402 78.
907 1375 943 1402 et

241 1423 382 1462 hujusce
398 1422 473 1452 libri
486 1432 516 1453 c.
535 1426 584 1453 19.
631 1422 708 1453 Hoc
725 1431 801 1453 cum
813 1431 880 1453 non
894 1422 943 1452 in-

242 1472 440 1512 telligerent
458 1472 614 1512 Librarii,
628 1472 820 1512 Syntaxews
842 1472 944 1504 ratio-

240 1523 339 1554 nibus
377 1523 583 1554 consuluisse
622 1522 687 1554 sibi
728 1523 943 1563 videbantur,

241 1582 318 1604 cum
333 1574 472 1605 verbum
484 1574 592 1605 ascitis
603 1574 814 1605 omitterent.
830 1573 941 1604 Dacis.

240 1623 331 1655 Dele
360 1629 474 1656 notam
501 1624 583 1656 ibid.
609 1634 673 1665 pro
703 1633 770 1665 qua
792 1633 939 1664 repone:

239 1673 370 1705 'Vocem
387 1674 496 1705 accitis
511 1675 669 1707 nesciunt
690 1675 856 1715 Bongars.
873 1684 942 1707 sec.

240 1729 320 1756 tert.
345 1725 486 1756 Norvic.
511 1726 648 1756 Carrar.
676 1725 750 1756 Pal.
777 1725 942 1766 Gottorp.

239 1774 337 1806 Voss.
355 1774 522 1815 Egmond.
545 1775 695 1815 dantque
718 1774 858 1805 exulibus
879 1784 940 1805 om-

238 1824 326 1855 nium
342 1825 504 1855 civitatum
519 1826 661 1865 receptis,
679 1825 864 1856 latrociniis
884 1825 940 1855 im-

235 1876 414 1915 pedimenta
438 1878 467 1906 et
494 1878 688 1914 commeatus,
700 1876 752 1913 &a
776 1884 852 1905 cum
870 1874 940 1915 qui-

239 1925 301 1956 bus
325 1925 433 1962 faci03
459 1934 533 1955 nain
558 1926 691 1955 latrones
716 1924 778 1954 sub
805 1923 940 1954 nomine

234 1975 427 2015 perditorum
460 1975 613 2005 hominum
650 1973 940 2014 comprehendun-

239 2029 308 2064 tur,
325 2029 360 2055 et
383 2025 573 2065 perditorum
598 2025 753 2054 hominum
774 2024 939 2054 latrocinia

239 2075 339 2115 paulo
356 2079 434 2115 post
450 2079 693 2106 commemorat
702 2078 829 2105 noster.
852 2074 940 2106 Vide

242 2125 292 2155 sic
307 2134 336 2156 c.
351 2127 404 2155 32.
423 2125 521 2164 Idem,
537 2134 607 2155 cur.
624 2134 692 2155 sec.
738 2124 939 2163 Latrociniis,

239 2175 328 2216 quod
345 2178 397 2206 est
414 2176 515 2206 etiam
531 2175 565 2205 in
587 2184 737 2206 meorum
755 2175 937 2215 plerisque,

239 2225 351 2256 deleta
366 2234 447 2257 voce
462 2225 589 2261 accitis5
600 2225 650 2256 uti
665 2229 701 2255 et
717 2225 750 2254 in
768 2223 854 2255 Edd.
872 2225 939 2265 pri-

237 2276 311 2315 mis,
327 2276 353 2306 si
369 2276 524 2317 recipere
542 2276 689 2316 placeat,
715 2274 827 2305 malim
842 2275 938 2305 nihil-

238 2326 368 2357 ominus
396 2326 547 2366 abjicere
581 2334 698 2356 vocem
724 2325 866 2364 receptis,
901 2328 937 2355 et

238 2384 373 2405 servare
396 2376 544 2411 adscitis;
565 2375 663 2415 cujus
686 2375 796 2414 glossa
823 2375 936 2414 potius

237 2425 375 2456 videtur
387 2435 460 2456 esse
475 2425 618 2466 receptis,
629 2435 729 2466 quam
742 2425 816 2456 vice
829 2436 936 2457 versa.

237 2474 380 2506 Adscitis
393 2480 486 2507 certe
505 2486 563 2516 pro
580 2476 687 2506 accitis
700 2480 753 2506 est
776 2476 808 2506 in
825 2477 934 2517 Bong.

238 2534 291 2565 pr.
305 2525 425 2556 Petav.
441 2525 559 2565 Cujac.
576 2525 699 2565 Scalig.
712 2526 828 2565 Steph.
844 2525 936 2557 And.

238 2575 351 2607 Oxou.
369 2575 463 2606 Leia.
477 2585 527 2615 pr.
544 2575 601 2616 qui
625 2584 739 2606 omues
762 2575 936 2615 integerri-

237 2625 283 2655 mi
310 2629 346 2656 et
371 2624 523 2656 fidissimi
549 2625 684 2656 codices
707 2632 847 2657 servant
875 2637 936 2658 rec.

236 2676 416 2708 Latronibus.
461 2677 509 2708 Ut
535 2685 650 2707 verum
678 2681 792 2707 tamen
812 2676 936 2717 fatear,

238 2726 401 2757 accedere
417 2726 529 2758 malim
544 2726 660 2767 primae
675 2727 852 2757 sententiae
866 2728 937 2758 Da-

240 2777 327 2817 visii,
343 2787 417 2820 quae
435 2783 470 2809 et
489 2777 625 2809 Clarkio
649 2777 778 2817 adrisit,
790 2778 935 2817 legendo

715 223 855 255 No‘rAE
890 224 1151 255 vAmoRUM
1186 224 1236 253 xN

994 320 1131 357 adscitis,
1147 319 1273 358 receptis
1289 317 1473 348 latrociniis.
1520 318 1576 349 De
1591 316 1695 349 verbo

995 371 1161 400 adsciscere
1185 370 1238 400 adi
1265 369 1398 399 omniuo
1426 369 1476 399 Cl.
1511 369 1629 400 Burm.
1654 369 1697 401 ad

996 419 1130 450 Phaear.
1159 429 1207 450 rv.
1234 422 1285 457 16,
1305 421 1353 449 17.
1373 423 1409 449 ct
1435 419 1534 450 Grat.
1563 420 1695 458 Cyneg.

997 472 1046 500 16.
1062 479 1212 510 quosque
1226 469 1272 500 ibi
1296 468 1411 499 laudat
1427 480 1433 498 :
1466 469 1474 484 ‘
1489 468 1612 500 ducem
1639 469 1697 500 ad·

997 519 1156 549 sciscere’
1175 520 1213 549 B.
1232 519 1330 549 Alex.
1348 529 1377 549 c.
1394 521 1446 548 59.

1038 568 1239 608 Latronibus]
1269 569 1352 599 Mss.
1381 568 1547 609 plerique,
1574 569 1697 599 latroci-

995 619 1065 649 niis.
1111 620 1221 650 Quam
1247 623 1280 648 et
1297 628 1409 649 veram
1424 628 1494 649 esse
1510 619 1695 650 lectionem

995 668 1127 699 erudite
1158 667 1332 698 existimat
1364 669 1521 699 Davisius
1540 680 1547 706 ς
1574 670 1698 701 latroci-

994 719 1055 748 niis
1094 727 1154 758 pro
1177 717 1348 748 latronibus
1376 718 1500 757 posito,
1530 721 1696 758 quomodo

995 769 1074 800 alibi
1086 769 1292 799 matrimoniis
1309 777 1371 808 pro
1387 767 1545 807 uxoribus,
1559 770 1699 801 sert-iliis

995 829 1056 859 pro
1070 820 1176 860 servis,
1194 817 1443 859 pabulationibus
1459 828 1520 858 pro
1539 818 1698 859 pabulato-

992 870 1090 908 ribus,
1117 871 1171 909 ὅγε.
1213 870 1320 900 Clark.

1036 924 1054 950 5
1081 918 1293 958 Commeatus]
1310 918 1404 949 Bene
1419 918 1568 959 quidem.
1607 919 1696 952 Vide

995 967 1037 997 ad
1049 976 1087 997 ιι.
1102 971 1132 998 5.
1153 976 1219 998 non
1238 968 1487 999 contemnenda
1504 975 1615 1001 tamen
1633 971 1698 1002 Cu-

987 1017 1054 1058 jac.
1069 1017 1153 1048 Cod.
1166 1017 1282 1058 lectio,
1296 1028 1395 1058 quam
1413 1024 1448 1049 et
1473 1019 1561 1051 inter
1579 1030 1694 1052 versus

994 1067 1097 1098 habet
1114 1067 1209 1098 Leid.
1227 1077 1277 1107 pr.
1306 1069 1485 1099 comitatus.-
1513 1080 1579 1111 quo
1592 1072 1695 1103 nomi-

994 1128 1035 1148 ne
1053 1118 1287 1158 intelliguntur
1301 1123 1369 1148 tam
1380 1124 1577 1160 commeatus,
1597 1131 1696 1162 quam

993 1169 1210 1209 subplementa,
1248 1170 1392 1210 :aliaque
1431 1170 1473 1201 ad
1507 1172 1697 1204 exercitum

994 1219 1173 1250 venientia.
1256 1219 1345 1249 Vide
1383 1221 1518 1252 omnino
1546 1222 1588 1252 B.
1619 1223 1694 1254 Civ.

993 1278 1016 1299 1.
1035 1272 1086 1300 48.
1099 1270 1107 1284 ‘
1125 1269 1247 1309 Neque
1266 1270 1403 1300 maximi
1427 1272 1620 1310 comitatus,
1638 1274 1695 1314 qui

993 1328 1034 1349 ex
1053 1318 1153 1349 Italia
1170 1319 1354 1359 venerant,’
1367 1322 1430 1351 (xc.
1460 1331 1492 1351 c.
1508 1325 1560 1353 51.
1574 1325 1582 1339 ‘
1599 1323 1695 1362 Mag-

992 1378 1051 1398 nos
1078 1369 1268 1409 comitatus,
1284 1369 1340 1409 qui
1365 1369 1430 1400 iter
1460 1371 1629 1402 habebant
1653 1372 1695 1403 ad

993 1420 1173 1458 Caesarem,
1201 1418 1243 1448 ad
1270 1417 1394 1449 flumen
1421 1420 1636 1453 constitisse!
1664 1432 1696 1453 c.

993 1471 1044 1500 54.
1058 1471 1066 1486 ‘
1077 1469 1265 1505 Comitatus
1281 1469 1384 1510 etqui
1399 1468 1559 1502 frumenti
1575 1482 1696 1503 caussa

992 1521 1254 1561 processerant!
1315 1521 1445 1553 Quibus
1468 1523 1549 1553 locis
1575 1524 1693 1555 eadem

992 1575 1044 1602 est
1061 1570 1226 1609 confusio,
1243 1576 1282 1603 ut
1297 1577 1332 1603 et
1347 1572 1389 1603 Β.
1406 1572 1450 1604 G.
1463 1581 1485 1604 1.
1503 1576 1554 1604 34.

1051 1621 1221 1652 Hominum
1263 1631 1300 1653 v.
1346 1622 1410 1654 mil.
1446 1632 1487 1653 ex
1520 1622 1551 1660 f.
1599 1622 1694 1663 conl.]

991 1671 1080 1703 Scal.
1110 1671 1206 1702 Leid.
1223 1681 1273 1712 pr.
1298 1671 1480 1702 hominibus.
1522 1672 1553 1703 Ιι.
1577 1672 1694 1703 duobus

990 1721 1112 1762 Steph.
1128 1721 1219 1753 And.
1237 1721 1349 1753 Oxon.
1367 1726 1403 1752 et
1416 1721 1502 1753 Edd.
1519 1722 1599 1753 Ber.
1613 1723 1693 1754 Bas.

991 1771 1071 1802 Ald.
1089 1773 1182 1803 Man.
1199 1772 1330 1813 Gryph.
1350 1771 1465 1804 Plant.
1486 1773 1630 1812 §Recte2
1655 1777 1693 1804 ut

992 1826 1089 1862 patet
1105 1832 1122 1853 e
1139 1823 1246 1863 Bong.
1263 1832 1314 1862 pr.
1332 1822 1370 1852 In
1394 1831 1450 1862 quo
1473 1822 1503 1852 Ιι.
1520 1822 1635 1853 duobus
1648 1832 1691 1853 m.

991 1882 1030 1903 ex
1038 1873 1070 1910 s.
1085 1873 1217 1913 quinque
1228 1883 1254 1903 c.
1289 1872 1362 1903 Aut
1386 1871 1485 1903 valde
1506 1871 1615 1912 fallor,
1631 1878 1692 1905 aut

990 1922 1058 1962 legi
1070 1923 1173 1953 debet
1185 1922 1341 1952 hominum
1353 1930 1394 1952 11.
1412 1932 1452 1953 m.
1467 1922 1541 1959 exs.
1558 1923 1692 1963 undique

990 1974 1067 2004 conl.
1098 1981 1140 2003 11.
1158 1972 1313 2013 reposui3
1353 1972 1412 2003 sed
1444 1972 1692 2012 conjecturam,

990 2023 1127 2062 licet,ut
1139 2023 1270 2064 opinor,
1280 2023 1501 2063 verissimam,
1515 2022 1690 2054 intrudere

989 2073 1094 2104 nolui.

1033 2126 1052 2153 7
1078 2123 1177 2158 Quem
1203 2123 1235 2154 in
1271 2122 1427 2163 superiore
1466 2122 1691 2153 Commentario

1060 2192 1074 2196 v-
1085 2174 1242 2213 cognitum
1269 2175 1329 2215 est]
1358 2172 1498 2204 Norvic.
1522 2173 1688 2213 Bongars.

990 2227 1072 2262 tres,
1100 2224 1176 2254 Pet.
1206 2223 1279 2254 Pal.
1310 2224 1471 2263 Gottorp.
1494 2223 1592 2253 Voss.
1623 2222 1689 2264 Eg-

989 2273 1102 2305 mond.
1119 2278 1154 2304 et
1176 2272 1307 2304 Buslid.
1325 2271 1600 2313 praepositionem
1630 2280 1686 2302 ne-

989 2324 1113 2355 sciunt.
1159 2325 1247 2364 Lege
1265 2333 1352 2364 quem
1375 2332 1393 2353 e
1418 2323 1574 2363 superiore
1597 2321 1686 2352 Com-

987 2375 1139 2405 mentario
1244 2374 1402 2412 cognitum
1417 2376 1471 2404 est.
1488 2371 1603 2403 Davis-
1615 2379 1686 2401 cur.

988 2434 1058 2455 sec.
1073 2424 1183 2455 Abest
1200 2423 1398 2465 praepositio
1413 2433 1433 2453 a
1449 2423 1531 2453 Mss.
1550 2419 1683 2450 omnino

987 2475 1138 2506 omnibus
1155 2480 1191 2506 et
1214 2472 1523 2514 Edd.quibusdam.
1569 2470 1683 2502 Quare

986 2524 1116 2557 delevi:
1135 2535 1245 2567 neque
1259 2525 1346 2556 enim
1356 2533 1440 2563 opus
1451 2526 1502 2553 est
1518 2519 1683 2561 refingerc

987 2576 1098 2607 aliam.

1033 2630 1069 2658 ll
1095 2628 1147 2658 Ne
1160 2628 1198 2658 de
1213 2627 1322 2656 timore
1337 2627 1391 2655 aut
1405 2624 1588 2656 detrimento
1604 2624 1683 2654 Pro-

987 2676 1110 2717 vincioe]
1147 2674 1336 2707 Offendunt
1361 2683 1413 2704 me
1439 2674 1586 2714 paullum
1610 2674 1683 2704 haec

990 2726 1114 2757 verba:
1139 2725 1289 2757 rescribo
1314 2735 1352 2755 ne
1378 2725 1562 2755 ‹leaerirnento
1575 2727 1631 2755 aut
1646 2724 1686 2754 ti-

985 2786 1067 2807 more
1079 2776 1259 2816 pwvinciae.
1282 2774 1460 2808 Quomodo
1475 2773 1603 2805 liabent
1620 2781 1682 2805 vu.
