<?xml version="1.0" encoding="UTF-8"?>
<!DOCTYPE html PUBLIC "-//W3C//DTD XHTML 1.0 Transitional//EN"
    "http://www.w3.org/TR/xhtml1/DTD/xhtml1-transitional.dtd">
<html xmlns="http://www.w3.org/1999/xhtml" xml:lang="en" lang="en">
 <head>
  <title>
</title>
<meta http-equiv="Content-Type" content="text/html;charset=utf-8" />
  <meta name='ocr-system' content='tesseract 3.04.00' />
  <meta name='ocr-capabilities' content='ocr_page ocr_carea ocr_par ocr_line ocrx_word'/>
</head>
<body>
  <div class='ocr_page' id='page_1' title='image "./operaomniaexedit03caesuoft/operaomniaexedit03caesuoft_0282.png"; bbox 0 0 1818 3131; ppageno 0'>
   <div class='ocr_carea' id='block_1_1' title="bbox 276 205 390 248">
    <p class='ocr_par' dir='ltr' id='par_1_1' title="bbox 276 205 390 248">
     <span class='ocr_line' id='line_1_1' title="bbox 276 205 390 248; baseline 0 0"><span class='ocrx_word' id='word_1_1' title='bbox 276 205 390 248; x_wconf 79' lang='lat'>1202</span> 
     </span>
    </p>
   </div>
   <div class='ocr_carea' id='block_1_2' title="bbox 244 307 981 2815">
    <p class='ocr_par' dir='ltr' id='par_1_2' title="bbox 274 307 979 652">
     <span class='ocr_line' id='line_1_2' title="bbox 275 307 975 349; baseline -0.004 -6"><span class='ocrx_word' id='word_1_2' title='bbox 275 314 359 344; x_wconf 79' lang='lat' dir='ltr'><strong>tert.</strong></span> <span class='ocrx_word' id='word_1_3' title='bbox 387 314 423 341; x_wconf 87' lang='lat' dir='ltr'><strong>et</strong></span> <span class='ocrx_word' id='word_1_4' title='bbox 450 309 513 341; x_wconf 87' lang='lat' dir='ltr'><strong>Ed.</strong></span> <span class='ocrx_word' id='word_1_5' title='bbox 542 308 695 340; x_wconf 83' lang='lat' dir='ltr'><strong>Incerta.</strong></span> <span class='ocrx_word' id='word_1_6' title='bbox 740 307 845 349; x_wconf 67' lang='lat' dir='ltr'><strong>Dilige·</strong></span> <span class='ocrx_word' id='word_1_7' title='bbox 867 309 975 349; x_wconf 83' lang='lat' dir='ltr'><strong>Bong.</strong></span> 
     </span>
     <span class='ocr_line' id='line_1_3' title="bbox 275 359 975 403; baseline 0 -13"><span class='ocrx_word' id='word_1_8' title='bbox 275 371 330 403; x_wconf 83' lang='lat' dir='ltr'><strong>pr.</strong></span> <span class='ocrx_word' id='word_1_9' title='bbox 360 360 457 390; x_wconf 84' lang='lat' dir='ltr'><strong>Voss.</strong></span> <span class='ocrx_word' id='word_1_10' title='bbox 484 368 537 399; x_wconf 87' lang='lat' dir='ltr'><strong>pr.</strong></span> <span class='ocrx_word' id='word_1_11' title='bbox 561 368 629 390; x_wconf 88' lang='lat' dir='ltr'><strong>sec.</strong></span> <span class='ocrx_word' id='word_1_12' title='bbox 654 359 781 391; x_wconf 81' lang='lat' dir='ltr'><strong>Lovan.</strong></span> <span class='ocrx_word' id='word_1_13' title='bbox 808 359 975 400; x_wconf 87' lang='lat' dir='ltr'><strong>Egmund.</strong></span> 
     </span>
     <span class='ocr_line' id='line_1_4' title="bbox 274 408 976 450; baseline -0.003 -8"><span class='ocrx_word' id='word_1_14' title='bbox 274 410 388 449; x_wconf 80' lang='lat' dir='ltr'><strong>Deligi</strong></span> <span class='ocrx_word' id='word_1_15' title='bbox 405 408 568 450; x_wconf 81' lang='lat' dir='ltr'><strong>Gottorp.</strong></span> <span class='ocrx_word' id='word_1_16' title='bbox 586 414 621 440; x_wconf 87' lang='lat' dir='ltr'><strong>et</strong></span> <span class='ocrx_word' id='word_1_17' title='bbox 635 409 734 440; x_wconf 83' lang='lat' dir='ltr'><strong>voss.</strong></span> <span class='ocrx_word' id='word_1_18' title='bbox 751 414 831 441; x_wconf 85' lang='lat' dir='ltr'><strong>tert.</strong></span> <span class='ocrx_word' id='word_1_19' title='bbox 867 410 976 450; x_wconf 76' lang='lat' dir='ltr'><strong>Diripi</strong></span> 
     </span>
     <span class='ocr_line' id='line_1_5' title="bbox 274 461 977 501; baseline 0.001 -10"><span class='ocrx_word' id='word_1_20' title='bbox 274 464 426 497; x_wconf 85' lang='lat' dir='ltr'><strong>notaret,</strong></span> <span class='ocrx_word' id='word_1_21' title='bbox 470 464 633 500; x_wconf 82' lang='lat' dir='ltr'><strong>exceptos</strong></span> <span class='ocrx_word' id='word_1_22' title='bbox 669 461 760 499; x_wconf 77' lang='lat' dir='ltr'><strong>exui,</strong></span> <span class='ocrx_word' id='word_1_23' title='bbox 801 466 837 492; x_wconf 91' lang='lat' dir='ltr'><strong>et</strong></span> <span class='ocrx_word' id='word_1_24' title='bbox 868 461 977 501; x_wconf 87' lang='lat' dir='ltr'><strong>petito</strong></span> 
     </span>
     <span class='ocr_line' id='line_1_6' title="bbox 275 511 978 551; baseline 0.001 -9"><span class='ocrx_word' id='word_1_25' title='bbox 275 515 468 542; x_wconf 86' lang='lat' dir='ltr'><strong>commeatu</strong></span> <span class='ocrx_word' id='word_1_26' title='bbox 513 511 662 551; x_wconf 84' lang='lat' dir='ltr'><strong>spoliari.</strong></span> <span class='ocrx_word' id='word_1_27' title='bbox 729 511 796 542; x_wconf 77' lang='lat' dir='ltr'><strong>Sed</strong></span> <span class='ocrx_word' id='word_1_28' title='bbox 843 511 978 543; x_wconf 83' lang='lat' dir='ltr'><strong>videtur</strong></span> 
     </span>
     <span class='ocr_line' id='line_1_7' title="bbox 275 561 979 602; baseline 0 -10"><span class='ocrx_word' id='word_1_29' title='bbox 275 561 365 593; x_wconf 80' lang='lat' dir='ltr'><strong>aliud</strong></span> <span class='ocrx_word' id='word_1_30' title='bbox 397 561 477 602; x_wconf 84' lang='lat' dir='ltr'><strong>quid</strong></span> <span class='ocrx_word' id='word_1_31' title='bbox 508 561 626 600; x_wconf 86' lang='lat' dir='ltr'><strong>latere,</strong></span> <span class='ocrx_word' id='word_1_32' title='bbox 665 565 701 592; x_wconf 91' lang='lat' dir='ltr'><strong>ut</strong></span> <span class='ocrx_word' id='word_1_33' title='bbox 733 562 858 601; x_wconf 79' lang='lat' dir='ltr'><strong>discidi,</strong></span> <span class='ocrx_word' id='word_1_34' title='bbox 893 561 979 602; x_wconf 71' lang='lat' dir='ltr'><strong>elidi,</strong></span> 
     </span>
     <span class='ocr_line' id='line_1_8' title="bbox 275 612 727 652; baseline 0 -10"><span class='ocrx_word' id='word_1_35' title='bbox 275 612 382 652; x_wconf 77' lang='lat' dir='ltr'><strong>dejici,</strong></span> <span class='ocrx_word' id='word_1_36' title='bbox 404 612 516 652; x_wconf 72' lang='lat' dir='ltr'><strong>cci-cipi,</strong></span> <span class='ocrx_word' id='word_1_37' title='bbox 541 612 592 643; x_wconf 84' lang='lat' dir='ltr'><strong>vel</strong></span> <span class='ocrx_word' id='word_1_38' title='bbox 607 613 727 643; x_wconf 86' lang='lat' dir='ltr'><strong>simile.</strong></span> 
     </span>
    </p>

    <p class='ocr_par' dir='ltr' id='par_1_3' title="bbox 244 661 981 2815">
     <span class='ocr_line' id='line_1_9' title="bbox 321 661 979 702; baseline -0.005 -9"><span class='ocrx_word' id='word_1_39' title='bbox 321 665 359 693; x_wconf 91' lang='lat'><strong>11</strong></span> <span class='ocrx_word' id='word_1_40' title='bbox 385 662 413 692; x_wconf 79' lang='lat' dir='ltr'><strong><em>A</em></strong></span> <span class='ocrx_word' id='word_1_41' title='bbox 430 661 513 692; x_wconf 79' lang='lat' dir='ltr'><strong>Boia</strong></span> <span class='ocrx_word' id='word_1_42' title='bbox 529 661 762 702; x_wconf 66' lang='lat' dir='ltr'><strong>quanqum-ersus]</strong></span> <span class='ocrx_word' id='word_1_43' title='bbox 787 662 894 692; x_wconf 87' lang='lat' dir='ltr'><strong>Locus</strong></span> <span class='ocrx_word' id='word_1_44' title='bbox 910 670 979 691; x_wconf 87' lang='lat' dir='ltr'><strong>eor-</strong></span> 
     </span>
     <span class='ocr_line' id='line_1_10' title="bbox 277 710 978 753; baseline -0.004 -10"><span class='ocrx_word' id='word_1_45' title='bbox 277 717 412 753; x_wconf 77' lang='lat' dir='ltr'><strong>ruptus,</strong></span> <span class='ocrx_word' id='word_1_46' title='bbox 435 722 534 752; x_wconf 87' lang='lat' dir='ltr'><strong>quem</strong></span> <span class='ocrx_word' id='word_1_47' title='bbox 559 721 676 743; x_wconf 80' lang='lat' dir='ltr'><strong>sanare</strong></span> <span class='ocrx_word' id='word_1_48' title='bbox 695 711 835 742; x_wconf 80' lang='lat' dir='ltr'>Ursinus</span> <span class='ocrx_word' id='word_1_49' title='bbox 866 715 900 741; x_wconf 89' lang='lat' dir='ltr'><strong>et</strong></span> <span class='ocrx_word' id='word_1_50' title='bbox 923 710 978 741; x_wconf 93' lang='lat' dir='ltr'><strong>Ci-</strong></span> 
     </span>
     <span class='ocr_line' id='line_1_11' title="bbox 275 760 977 801; baseline -0.007 -7"><span class='ocrx_word' id='word_1_51' title='bbox 275 762 437 794; x_wconf 67' lang='lat' dir='ltr'><strong>accontus</strong></span> <span class='ocrx_word' id='word_1_52' title='bbox 465 767 652 798; x_wconf 75' lang='lat' dir='ltr'>tentavere,</span> <span class='ocrx_word' id='word_1_53' title='bbox 686 771 746 801; x_wconf 87' lang='lat' dir='ltr'><strong>pro</strong></span> <span class='ocrx_word' id='word_1_54' title='bbox 773 771 792 790; x_wconf 82' lang='lat' dir='ltr'><em>a</em></span> <span class='ocrx_word' id='word_1_55' title='bbox 820 760 902 790; x_wconf 69' lang='lat' dir='ltr'><strong>Boia</strong></span> <span class='ocrx_word' id='word_1_56' title='bbox 929 769 977 790; x_wconf 86' lang='lat' dir='ltr'><strong>re-</strong></span> 
     </span>
     <span class='ocr_line' id='line_1_12' title="bbox 275 810 979 853; baseline -0.006 -9"><span class='ocrx_word' id='word_1_57' title='bbox 275 818 445 853; x_wconf 78' lang='lat' dir='ltr'><strong>ponentes</strong></span> <span class='ocrx_word' id='word_1_58' title='bbox 461 813 498 842; x_wconf 77' lang='lat' dir='ltr'><strong>ab</strong></span> <span class='ocrx_word' id='word_1_59' title='bbox 513 812 609 842; x_wconf 71' lang='lat' dir='ltr'><strong>hoste.</strong></span> <span class='ocrx_word' id='word_1_60' title='bbox 655 810 754 842; x_wconf 85' lang='lat' dir='ltr'><strong>Quod</strong></span> <span class='ocrx_word' id='word_1_61' title='bbox 770 810 848 840; x_wconf 86' lang='lat' dir='ltr'><strong>mihi</strong></span> <span class='ocrx_word' id='word_1_62' title='bbox 864 810 979 850; x_wconf 87' lang='lat' dir='ltr'><strong>displi-</strong></span> 
     </span>
     <span class='ocr_line' id='line_1_13' title="bbox 275 860 980 898; baseline -0.004 -4"><span class='ocrx_word' id='word_1_63' title='bbox 275 868 343 895; x_wconf 88' lang='lat' dir='ltr'><strong>cet.</strong></span> <span class='ocrx_word' id='word_1_64' title='bbox 389 864 531 894; x_wconf 63' lang='lat' dir='ltr'><strong>Grmcus</strong></span> <span class='ocrx_word' id='word_1_65' title='bbox 554 862 655 893; x_wconf 82' lang='lat' dir='ltr'><strong>habet</strong></span> <span class='ocrx_word' id='word_1_66' title='bbox 678 862 827 891; x_wconf 72' lang='grc' dir='ltr'>τοσοῦνον</span> <span class='ocrx_word' id='word_1_67' title='bbox 849 860 908 891; x_wconf 80' lang='grc' dir='ltr'><strong>ἀπὸ</strong></span> <span class='ocrx_word' id='word_1_68' title='bbox 923 863 980 898; x_wconf 78' lang='grc' dir='ltr'><strong>τῆς</strong></span> 
     </span>
     <span class='ocr_line' id='line_1_14' title="bbox 275 912 979 950; baseline -0.001 -6"><span class='ocrx_word' id='word_1_69' title='bbox 275 913 366 944; x_wconf 66' lang='lat' dir='ltr'><strong>Bolas</strong></span> <span class='ocrx_word' id='word_1_70' title='bbox 392 913 501 949; x_wconf 77' lang='grc' dir='ltr'>καίειν,</span> <span class='ocrx_word' id='word_1_71' title='bbox 529 912 602 943; x_wconf 81' lang='grc' dir='ltr'>ὅσον</span> <span class='ocrx_word' id='word_1_72' title='bbox 637 912 709 943; x_wconf 77' lang='grc' dir='ltr'>τοὺς</span> <span class='ocrx_word' id='word_1_73' title='bbox 739 912 901 950; x_wconf 76' lang='grc' dir='ltr'><strong><em>Ῥωμαίους</em></strong></span> <span class='ocrx_word' id='word_1_74' title='bbox 923 913 979 943; x_wconf 79' lang='grc' dir='ltr'><strong>τοῦ</strong></span> 
     </span>
     <span class='ocr_line' id='line_1_15' title="bbox 274 961 978 1005; baseline 0 -11"><span class='ocrx_word' id='word_1_75' title='bbox 274 963 472 1005; x_wconf 79' lang='grc' dir='ltr'>προνομεύειν</span> <span class='ocrx_word' id='word_1_76' title='bbox 487 961 588 1000; x_wconf 79' lang='grc' dir='ltr'>ἕνεκα,</span> <span class='ocrx_word' id='word_1_77' title='bbox 611 965 676 994; x_wconf 67' lang='grc' dir='ltr'><strong>ἃς.</strong></span> <span class='ocrx_word' id='word_1_78' title='bbox 723 962 811 993; x_wconf 80' lang='lat' dir='ltr'><strong>Illud</strong></span> <span class='ocrx_word' id='word_1_79' title='bbox 839 968 933 994; x_wconf 80' lang='lat' dir='ltr'><strong>certe</strong></span> <span class='ocrx_word' id='word_1_80' title='bbox 960 974 978 994; x_wconf 75' lang='grc' dir='ltr'><strong>(ι</strong></span> 
     </span>
     <span class='ocr_line' id='line_1_16' title="bbox 274 1014 978 1054; baseline -0.001 -8"><span class='ocrx_word' id='word_1_81' title='bbox 274 1015 359 1046; x_wconf 81' lang='lat' dir='ltr'><strong>Boia</strong></span> <span class='ocrx_word' id='word_1_82' title='bbox 378 1015 514 1046; x_wconf 90' lang='lat' dir='ltr'><strong>omnino</strong></span> <span class='ocrx_word' id='word_1_83' title='bbox 530 1014 608 1044; x_wconf 84' lang='lat' dir='ltr'><strong>mihi</strong></span> <span class='ocrx_word' id='word_1_84' title='bbox 627 1019 821 1054; x_wconf 81' lang='lat' dir='ltr'><strong>suspectum</strong></span> <span class='ocrx_word' id='word_1_85' title='bbox 834 1019 898 1052; x_wconf 80' lang='lat' dir='ltr'><strong>est,</strong></span> <span class='ocrx_word' id='word_1_86' title='bbox 916 1024 978 1045; x_wconf 83' lang='lat' dir='ltr'><strong>nec</strong></span> 
     </span>
     <span class='ocr_line' id='line_1_17' title="bbox 275 1063 978 1104; baseline 0 -9"><span class='ocrx_word' id='word_1_87' title='bbox 275 1073 295 1095; x_wconf 87' lang='lat' dir='ltr'><strong>e</strong></span> <span class='ocrx_word' id='word_1_88' title='bbox 308 1074 400 1095; x_wconf 87' lang='lat' dir='ltr'><strong>more</strong></span> <span class='ocrx_word' id='word_1_89' title='bbox 417 1065 575 1101; x_wconf 71' lang='lat' dir='ltr'><strong>Caesaris,</strong></span> <span class='ocrx_word' id='word_1_90' title='bbox 599 1064 655 1104; x_wconf 91' lang='lat' dir='ltr'><strong>qui</strong></span> <span class='ocrx_word' id='word_1_91' title='bbox 678 1063 822 1094; x_wconf 80' lang='lat' dir='ltr'><strong>dixisset</strong></span> <span class='ocrx_word' id='word_1_92' title='bbox 843 1074 861 1094; x_wconf 83' lang='lat' dir='ltr'><em>a</em></span> <span class='ocrx_word' id='word_1_93' title='bbox 877 1064 978 1096; x_wconf 79' lang='lat' dir='ltr'><strong>Boiis.</strong></span> 
     </span>
     <span class='ocr_line' id='line_1_18' title="bbox 277 1113 981 1154; baseline -0.001 -10"><span class='ocrx_word' id='word_1_94' title='bbox 277 1114 415 1154; x_wconf 80' lang='lat' dir='ltr'>Alioqui</span> <span class='ocrx_word' id='word_1_95' title='bbox 432 1114 594 1144; x_wconf 85' lang='lat' dir='ltr'><strong>usitatum</strong></span> <span class='ocrx_word' id='word_1_96' title='bbox 611 1113 644 1144; x_wconf 89' lang='lat' dir='ltr'><strong>id</strong></span> <span class='ocrx_word' id='word_1_97' title='bbox 660 1113 749 1144; x_wconf 74' lang='lat' dir='ltr'><strong>Celsi</strong></span> <span class='ocrx_word' id='word_1_98' title='bbox 763 1114 981 1153; x_wconf 75' lang='lat' dir='ltr'><strong>exscriptori,</strong></span> 
     </span>
     <span class='ocr_line' id='line_1_19' title="bbox 276 1164 975 1206; baseline 0.001 -12"><span class='ocrx_word' id='word_1_99' title='bbox 276 1164 333 1206; x_wconf 86' lang='lat' dir='ltr'><strong>qui</strong></span> <span class='ocrx_word' id='word_1_100' title='bbox 350 1174 416 1195; x_wconf 88' lang='lat' dir='ltr'><strong>non</strong></span> <span class='ocrx_word' id='word_1_101' title='bbox 431 1174 506 1194; x_wconf 79' lang='lat' dir='ltr'><strong>raro</strong></span> <span class='ocrx_word' id='word_1_102' title='bbox 522 1165 605 1195; x_wconf 82' lang='lat' dir='ltr'><strong>tales</strong></span> <span class='ocrx_word' id='word_1_103' title='bbox 621 1165 691 1204; x_wconf 84' lang='lat' dir='ltr'><strong>ipse</strong></span> <span class='ocrx_word' id='word_1_104' title='bbox 707 1174 804 1195; x_wconf 81' lang='lat' dir='ltr'><strong>voces</strong></span> <span class='ocrx_word' id='word_1_105' title='bbox 817 1170 975 1205; x_wconf 77' lang='lat' dir='ltr'><strong>usurpat:</strong></span> 
     </span>
     <span class='ocr_line' id='line_1_20' title="bbox 275 1213 978 1254; baseline 0.001 -10"><span class='ocrx_word' id='word_1_106' title='bbox 275 1214 326 1245; x_wconf 74' lang='lat' dir='ltr'><strong>sic</strong></span> <span class='ocrx_word' id='word_1_107' title='bbox 350 1213 539 1244; x_wconf 62' lang='lat' dir='ltr'><strong>‘Arvernae</strong></span> <span class='ocrx_word' id='word_1_108' title='bbox 572 1213 745 1254; x_wconf 82' lang='lat' dir='ltr'><strong>princeps&#39;</strong></span> <span class='ocrx_word' id='word_1_109' title='bbox 776 1214 844 1244; x_wconf 74' lang='lat' dir='ltr'><strong>ait:</strong></span> <span class='ocrx_word' id='word_1_110' title='bbox 877 1215 924 1244; x_wconf 89' lang='lat' dir='ltr'><strong>sic</strong></span> <span class='ocrx_word' id='word_1_111' title='bbox 942 1220 978 1245; x_wconf 86' lang='lat' dir='ltr'><strong>et</strong></span> 
     </span>
     <span class='ocr_line' id='line_1_21' title="bbox 274 1265 977 1306; baseline 0 -12"><span class='ocrx_word' id='word_1_112' title='bbox 274 1265 414 1295; x_wconf 79' lang='lat' dir='ltr'><strong>AEduum</strong></span> <span class='ocrx_word' id='word_1_113' title='bbox 435 1265 587 1304; x_wconf 87' lang='lat' dir='ltr'><strong>appellat</strong></span> <span class='ocrx_word' id='word_1_114' title='bbox 604 1265 736 1303; x_wconf 82' lang='lat' dir='ltr'><strong>AEduos,</strong></span> <span class='ocrx_word' id='word_1_115' title='bbox 760 1274 835 1295; x_wconf 86' lang='lat' dir='ltr'><strong>cum</strong></span> <span class='ocrx_word' id='word_1_116' title='bbox 851 1265 977 1306; x_wconf 86' lang='lat' dir='ltr'><strong>inquit:</strong></span> 
     </span>
     <span class='ocr_line' id='line_1_22' title="bbox 273 1313 978 1355; baseline 0 -10"><span class='ocrx_word' id='word_1_117' title='bbox 273 1314 284 1330; x_wconf 89' lang='lat'>‘</span> <span class='ocrx_word' id='word_1_118' title='bbox 303 1313 475 1355; x_wconf 71' lang='lat' dir='ltr'><strong>Nulloque</strong></span> <span class='ocrx_word' id='word_1_119' title='bbox 509 1313 657 1345; x_wconf 82' lang='lat' dir='ltr'><strong>hostium</strong></span> <span class='ocrx_word' id='word_1_120' title='bbox 693 1314 899 1355; x_wconf 76' lang='lat' dir='ltr'><strong>insequenti,</strong></span> <span class='ocrx_word' id='word_1_121' title='bbox 925 1315 978 1345; x_wconf 73' lang='lat' dir='ltr'><strong>ffi-</strong></span> 
     </span>
     <span class='ocr_line' id='line_1_23' title="bbox 275 1363 980 1403; baseline 0 -9"><span class='ocrx_word' id='word_1_122' title='bbox 275 1363 381 1394; x_wconf 85' lang='lat' dir='ltr'><strong>duum</strong></span> <span class='ocrx_word' id='word_1_123' title='bbox 397 1373 526 1402; x_wconf 85' lang='lat' dir='ltr'><strong>versus,</strong></span> <span class='ocrx_word' id='word_1_124' title='bbox 551 1364 606 1394; x_wconf 86' lang='lat' dir='ltr'><strong>ubi</strong></span> <span class='ocrx_word' id='word_1_125' title='bbox 631 1364 775 1394; x_wconf 78' lang='lat' dir='ltr'><strong>maxime</strong></span> <span class='ocrx_word' id='word_1_126' title='bbox 794 1365 980 1403; x_wconf 80' lang='lat' dir='ltr'><strong>metuebat,</strong></span> 
     </span>
     <span class='ocr_line' id='line_1_24' title="bbox 273 1412 980 1453; baseline 0.001 -9"><span class='ocrx_word' id='word_1_127' title='bbox 273 1413 472 1444; x_wconf 77' lang='lat' dir='ltr'><strong>institutum</strong></span> <span class='ocrx_word' id='word_1_128' title='bbox 511 1413 578 1443; x_wconf 89' lang='lat' dir='ltr'><strong>iter</strong></span> <span class='ocrx_word' id='word_1_129' title='bbox 615 1412 780 1453; x_wconf 88' lang='lat' dir='ltr'><strong>arripuit.&#39;</strong></span> <span class='ocrx_word' id='word_1_130' title='bbox 831 1413 907 1445; x_wconf 63' lang='lat' dir='ltr'><strong>Nisi</strong></span> <span class='ocrx_word' id='word_1_131' title='bbox 923 1415 980 1445; x_wconf 80' lang='lat' dir='ltr'><strong>AE-</strong></span> 
     </span>
     <span class='ocr_line' id='line_1_25' title="bbox 274 1463 980 1503; baseline 0 -9"><span class='ocrx_word' id='word_1_132' title='bbox 274 1463 369 1494; x_wconf 76' lang='lat' dir='ltr'><strong>duam</strong></span> <span class='ocrx_word' id='word_1_133' title='bbox 403 1463 520 1503; x_wconf 84' lang='lat' dir='ltr'><strong>legere</strong></span> <span class='ocrx_word' id='word_1_134' title='bbox 549 1463 655 1494; x_wconf 86' lang='lat' dir='ltr'><strong>malis.</strong></span> <span class='ocrx_word' id='word_1_135' title='bbox 711 1464 839 1495; x_wconf 82' lang='lat' dir='ltr'><strong>Postea</strong></span> <span class='ocrx_word' id='word_1_136' title='bbox 867 1468 980 1495; x_wconf 90' lang='lat' dir='ltr'><strong>tamen</strong></span> 
     </span>
     <span class='ocr_line' id='line_1_26' title="bbox 274 1514 981 1554; baseline 0.001 -9"><span class='ocrx_word' id='word_1_137' title='bbox 274 1523 391 1545; x_wconf 86' lang='lat' dir='ltr'><strong>rursus</strong></span> <span class='ocrx_word' id='word_1_138' title='bbox 408 1514 456 1545; x_wconf 90' lang='lat' dir='ltr'><strong>ait</strong></span> <span class='ocrx_word' id='word_1_139' title='bbox 471 1525 478 1544; x_wconf 94' lang='lat'>:</span> <span class='ocrx_word' id='word_1_140' title='bbox 505 1515 513 1531; x_wconf 86' lang='lat'>‘</span> <span class='ocrx_word' id='word_1_141' title='bbox 533 1518 656 1554; x_wconf 88' lang='lat' dir='ltr'><strong>petunt</strong></span> <span class='ocrx_word' id='word_1_142' title='bbox 670 1519 708 1546; x_wconf 92' lang='lat' dir='ltr'><strong>ut</strong></span> <span class='ocrx_word' id='word_1_143' title='bbox 723 1514 867 1545; x_wconf 77' lang='lat' dir='ltr'><strong>AEduum</strong></span> <span class='ocrx_word' id='word_1_144' title='bbox 886 1524 981 1546; x_wconf 89' lang='lat' dir='ltr'><strong>acce-</strong></span> 
     </span>
     <span class='ocr_line' id='line_1_27' title="bbox 275 1564 981 1597; baseline 0.003 -2"><span class='ocrx_word' id='word_1_145' title='bbox 275 1564 356 1596; x_wconf 62' lang='lat' dir='ltr'><strong>dat!</strong></span> <span class='ocrx_word' id='word_1_146' title='bbox 406 1565 536 1596; x_wconf 65' lang='lat' dir='ltr'><strong>sossius.</strong></span> <span class='ocrx_word' id='word_1_147' title='bbox 582 1564 652 1595; x_wconf 92' lang='lat' dir='ltr'><strong>Pro</strong></span> <span class='ocrx_word' id='word_1_148' title='bbox 676 1565 727 1595; x_wconf 86' lang='lat' dir='ltr'><strong>his</strong></span> <span class='ocrx_word' id='word_1_149' title='bbox 747 1566 884 1596; x_wconf 81' lang='lat' dir='ltr'><strong>vocibus</strong></span> <span class='ocrx_word' id='word_1_150' title='bbox 903 1566 981 1597; x_wconf 87' lang='lat' dir='ltr'><strong>Pet.</strong></span> 
     </span>
     <span class='ocr_line' id='line_1_28' title="bbox 276 1614 981 1656; baseline 0.001 -11"><span class='ocrx_word' id='word_1_151' title='bbox 276 1614 477 1646; x_wconf 77' lang='lat' dir='ltr'><strong>ciacconius</strong></span> <span class='ocrx_word' id='word_1_152' title='bbox 502 1618 538 1646; x_wconf 87' lang='lat' dir='ltr'><strong>et</strong></span> <span class='ocrx_word' id='word_1_153' title='bbox 565 1614 662 1646; x_wconf 74' lang='lat' dir='ltr'><strong>Fuxv.</strong></span> <span class='ocrx_word' id='word_1_154' title='bbox 681 1615 822 1646; x_wconf 75' lang='lat' dir='ltr'><strong>Ursinus</strong></span> <span class='ocrx_word' id='word_1_155' title='bbox 846 1625 981 1656; x_wconf 85' lang='lat' dir='ltr'><strong>reposu-</strong></span> 
     </span>
     <span class='ocr_line' id='line_1_29' title="bbox 275 1664 981 1700; baseline 0.001 -4"><span class='ocrx_word' id='word_1_156' title='bbox 275 1669 377 1696; x_wconf 85' lang='lat' dir='ltr'><strong>erunt</strong></span> <span class='ocrx_word' id='word_1_157' title='bbox 403 1664 440 1694; x_wconf 84' lang='lat' dir='ltr'><strong>ab</strong></span> <span class='ocrx_word' id='word_1_158' title='bbox 463 1665 571 1700; x_wconf 81' lang='lat' dir='ltr'><strong>hoste,-</strong></span> <span class='ocrx_word' id='word_1_159' title='bbox 605 1674 662 1696; x_wconf 82' lang='lat' dir='ltr'><strong>eas</strong></span> <span class='ocrx_word' id='word_1_160' title='bbox 685 1670 798 1696; x_wconf 86' lang='lat' dir='ltr'><strong>autem</strong></span> <span class='ocrx_word' id='word_1_161' title='bbox 814 1666 909 1697; x_wconf 87' lang='lat' dir='ltr'><strong>uncis</strong></span> <span class='ocrx_word' id='word_1_162' title='bbox 932 1666 981 1697; x_wconf 87' lang='lat' dir='ltr'><strong>in-</strong></span> 
     </span>
     <span class='ocr_line' id='line_1_30' title="bbox 275 1714 980 1754; baseline 0 -9"><span class='ocrx_word' id='word_1_163' title='bbox 275 1714 378 1745; x_wconf 78' lang='lat' dir='ltr'><strong>clusit</strong></span> <span class='ocrx_word' id='word_1_164' title='bbox 407 1714 482 1746; x_wconf 82' lang='lat' dir='ltr'><strong>Jos.</strong></span> <span class='ocrx_word' id='word_1_165' title='bbox 510 1714 686 1754; x_wconf 82' lang='lat' dir='ltr'><strong>Scaliger3</strong></span> <span class='ocrx_word' id='word_1_166' title='bbox 727 1723 841 1745; x_wconf 85' lang='lat' dir='ltr'><strong>omnes</strong></span> <span class='ocrx_word' id='word_1_167' title='bbox 867 1718 980 1746; x_wconf 84' lang='lat' dir='ltr'><strong>tamen</strong></span> 
     </span>
     <span class='ocr_line' id='line_1_31' title="bbox 276 1763 980 1803; baseline 0.003 -9"><span class='ocrx_word' id='word_1_168' title='bbox 276 1763 428 1795; x_wconf 83' lang='lat' dir='ltr'><strong>retinent</strong></span> <span class='ocrx_word' id='word_1_169' title='bbox 453 1764 611 1803; x_wconf 83' lang='lat' dir='ltr'><strong>Codices,</strong></span> <span class='ocrx_word' id='word_1_170' title='bbox 633 1764 738 1794; x_wconf 87' lang='lat' dir='ltr'><strong>etiam</strong></span> <span class='ocrx_word' id='word_1_171' title='bbox 765 1764 907 1795; x_wconf 78' lang='lat' dir='ltr'><strong>Graecus</strong></span> <span class='ocrx_word' id='word_1_172' title='bbox 923 1765 980 1796; x_wconf 90' lang='lat' dir='ltr'><strong>ha-</strong></span> 
     </span>
     <span class='ocr_line' id='line_1_32' title="bbox 273 1812 981 1855; baseline -0.001 -10"><span class='ocrx_word' id='word_1_173' title='bbox 273 1813 335 1846; x_wconf 84' lang='lat' dir='ltr'><strong>bet</strong></span> <span class='ocrx_word' id='word_1_174' title='bbox 363 1813 423 1844; x_wconf 78' lang='grc' dir='ltr'><strong>ἀπὸ</strong></span> <span class='ocrx_word' id='word_1_175' title='bbox 447 1815 503 1850; x_wconf 81' lang='grc' dir='ltr'><strong>τῆς</strong></span> <span class='ocrx_word' id='word_1_176' title='bbox 519 1812 619 1853; x_wconf 68' lang='lat' dir='ltr'><strong>Rotas,</strong></span> <span class='ocrx_word' id='word_1_177' title='bbox 643 1819 682 1844; x_wconf 92' lang='lat' dir='ltr'><strong>ut</strong></span> <span class='ocrx_word' id='word_1_178' title='bbox 708 1814 870 1844; x_wconf 87' lang='lat' dir='ltr'><strong>Boiorum</strong></span> <span class='ocrx_word' id='word_1_179' title='bbox 887 1815 981 1855; x_wconf 86' lang='lat' dir='ltr'><strong>regio</strong></span> 
     </span>
     <span class='ocr_line' id='line_1_33' title="bbox 276 1863 979 1903; baseline 0.001 -9"><span class='ocrx_word' id='word_1_180' title='bbox 276 1863 369 1895; x_wconf 86' lang='lat' dir='ltr'><strong>forte</strong></span> <span class='ocrx_word' id='word_1_181' title='bbox 398 1865 442 1895; x_wconf 88' lang='lat' dir='ltr'><strong>sit</strong></span> <span class='ocrx_word' id='word_1_182' title='bbox 469 1863 700 1903; x_wconf 82' lang='lat' dir='ltr'><strong>intelligenda,</strong></span> <span class='ocrx_word' id='word_1_183' title='bbox 732 1863 851 1895; x_wconf 88' lang='lat' dir='ltr'><strong>eodem</strong></span> <span class='ocrx_word' id='word_1_184' title='bbox 879 1864 979 1895; x_wconf 91' lang='lat' dir='ltr'><strong>modo</strong></span> 
     </span>
     <span class='ocr_line' id='line_1_34' title="bbox 276 1914 979 1946; baseline 0 0"><span class='ocrx_word' id='word_1_185' title='bbox 276 1923 317 1946; x_wconf 82' lang='lat' dir='ltr'><strong>ac</strong></span> <span class='ocrx_word' id='word_1_186' title='bbox 331 1923 386 1945; x_wconf 92' lang='grc' dir='ltr'><strong>ιιι.</strong></span> <span class='ocrx_word' id='word_1_187' title='bbox 403 1918 434 1945; x_wconf 82' lang='grc'><strong>9.</strong></span> <span class='ocrx_word' id='word_1_188' title='bbox 483 1914 641 1945; x_wconf 80' lang='lat' dir='ltr'><strong>Venetiam</strong></span> <span class='ocrx_word' id='word_1_189' title='bbox 663 1914 752 1945; x_wconf 84' lang='lat' dir='ltr'><strong>dixit</strong></span> <span class='ocrx_word' id='word_1_190' title='bbox 767 1914 979 1946; x_wconf 76' lang='lat' dir='ltr'><strong>Venetorum</strong></span> 
     </span>
     <span class='ocr_line' id='line_1_35' title="bbox 274 1964 979 2006; baseline -0.001 -10"><span class='ocrx_word' id='word_1_191' title='bbox 274 1968 421 2002; x_wconf 83' lang='lat' dir='ltr'><strong>terram;</strong></span> <span class='ocrx_word' id='word_1_192' title='bbox 447 1965 607 1996; x_wconf 88' lang='lat' dir='ltr'><strong>Boiorum</strong></span> <span class='ocrx_word' id='word_1_193' title='bbox 636 1964 725 1995; x_wconf 90' lang='lat' dir='ltr'><strong>enim</strong></span> <span class='ocrx_word' id='word_1_194' title='bbox 743 1964 841 1995; x_wconf 76' lang='lat' dir='ltr'><strong>urbes</strong></span> <span class='ocrx_word' id='word_1_195' title='bbox 864 1969 899 1995; x_wconf 87' lang='lat' dir='ltr'><strong>et</strong></span> <span class='ocrx_word' id='word_1_196' title='bbox 923 1974 979 2006; x_wconf 82' lang='lat' dir='ltr'><strong>pa-</strong></span> 
     </span>
     <span class='ocr_line' id='line_1_36' title="bbox 273 2014 979 2055; baseline 0 -8"><span class='ocrx_word' id='word_1_197' title='bbox 273 2014 353 2047; x_wconf 87' lang='lat' dir='ltr'><strong>bula</strong></span> <span class='ocrx_word' id='word_1_198' title='bbox 370 2024 435 2046; x_wconf 89' lang='lat' dir='ltr'><strong>non</strong></span> <span class='ocrx_word' id='word_1_199' title='bbox 453 2024 525 2046; x_wconf 82' lang='lat' dir='ltr'><strong>esse</strong></span> <span class='ocrx_word' id='word_1_200' title='bbox 543 2015 679 2046; x_wconf 87' lang='lat' dir='ltr'><strong>incensa</strong></span> <span class='ocrx_word' id='word_1_201' title='bbox 701 2019 800 2055; x_wconf 88' lang='lat' dir='ltr'><strong>patet</strong></span> <span class='ocrx_word' id='word_1_202' title='bbox 822 2025 865 2046; x_wconf 81' lang='lat' dir='ltr'><strong>ex</strong></span> <span class='ocrx_word' id='word_1_203' title='bbox 879 2026 909 2046; x_wconf 89' lang='lat' dir='ltr'><strong>c.</strong></span> <span class='ocrx_word' id='word_1_204' title='bbox 928 2019 979 2047; x_wconf 83' lang='grc'><strong>17.</strong></span> 
     </span>
     <span class='ocr_line' id='line_1_37' title="bbox 274 2063 980 2104; baseline 0.003 -9"><span class='ocrx_word' id='word_1_205' title='bbox 274 2063 324 2095; x_wconf 76' lang='lat' dir='ltr'><strong>Ut</strong></span> <span class='ocrx_word' id='word_1_206' title='bbox 350 2068 463 2095; x_wconf 81' lang='lat' dir='ltr'><strong>tamen</strong></span> <span class='ocrx_word' id='word_1_207' title='bbox 488 2074 603 2095; x_wconf 84' lang='lat' dir='ltr'><strong>verum</strong></span> <span class='ocrx_word' id='word_1_208' title='bbox 628 2065 751 2104; x_wconf 72' lang='lat' dir='ltr'><strong>fatear,</strong></span> <span class='ocrx_word' id='word_1_209' title='bbox 775 2075 828 2096; x_wconf 93' lang='lat' dir='ltr'><strong>me</strong></span> <span class='ocrx_word' id='word_1_210' title='bbox 852 2075 918 2097; x_wconf 89' lang='lat' dir='ltr'><strong>non</strong></span> <span class='ocrx_word' id='word_1_211' title='bbox 935 2066 980 2097; x_wconf 86' lang='lat' dir='ltr'><strong>in-</strong></span> 
     </span>
     <span class='ocr_line' id='line_1_38' title="bbox 275 2114 980 2156; baseline 0.001 -10"><span class='ocrx_word' id='word_1_212' title='bbox 275 2123 408 2146; x_wconf 82' lang='lat' dir='ltr'><strong>sensum</strong></span> <span class='ocrx_word' id='word_1_213' title='bbox 433 2114 586 2154; x_wconf 81' lang='lat' dir='ltr'><strong>haberet,</strong></span> <span class='ocrx_word' id='word_1_214' title='bbox 609 2115 663 2146; x_wconf 91' lang='lat' dir='ltr'><strong>cui</strong></span> <span class='ocrx_word' id='word_1_215' title='bbox 691 2115 765 2147; x_wconf 82' lang='lat' dir='ltr'><strong>haec</strong></span> <span class='ocrx_word' id='word_1_216' title='bbox 788 2115 905 2156; x_wconf 88' lang='lat' dir='ltr'><strong>verba,</strong></span> <span class='ocrx_word' id='word_1_217' title='bbox 927 2116 980 2147; x_wconf 82' lang='lat' dir='ltr'><strong>hoc</strong></span> 
     </span>
     <span class='ocr_line' id='line_1_39' title="bbox 275 2164 981 2206; baseline 0.004 -11"><span class='ocrx_word' id='word_1_218' title='bbox 275 2167 333 2204; x_wconf 80' lang='lat' dir='ltr'><strong>est,</strong></span> <span class='ocrx_word' id='word_1_219' title='bbox 347 2164 447 2204; x_wconf 77' lang='lat' dir='ltr'><strong>spatio</strong></span> <span class='ocrx_word' id='word_1_220' title='bbox 462 2175 481 2194; x_wconf 84' lang='lat' dir='ltr'><em>a</em></span> <span class='ocrx_word' id='word_1_221' title='bbox 498 2165 580 2196; x_wconf 80' lang='lat' dir='ltr'><strong>Boia</strong></span> <span class='ocrx_word' id='word_1_222' title='bbox 595 2176 711 2206; x_wconf 80' lang='lat' dir='ltr'><strong>quoque</strong></span> <span class='ocrx_word' id='word_1_223' title='bbox 728 2176 843 2204; x_wconf 66' lang='lat' dir='ltr'><strong>versu-3,</strong></span> <span class='ocrx_word' id='word_1_224' title='bbox 860 2176 878 2197; x_wconf 91' lang='lat' dir='ltr'><strong>e</strong></span> <span class='ocrx_word' id='word_1_225' title='bbox 895 2177 981 2198; x_wconf 87' lang='lat' dir='ltr'><strong>mar·</strong></span> 
     </span>
     <span class='ocr_line' id='line_1_40' title="bbox 276 2213 979 2256; baseline 0.007 -12"><span class='ocrx_word' id='word_1_226' title='bbox 276 2213 357 2254; x_wconf 86' lang='lat' dir='ltr'><strong>gine</strong></span> <span class='ocrx_word' id='word_1_227' title='bbox 380 2214 413 2244; x_wconf 91' lang='lat' dir='ltr'><strong>in</strong></span> <span class='ocrx_word' id='word_1_228' title='bbox 432 2218 562 2246; x_wconf 83' lang='lat' dir='ltr'><strong>textum</strong></span> <span class='ocrx_word' id='word_1_229' title='bbox 580 2215 756 2256; x_wconf 82' lang='lat' dir='ltr'><strong>irrepsisse</strong></span> <span class='ocrx_word' id='word_1_230' title='bbox 772 2216 979 2249; x_wconf 79' lang='lat' dir='ltr'><strong>viderentur.</strong></span> 
     </span>
     <span class='ocr_line' id='line_1_41' title="bbox 275 2264 980 2308; baseline 0.006 -13"><span class='ocrx_word' id='word_1_231' title='bbox 275 2264 389 2296; x_wconf 71' lang='lat' dir='ltr'><strong>Dat-is.</strong></span> <span class='ocrx_word' id='word_1_232' title='bbox 446 2266 560 2296; x_wconf 79' lang='lat' dir='ltr'><strong>Voces</strong></span> <span class='ocrx_word' id='word_1_233' title='bbox 594 2267 636 2306; x_wconf 77' lang='lat' dir='ltr'><strong>(a</strong></span> <span class='ocrx_word' id='word_1_234' title='bbox 666 2266 774 2306; x_wconf 73' lang='lat' dir='ltr'><strong>Boia)</strong></span> <span class='ocrx_word' id='word_1_235' title='bbox 805 2273 980 2308; x_wconf 78' lang='lat' dir='ltr'><strong>suspectas</strong></span> 
     </span>
     <span class='ocr_line' id='line_1_42' title="bbox 273 2314 980 2356; baseline 0.004 -10"><span class='ocrx_word' id='word_1_236' title='bbox 273 2314 379 2346; x_wconf 80' lang='lat' dir='ltr'><strong>habet</strong></span> <span class='ocrx_word' id='word_1_237' title='bbox 394 2315 558 2356; x_wconf 81' lang='lat' dir='ltr'><strong>Scaliger.</strong></span> <span class='ocrx_word' id='word_1_238' title='bbox 582 2316 739 2348; x_wconf 84' lang='lat' dir='ltr'><strong>Davisius</strong></span> <span class='ocrx_word' id='word_1_239' title='bbox 760 2321 796 2348; x_wconf 90' lang='lat' dir='ltr'><strong>et</strong></span> <span class='ocrx_word' id='word_1_240' title='bbox 811 2317 980 2350; x_wconf 83' lang='lat' dir='ltr'><strong>Amstelo-</strong></span> 
     </span>
     <span class='ocr_line' id='line_1_43' title="bbox 279 2365 980 2409; baseline 0.006 -13"><span class='ocrx_word' id='word_1_241' title='bbox 279 2365 471 2406; x_wconf 81' lang='lat' dir='ltr'><strong>damenses,</strong></span> <span class='ocrx_word' id='word_1_242' title='bbox 500 2376 542 2398; x_wconf 81' lang='lat' dir='ltr'><strong>ex</strong></span> <span class='ocrx_word' id='word_1_243' title='bbox 566 2367 714 2398; x_wconf 89' lang='lat' dir='ltr'><strong>editione</strong></span> <span class='ocrx_word' id='word_1_244' title='bbox 743 2367 980 2409; x_wconf 86' lang='lat' dir='ltr'><strong>Jungermani,</strong></span> 
     </span>
     <span class='ocr_line' id='line_1_44' title="bbox 279 2415 980 2458; baseline 0.007 -12"><span class='ocrx_word' id='word_1_245' title='bbox 279 2415 510 2456; x_wconf 80' lang='lat' dir='ltr'><strong>scripserunt:</strong></span> <span class='ocrx_word' id='word_1_246' title='bbox 541 2418 612 2449; x_wconf 82' lang='lat' dir='ltr'><strong>Hoc</strong></span> <span class='ocrx_word' id='word_1_247' title='bbox 636 2425 707 2456; x_wconf 78' lang='lat' dir='ltr'><strong>EST,</strong></span> <span class='ocrx_word' id='word_1_248' title='bbox 735 2421 837 2458; x_wconf 74' lang='lat' dir='ltr'><strong>spatio</strong></span> <span class='ocrx_word' id='word_1_249' title='bbox 863 2429 881 2449; x_wconf 87' lang='lat' dir='ltr'><strong><em>a</em></strong></span> <span class='ocrx_word' id='word_1_250' title='bbox 898 2420 980 2452; x_wconf 75' lang='lat' dir='ltr'><strong>Boia</strong></span> 
     </span>
     <span class='ocr_line' id='line_1_45' title="bbox 277 2468 979 2508; baseline 0.007 -12"><span class='ocrx_word' id='word_1_251' title='bbox 277 2475 397 2506; x_wconf 82' lang='lat' dir='ltr'><strong>quoquo</strong></span> <span class='ocrx_word' id='word_1_252' title='bbox 413 2476 532 2507; x_wconf 72' lang='lat' dir='ltr'><strong>versus,</strong></span> <span class='ocrx_word' id='word_1_253' title='bbox 546 2477 616 2508; x_wconf 84' lang='lat' dir='ltr'><strong>quo,</strong></span> <span class='ocrx_word' id='word_1_254' title='bbox 629 2469 681 2506; x_wconf 64' lang='grc' dir='ltr'><strong>ἂγε.</strong></span> <span class='ocrx_word' id='word_1_255' title='bbox 705 2468 870 2500; x_wconf 78' lang='lat' dir='ltr'><strong>Nimirum</strong></span> <span class='ocrx_word' id='word_1_256' title='bbox 887 2469 979 2501; x_wconf 90' lang='lat' dir='ltr'><strong>istud</strong></span> 
     </span>
     <span class='ocr_line' id='line_1_46' title="bbox 244 2518 979 2561; baseline 0.004 -13"><span class='ocrx_word' id='word_1_257' title='bbox 244 2522 246 2524; x_wconf 80' lang='grc'>’</span> <span class='ocrx_word' id='word_1_258' title='bbox 277 2519 324 2548; x_wconf 78' lang='lat' dir='ltr'><strong>est</strong></span> <span class='ocrx_word' id='word_1_259' title='bbox 350 2525 465 2548; x_wconf 86' lang='lat' dir='ltr'><strong>errore</strong></span> <span class='ocrx_word' id='word_1_260' title='bbox 490 2518 747 2558; x_wconf 76' lang='lat' dir='ltr'><strong>typographico,</strong></span> <span class='ocrx_word' id='word_1_261' title='bbox 773 2524 810 2550; x_wconf 93' lang='lat' dir='ltr'><strong>ut</strong></span> <span class='ocrx_word' id='word_1_262' title='bbox 848 2520 979 2561; x_wconf 87' lang='lat' dir='ltr'><strong>opinor,</strong></span> 
     </span>
     <span class='ocr_line' id='line_1_47' title="bbox 276 2566 980 2611; baseline 0.007 -14"><span class='ocrx_word' id='word_1_263' title='bbox 276 2566 426 2608; x_wconf 77' lang='lat' dir='ltr'><strong>irrepsit.</strong></span> <span class='ocrx_word' id='word_1_264' title='bbox 462 2567 563 2600; x_wconf 79' lang='lat' dir='ltr'><strong>Quod</strong></span> <span class='ocrx_word' id='word_1_265' title='bbox 580 2578 653 2599; x_wconf 88' lang='lat' dir='ltr'><strong>cum</strong></span> <span class='ocrx_word' id='word_1_266' title='bbox 672 2570 873 2601; x_wconf 79' lang='lat' dir='ltr'><strong>sententiam</strong></span> <span class='ocrx_word' id='word_1_267' title='bbox 888 2580 980 2611; x_wconf 88' lang='lat' dir='ltr'><strong>pror-</strong></span> 
     </span>
     <span class='ocr_line' id='line_1_48' title="bbox 275 2617 978 2658; baseline 0.006 -10"><span class='ocrx_word' id='word_1_268' title='bbox 275 2625 331 2648; x_wconf 78' lang='lat' dir='ltr'><strong>sus</strong></span> <span class='ocrx_word' id='word_1_269' title='bbox 353 2617 583 2658; x_wconf 89' lang='lat' dir='ltr'><strong>perturbaret,</strong></span> <span class='ocrx_word' id='word_1_270' title='bbox 606 2618 787 2651; x_wconf 86' lang='lat' dir='ltr'><strong>delendum</strong></span> <span class='ocrx_word' id='word_1_271' title='bbox 807 2621 978 2652; x_wconf 77' lang='lat' dir='ltr'><strong>existima-</strong></span> 
     </span>
     <span class='ocr_line' id='line_1_49' title="bbox 275 2667 979 2712; baseline 0.006 -14"><span class='ocrx_word' id='word_1_272' title='bbox 275 2667 326 2698; x_wconf 85' lang='lat' dir='ltr'><strong>vit</strong></span> <span class='ocrx_word' id='word_1_273' title='bbox 343 2667 502 2699; x_wconf 87' lang='lat' dir='ltr'><strong>Davisius</strong></span> <span class='ocrx_word' id='word_1_274' title='bbox 519 2673 625 2699; x_wconf 87' lang='lat' dir='ltr'><strong>totum</strong></span> <span class='ocrx_word' id='word_1_275' title='bbox 642 2669 736 2709; x_wconf 87' lang='lat' dir='ltr'><strong>illud,</strong></span> <span class='ocrx_word' id='word_1_276' title='bbox 758 2670 813 2701; x_wconf 82' lang='lat' dir='ltr'><strong>hoc</strong></span> <span class='ocrx_word' id='word_1_277' title='bbox 829 2674 888 2711; x_wconf 80' lang='lat' dir='ltr'><strong>est,</strong></span> <span class='ocrx_word' id='word_1_278' title='bbox 909 2681 979 2712; x_wconf 82' lang='lat' dir='ltr'><strong>spa-</strong></span> 
     </span>
     <span class='ocr_line' id='line_1_50' title="bbox 276 2717 975 2763; baseline 0.004 -14"><span class='ocrx_word' id='word_1_279' title='bbox 276 2717 322 2749; x_wconf 73' lang='lat' dir='ltr'><strong>tio</strong></span> <span class='ocrx_word' id='word_1_280' title='bbox 337 2728 357 2749; x_wconf 83' lang='lat' dir='ltr'><strong><em>a</em></strong></span> <span class='ocrx_word' id='word_1_281' title='bbox 372 2718 455 2750; x_wconf 79' lang='lat' dir='ltr'><strong>Boia</strong></span> <span class='ocrx_word' id='word_1_282' title='bbox 466 2728 698 2760; x_wconf 69' lang='lat' dir='ltr'><strong>quoquot-ersus.</strong></span> <span class='ocrx_word' id='word_1_283' title='bbox 725 2720 790 2751; x_wconf 86' lang='lat' dir='ltr'><strong>Sed</strong></span> <span class='ocrx_word' id='word_1_284' title='bbox 807 2720 841 2751; x_wconf 90' lang='lat' dir='ltr'><strong>in</strong></span> <span class='ocrx_word' id='word_1_285' title='bbox 852 2721 975 2763; x_wconf 75' lang='lat' dir='ltr'><strong>Vulgg.</strong></span> 
     </span>
     <span class='ocr_line' id='line_1_51' title="bbox 276 2771 977 2815; baseline 0.004 -14"><span class='ocrx_word' id='word_1_286' title='bbox 276 2777 394 2802; x_wconf 76' lang='lat' dir='ltr'><strong>sensus</strong></span> <span class='ocrx_word' id='word_1_287' title='bbox 439 2773 492 2802; x_wconf 87' lang='lat' dir='ltr'><strong>est</strong></span> <span class='ocrx_word' id='word_1_288' title='bbox 525 2771 735 2815; x_wconf 85' lang='lat' dir='ltr'><strong>perspicuus.</strong></span> <span class='ocrx_word' id='word_1_289' title='bbox 796 2771 903 2804; x_wconf 78' lang='lat' dir='ltr'><strong>Clark.</strong></span> <span class='ocrx_word' id='word_1_290' title='bbox 955 2782 977 2804; x_wconf 71' lang='grc' dir='ltr'><strong>ει</strong></span> 
     </span>
    </p>
   </div>
   <div class='ocr_carea' id='block_1_3' title="bbox 737 213 1261 245">
    <p class='ocr_par' dir='ltr' id='par_1_4' title="bbox 737 213 1261 245">
     <span class='ocr_line' id='line_1_52' title="bbox 737 213 1261 245; baseline 0 -1"><span class='ocrx_word' id='word_1_291' title='bbox 737 213 881 245; x_wconf 80' lang='lat' dir='ltr'>NOTAE</span> <span class='ocrx_word' id='word_1_292' title='bbox 915 214 1177 245; x_wconf 80' lang='lat' dir='ltr'>VARIORUM</span> <span class='ocrx_word' id='word_1_293' title='bbox 1210 214 1261 244; x_wconf 81' lang='lat' dir='ltr'><strong>IN</strong></span> 
     </span>
    </p>
   </div>
   <div class='ocr_carea' id='block_1_4' title="bbox 1024 306 1746 2814">
    <p class='ocr_par' dir='ltr' id='par_1_5' title="bbox 1024 306 1724 449">
     <span class='ocr_line' id='line_1_53' title="bbox 1026 306 1722 347; baseline 0.003 -8"><span class='ocrx_word' id='word_1_294' title='bbox 1026 309 1115 347; x_wconf 76' lang='lat' dir='ltr'><strong>Bojis</strong></span> <span class='ocrx_word' id='word_1_295' title='bbox 1137 309 1255 339; x_wconf 81' lang='lat' dir='ltr'><strong>mallet</strong></span> <span class='ocrx_word' id='word_1_296' title='bbox 1272 306 1450 340; x_wconf 84' lang='lat' dir='ltr'><strong>Cellarius.</strong></span> <span class='ocrx_word' id='word_1_297' title='bbox 1493 307 1534 339; x_wconf 92' lang='lat' dir='ltr'><strong>In</strong></span> <span class='ocrx_word' id='word_1_298' title='bbox 1559 308 1649 340; x_wconf 72' lang='lat' dir='ltr'><strong>curia</strong></span> <span class='ocrx_word' id='word_1_299' title='bbox 1671 318 1722 342; x_wconf 75' lang='lat' dir='ltr'><strong>se-</strong></span> 
     </span>
     <span class='ocr_line' id='line_1_54' title="bbox 1025 358 1723 398; baseline 0.003 -9"><span class='ocrx_word' id='word_1_300' title='bbox 1025 359 1143 390; x_wconf 83' lang='lat' dir='ltr'><strong>cundis</strong></span> <span class='ocrx_word' id='word_1_301' title='bbox 1167 359 1273 390; x_wconf 85' lang='lat' dir='ltr'><strong>deleri</strong></span> <span class='ocrx_word' id='word_1_302' title='bbox 1294 358 1397 398; x_wconf 82' lang='lat' dir='ltr'><strong>jussit</strong></span> <span class='ocrx_word' id='word_1_303' title='bbox 1424 358 1583 390; x_wconf 80' lang='lat' dir='ltr'><strong>Davisius</strong></span> <span class='ocrx_word' id='word_1_304' title='bbox 1609 358 1654 390; x_wconf 76' lang='lat' dir='ltr'><strong>Ut</strong></span> <span class='ocrx_word' id='word_1_305' title='bbox 1674 362 1723 391; x_wconf 75' lang='lat' dir='ltr'><strong>ta—</strong></span> 
     </span>
     <span class='ocr_line' id='line_1_55' title="bbox 1024 409 1724 449; baseline 0 -8"><span class='ocrx_word' id='word_1_306' title='bbox 1024 420 1105 449; x_wconf 81' lang='lat' dir='ltr'><strong>men,</strong></span> <span class='ocrx_word' id='word_1_307' title='bbox 1120 414 1182 441; x_wconf 70' lang='grc' dir='ltr'><strong>διο.</strong></span> <span class='ocrx_word' id='word_1_308' title='bbox 1199 415 1372 449; x_wconf 82' lang='lat' dir='ltr'><strong>permotus</strong></span> <span class='ocrx_word' id='word_1_309' title='bbox 1388 409 1520 440; x_wconf 80' lang='lat' dir='ltr'><strong>seilicet</strong></span> <span class='ocrx_word' id='word_1_310' title='bbox 1538 418 1557 439; x_wconf 88' lang='lat' dir='ltr'><strong>a</strong></span> <span class='ocrx_word' id='word_1_311' title='bbox 1573 409 1724 442; x_wconf 78' lang='lat' dir='ltr'><strong>Clarkio.</strong></span> 
     </span>
    </p>

    <p class='ocr_par' dir='ltr' id='par_1_6' title="bbox 1027 459 1729 1003">
     <span class='ocr_line' id='line_1_56' title="bbox 1070 459 1725 501; baseline 0 -10"><span class='ocrx_word' id='word_1_312' title='bbox 1070 464 1108 491; x_wconf 83' lang='lat'><strong>15</strong></span> <span class='ocrx_word' id='word_1_313' title='bbox 1135 462 1214 491; x_wconf 80' lang='lat' dir='ltr'><strong>Cum</strong></span> <span class='ocrx_word' id='word_1_314' title='bbox 1227 459 1377 501; x_wconf 75' lang='lat' dir='ltr'><strong>periculo]</strong></span> <span class='ocrx_word' id='word_1_315' title='bbox 1422 459 1475 490; x_wconf 82' lang='lat' dir='ltr'><strong>Ita</strong></span> <span class='ocrx_word' id='word_1_316' title='bbox 1493 464 1586 490; x_wconf 87' lang='lat' dir='ltr'><strong>recte</strong></span> <span class='ocrx_word' id='word_1_317' title='bbox 1609 459 1725 500; x_wconf 81' lang='lat' dir='ltr'><strong>Cujac.</strong></span> 
     </span>
     <span class='ocr_line' id='line_1_57' title="bbox 1027 509 1724 550; baseline 0.001 -9"><span class='ocrx_word' id='word_1_318' title='bbox 1027 509 1116 541; x_wconf 88' lang='lat' dir='ltr'><strong>And.</strong></span> <span class='ocrx_word' id='word_1_319' title='bbox 1148 511 1237 541; x_wconf 80' lang='lat' dir='ltr'><strong>Seni.</strong></span> <span class='ocrx_word' id='word_1_320' title='bbox 1271 510 1364 541; x_wconf 84' lang='lat' dir='ltr'><strong>Leid.</strong></span> <span class='ocrx_word' id='word_1_321' title='bbox 1393 520 1442 550; x_wconf 85' lang='lat' dir='ltr'><strong>pr.</strong></span> <span class='ocrx_word' id='word_1_322' title='bbox 1461 516 1496 541; x_wconf 89' lang='lat' dir='ltr'><strong>et</strong></span> <span class='ocrx_word' id='word_1_323' title='bbox 1519 509 1631 540; x_wconf 85' lang='lat' dir='ltr'><strong>Oxou.</strong></span> <span class='ocrx_word' id='word_1_324' title='bbox 1649 519 1724 542; x_wconf 85' lang='lat' dir='ltr'><strong>cum</strong></span> 
     </span>
     <span class='ocr_line' id='line_1_58' title="bbox 1027 558 1726 601; baseline 0.001 -12"><span class='ocrx_word' id='word_1_325' title='bbox 1027 559 1114 590; x_wconf 91' lang='lat' dir='ltr'><strong>Edd.</strong></span> <span class='ocrx_word' id='word_1_326' title='bbox 1150 560 1332 591; x_wconf 88' lang='lat' dir='ltr'><strong>nonnullis.</strong></span> <span class='ocrx_word' id='word_1_327' title='bbox 1378 560 1513 601; x_wconf 82' lang='lat' dir='ltr'><strong>Reliqui</strong></span> <span class='ocrx_word' id='word_1_328' title='bbox 1552 558 1659 591; x_wconf 88' lang='lat' dir='ltr'><strong>Codd.</strong></span> <span class='ocrx_word' id='word_1_329' title='bbox 1689 562 1726 590; x_wconf 84' lang='lat' dir='ltr'><strong>et</strong></span> 
     </span>
     <span class='ocr_line' id='line_1_59' title="bbox 1027 609 1727 651; baseline 0.003 -12"><span class='ocrx_word' id='word_1_330' title='bbox 1027 609 1115 640; x_wconf 91' lang='lat' dir='ltr'><strong>Edd.</strong></span> <span class='ocrx_word' id='word_1_331' title='bbox 1141 610 1257 649; x_wconf 83' lang='lat' dir='ltr'><strong>primae</strong></span> <span class='ocrx_word' id='word_1_332' title='bbox 1293 610 1433 651; x_wconf 73' lang='lat' dir='ltr'><strong>aliaeque</strong></span> <span class='ocrx_word' id='word_1_333' title='bbox 1465 610 1580 640; x_wconf 68' lang='lat' dir='ltr'><strong>multae</strong></span> <span class='ocrx_word' id='word_1_334' title='bbox 1605 614 1727 641; x_wconf 84' lang='lat' dir='ltr'><strong>carent</strong></span> 
     </span>
     <span class='ocr_line' id='line_1_60' title="bbox 1029 659 1727 701; baseline 0.001 -11"><span class='ocrx_word' id='word_1_335' title='bbox 1029 660 1273 700; x_wconf 69' lang='lat' dir='ltr'><strong>praepositione</strong></span> <span class='ocrx_word' id='word_1_336' title='bbox 1292 666 1411 691; x_wconf 87' lang='lat' dir='ltr'><strong>contra</strong></span> <span class='ocrx_word' id='word_1_337' title='bbox 1434 665 1637 701; x_wconf 79' lang='lat' dir='ltr'><strong>perpetuum</strong></span> <span class='ocrx_word' id='word_1_338' title='bbox 1653 659 1727 692; x_wconf 86' lang='lat' dir='ltr'><strong>fere</strong></span> 
     </span>
     <span class='ocr_line' id='line_1_61' title="bbox 1029 710 1727 751; baseline 0 -10"><span class='ocrx_word' id='word_1_339' title='bbox 1029 712 1173 742; x_wconf 70' lang='lat' dir='ltr'><strong>Cresaris</strong></span> <span class='ocrx_word' id='word_1_340' title='bbox 1189 719 1327 741; x_wconf 83' lang='lat' dir='ltr'><strong>morem.</strong></span> <span class='ocrx_word' id='word_1_341' title='bbox 1375 710 1430 741; x_wconf 86' lang='lat' dir='ltr'><strong>Sic</strong></span> <span class='ocrx_word' id='word_1_342' title='bbox 1457 719 1514 741; x_wconf 90' lang='grc' dir='ltr'><strong>ιιι.</strong></span> <span class='ocrx_word' id='word_1_343' title='bbox 1532 713 1560 741; x_wconf 92' lang='grc'><strong>1.</strong></span> <span class='ocrx_word' id='word_1_344' title='bbox 1603 711 1613 728; x_wconf 75' lang='lat'><strong><em>⁶</em></strong></span> <span class='ocrx_word' id='word_1_345' title='bbox 1630 710 1727 751; x_wconf 88' lang='lat' dir='ltr'><strong>Mag-</strong></span> 
     </span>
     <span class='ocr_line' id='line_1_62' title="bbox 1028 758 1728 800; baseline 0 -10"><span class='ocrx_word' id='word_1_346' title='bbox 1028 769 1070 791; x_wconf 88' lang='lat' dir='ltr'><strong>no</strong></span> <span class='ocrx_word' id='word_1_347' title='bbox 1088 770 1164 790; x_wconf 90' lang='lat' dir='ltr'><strong>cum</strong></span> <span class='ocrx_word' id='word_1_348' title='bbox 1190 759 1366 800; x_wconf 85' lang='lat' dir='ltr'><strong>periculo.’</strong></span> <span class='ocrx_word' id='word_1_349' title='bbox 1401 768 1436 790; x_wconf 93' lang='lat' dir='ltr'><strong>v.</strong></span> <span class='ocrx_word' id='word_1_350' title='bbox 1461 761 1515 790; x_wconf 88' lang='grc'><strong>52.</strong></span> <span class='ocrx_word' id='word_1_351' title='bbox 1561 758 1571 776; x_wconf 86' lang='lat'>‘</span> <span class='ocrx_word' id='word_1_352' title='bbox 1588 759 1728 792; x_wconf 80' lang='lat' dir='ltr'><strong>Quanto</strong></span> 
     </span>
     <span class='ocr_line' id='line_1_63' title="bbox 1029 808 1727 850; baseline 0 -10"><span class='ocrx_word' id='word_1_353' title='bbox 1029 819 1105 840; x_wconf 83' lang='lat' dir='ltr'><strong>cum</strong></span> <span class='ocrx_word' id='word_1_354' title='bbox 1131 809 1307 850; x_wconf 88' lang='lat' dir='ltr'><strong>periculo.&#39;</strong></span> <span class='ocrx_word' id='word_1_355' title='bbox 1330 819 1361 840; x_wconf 91' lang='lat' dir='ltr'><strong>c.</strong></span> <span class='ocrx_word' id='word_1_356' title='bbox 1387 812 1441 840; x_wconf 77' lang='lat'><strong>75.</strong></span> <span class='ocrx_word' id='word_1_357' title='bbox 1484 811 1494 827; x_wconf 88' lang='lat'>‘</span> <span class='ocrx_word' id='word_1_358' title='bbox 1512 808 1560 840; x_wconf 85' lang='lat' dir='ltr'><strong>At</strong></span> <span class='ocrx_word' id='word_1_359' title='bbox 1580 817 1623 839; x_wconf 87' lang='lat' dir='ltr'><strong>ne</strong></span> <span class='ocrx_word' id='word_1_360' title='bbox 1649 818 1727 841; x_wconf 86' lang='lat' dir='ltr'><strong>cum</strong></span> 
     </span>
     <span class='ocr_line' id='line_1_64' title="bbox 1029 859 1729 901; baseline 0.001 -10"><span class='ocrx_word' id='word_1_361' title='bbox 1029 861 1182 900; x_wconf 84' lang='lat' dir='ltr'><strong>periculo</strong></span> <span class='ocrx_word' id='word_1_362' title='bbox 1197 871 1239 891; x_wconf 83' lang='lat' dir='ltr'><strong>ex</strong></span> <span class='ocrx_word' id='word_1_363' title='bbox 1257 861 1377 893; x_wconf 82' lang='lat' dir='ltr'><strong>castris</strong></span> <span class='ocrx_word' id='word_1_364' title='bbox 1391 860 1508 901; x_wconf 85' lang='lat' dir='ltr'><strong>egredi</strong></span> <span class='ocrx_word' id='word_1_365' title='bbox 1529 864 1694 900; x_wconf 85' lang='lat' dir='ltr'><strong>cogantur</strong></span> <span class='ocrx_word' id='word_1_366' title='bbox 1707 859 1729 893; x_wconf 88' lang='lat'><strong>:’</strong></span> 
     </span>
     <span class='ocr_line' id='line_1_65' title="bbox 1028 912 1729 953; baseline 0.003 -12"><span class='ocrx_word' id='word_1_367' title='bbox 1028 917 1063 942; x_wconf 84' lang='lat' dir='ltr'><strong>et</strong></span> <span class='ocrx_word' id='word_1_368' title='bbox 1080 913 1217 953; x_wconf 79' lang='lat' dir='ltr'><strong>passim.</strong></span> <span class='ocrx_word' id='word_1_369' title='bbox 1263 912 1319 943; x_wconf 88' lang='lat' dir='ltr'><strong>Ita</strong></span> <span class='ocrx_word' id='word_1_370' title='bbox 1335 912 1415 943; x_wconf 79' lang='lat' dir='ltr'><strong>alibi</strong></span> <span class='ocrx_word' id='word_1_371' title='bbox 1433 912 1441 929; x_wconf 88' lang='lat'>‘</span> <span class='ocrx_word' id='word_1_372' title='bbox 1460 922 1535 943; x_wconf 89' lang='lat' dir='ltr'><strong>cum</strong></span> <span class='ocrx_word' id='word_1_373' title='bbox 1557 918 1729 943; x_wconf 86' lang='lat' dir='ltr'><strong>contume-</strong></span> 
     </span>
     <span class='ocr_line' id='line_1_66' title="bbox 1028 961 1641 1003; baseline 0.002 -10"><span class='ocrx_word' id='word_1_374' title='bbox 1028 963 1085 1001; x_wconf 86' lang='lat' dir='ltr'><strong>lia,</strong></span> <span class='ocrx_word' id='word_1_375' title='bbox 1102 973 1179 994; x_wconf 87' lang='lat' dir='ltr'><strong>cum</strong></span> <span class='ocrx_word' id='word_1_376' title='bbox 1196 962 1388 1003; x_wconf 76' lang='lat' dir='ltr'><strong>diligentia,</strong></span> <span class='ocrx_word' id='word_1_377' title='bbox 1404 973 1481 993; x_wconf 88' lang='lat' dir='ltr'><strong>cum</strong></span> <span class='ocrx_word' id='word_1_378' title='bbox 1497 961 1641 994; x_wconf 87' lang='lat' dir='ltr'><strong>dolore.’</strong></span> 
     </span>
    </p>

    <p class='ocr_par' dir='ltr' id='par_1_7' title="bbox 1026 1012 1746 1906">
     <span class='ocr_line' id='line_1_67' title="bbox 1073 1012 1730 1053; baseline 0 -10"><span class='ocrx_word' id='word_1_379' title='bbox 1073 1016 1113 1043; x_wconf 80' lang='lat'><strong>10</strong></span> <span class='ocrx_word' id='word_1_380' title='bbox 1139 1013 1373 1053; x_wconf 78' lang='lat' dir='ltr'><strong>l&#39;rogressuros]</strong></span> <span class='ocrx_word' id='word_1_381' title='bbox 1416 1014 1472 1044; x_wconf 92' lang='lat' dir='ltr'><strong>De</strong></span> <span class='ocrx_word' id='word_1_382' title='bbox 1489 1021 1580 1043; x_wconf 88' lang='lat' dir='ltr'><strong>more</strong></span> <span class='ocrx_word' id='word_1_383' title='bbox 1596 1012 1730 1044; x_wconf 81' lang='lat' dir='ltr'><strong>variant</strong></span> 
     </span>
     <span class='ocr_line' id='line_1_68' title="bbox 1031 1062 1732 1103; baseline -0.001 -9"><span class='ocrx_word' id='word_1_384' title='bbox 1031 1063 1113 1095; x_wconf 87' lang='lat' dir='ltr'><strong>Mss.</strong></span> <span class='ocrx_word' id='word_1_385' title='bbox 1129 1069 1165 1095; x_wconf 91' lang='lat' dir='ltr'><strong>et</strong></span> <span class='ocrx_word' id='word_1_386' title='bbox 1186 1064 1273 1095; x_wconf 89' lang='lat' dir='ltr'><strong>Edd.</strong></span> <span class='ocrx_word' id='word_1_387' title='bbox 1293 1072 1369 1095; x_wconf 82' lang='lat' dir='ltr'><strong>nam</strong></span> <span class='ocrx_word' id='word_1_388' title='bbox 1394 1063 1504 1102; x_wconf 68' lang='lat' dir='ltr'><strong>Bong.</strong></span> <span class='ocrx_word' id='word_1_389' title='bbox 1531 1062 1630 1103; x_wconf 90' lang='lat' dir='ltr'><strong>prim.</strong></span> <span class='ocrx_word' id='word_1_390' title='bbox 1656 1063 1732 1094; x_wconf 91' lang='lat' dir='ltr'><strong>Lei-</strong></span> 
     </span>
     <span class='ocr_line' id='line_1_69' title="bbox 1029 1112 1730 1154; baseline 0 -9"><span class='ocrx_word' id='word_1_391' title='bbox 1029 1113 1162 1154; x_wconf 77' lang='lat' dir='ltr'><strong>dense5‚</strong></span> <span class='ocrx_word' id='word_1_392' title='bbox 1188 1115 1357 1154; x_wconf 80' lang='lat' dir='ltr'><strong>Vossiani‚</strong></span> <span class='ocrx_word' id='word_1_393' title='bbox 1396 1114 1524 1144; x_wconf 86' lang='lat' dir='ltr'><strong>Lovan.</strong></span> <span class='ocrx_word' id='word_1_394' title='bbox 1562 1112 1730 1154; x_wconf 84' lang='lat' dir='ltr'><strong>Egmnnd.</strong></span> 
     </span>
     <span class='ocr_line' id='line_1_70' title="bbox 1030 1162 1731 1203; baseline -0.001 -9"><span class='ocrx_word' id='word_1_395' title='bbox 1030 1164 1123 1194; x_wconf 88' lang='lat' dir='ltr'><strong>Duk.</strong></span> <span class='ocrx_word' id='word_1_396' title='bbox 1148 1164 1245 1195; x_wconf 82' lang='lat' dir='ltr'><strong>Gott.</strong></span> <span class='ocrx_word' id='word_1_397' title='bbox 1262 1164 1406 1195; x_wconf 87' lang='lat' dir='ltr'><strong>Dorvill.</strong></span> <span class='ocrx_word' id='word_1_398' title='bbox 1429 1168 1465 1194; x_wconf 89' lang='lat' dir='ltr'><strong>et</strong></span> <span class='ocrx_word' id='word_1_399' title='bbox 1491 1162 1579 1193; x_wconf 82' lang='lat' dir='ltr'><strong>Edd.</strong></span> <span class='ocrx_word' id='word_1_400' title='bbox 1606 1162 1731 1203; x_wconf 85' lang='lat' dir='ltr'><strong>princi—</strong></span> 
     </span>
     <span class='ocr_line' id='line_1_71' title="bbox 1029 1213 1730 1255; baseline 0 -11"><span class='ocrx_word' id='word_1_401' title='bbox 1029 1223 1102 1254; x_wconf 81' lang='lat' dir='ltr'><strong>pes,</strong></span> <span class='ocrx_word' id='word_1_402' title='bbox 1119 1215 1200 1245; x_wconf 85' lang='lat' dir='ltr'><strong>item</strong></span> <span class='ocrx_word' id='word_1_403' title='bbox 1216 1215 1358 1246; x_wconf 59' lang='lat' dir='ltr'><strong>vas-cos.</strong></span> <span class='ocrx_word' id='word_1_404' title='bbox 1371 1214 1489 1255; x_wconf 73' lang='lat' dir='ltr'><strong>Steph.</strong></span> <span class='ocrx_word' id='word_1_405' title='bbox 1502 1213 1571 1244; x_wconf 86' lang='lat' dir='ltr'><strong>Str.</strong></span> <span class='ocrx_word' id='word_1_406' title='bbox 1586 1213 1730 1254; x_wconf 80' lang='lat' dir='ltr'><strong>aliaeque</strong></span> 
     </span>
     <span class='ocr_line' id='line_1_72' title="bbox 1026 1263 1732 1303; baseline 0 -10"><span class='ocrx_word' id='word_1_407' title='bbox 1026 1274 1222 1303; x_wconf 78' lang='lat' dir='ltr'><strong>processuros</strong></span> <span class='ocrx_word' id='word_1_408' title='bbox 1245 1264 1420 1295; x_wconf 74' lang='lat' dir='ltr'><strong>exhibent.</strong></span> <span class='ocrx_word' id='word_1_409' title='bbox 1465 1264 1520 1294; x_wconf 94' lang='lat' dir='ltr'><strong>De</strong></span> <span class='ocrx_word' id='word_1_410' title='bbox 1537 1263 1599 1295; x_wconf 79' lang='lat' dir='ltr'><strong>liae</strong></span> <span class='ocrx_word' id='word_1_411' title='bbox 1618 1266 1732 1294; x_wconf 80' lang='lat' dir='ltr'><strong>varia-</strong></span> 
     </span>
     <span class='ocr_line' id='line_1_73' title="bbox 1030 1313 1730 1353; baseline 0.001 -10"><span class='ocrx_word' id='word_1_412' title='bbox 1030 1313 1122 1344; x_wconf 89' lang='lat' dir='ltr'><strong>tione</strong></span> <span class='ocrx_word' id='word_1_413' title='bbox 1138 1314 1210 1353; x_wconf 86' lang='lat' dir='ltr'><strong>jam</strong></span> <span class='ocrx_word' id='word_1_414' title='bbox 1234 1314 1378 1345; x_wconf 78' lang='lat' dir='ltr'><strong>diximus</strong></span> <span class='ocrx_word' id='word_1_415' title='bbox 1404 1313 1447 1344; x_wconf 91' lang='lat' dir='ltr'><strong>ad</strong></span> <span class='ocrx_word' id='word_1_416' title='bbox 1464 1317 1565 1346; x_wconf 73' lang='lat' dir='ltr'><strong>v.—·l7.</strong></span> <span class='ocrx_word' id='word_1_417' title='bbox 1589 1314 1599 1331; x_wconf 88' lang='lat'>‘</span> <span class='ocrx_word' id='word_1_418' title='bbox 1617 1323 1657 1345; x_wconf 89' lang='lat' dir='ltr'><strong>eo</strong></span> <span class='ocrx_word' id='word_1_419' title='bbox 1673 1313 1730 1345; x_wconf 85' lang='lat' dir='ltr'><strong>die</strong></span> 
     </span>
     <span class='ocr_line' id='line_1_74' title="bbox 1029 1363 1730 1404; baseline 0.003 -11"><span class='ocrx_word' id='word_1_420' title='bbox 1029 1363 1123 1394; x_wconf 83' lang='lat' dir='ltr'><strong>milia</strong></span> <span class='ocrx_word' id='word_1_421' title='bbox 1153 1372 1213 1395; x_wconf 70' lang='lat' dir='ltr'><strong>xx.</strong></span> <span class='ocrx_word' id='word_1_422' title='bbox 1252 1374 1284 1403; x_wconf 91' lang='lat' dir='ltr'><strong>p.</strong></span> <span class='ocrx_word' id='word_1_423' title='bbox 1320 1363 1514 1404; x_wconf 88' lang='lat' dir='ltr'><strong>procedit;’</strong></span> <span class='ocrx_word' id='word_1_424' title='bbox 1551 1368 1590 1395; x_wconf 91' lang='lat' dir='ltr'><strong>ut</strong></span> <span class='ocrx_word' id='word_1_425' title='bbox 1617 1367 1654 1395; x_wconf 85' lang='lat' dir='ltr'><strong>et</strong></span> <span class='ocrx_word' id='word_1_426' title='bbox 1683 1363 1730 1395; x_wconf 88' lang='lat' dir='ltr'><strong>ibi</strong></span> 
     </span>
     <span class='ocr_line' id='line_1_75' title="bbox 1030 1413 1731 1455; baseline 0.001 -10"><span class='ocrx_word' id='word_1_427' title='bbox 1030 1413 1114 1445; x_wconf 86' lang='lat' dir='ltr'><strong>dant</strong></span> <span class='ocrx_word' id='word_1_428' title='bbox 1156 1414 1333 1455; x_wconf 87' lang='lat' dir='ltr'><strong>plerique:</strong></span> <span class='ocrx_word' id='word_1_429' title='bbox 1384 1414 1486 1455; x_wconf 86' lang='lat' dir='ltr'><strong>vulgo</strong></span> <span class='ocrx_word' id='word_1_430' title='bbox 1519 1414 1731 1454; x_wconf 66' lang='lat' dir='ltr'><strong>progreditur.</strong></span> 
     </span>
     <span class='ocr_line' id='line_1_76' title="bbox 1030 1464 1730 1506; baseline 0 -11"><span class='ocrx_word' id='word_1_431' title='bbox 1030 1465 1222 1506; x_wconf 82' lang='lat' dir='ltr'><strong>Utrumque</strong></span> <span class='ocrx_word' id='word_1_432' title='bbox 1247 1464 1375 1496; x_wconf 87' lang='lat' dir='ltr'><strong>Caesari</strong></span> <span class='ocrx_word' id='word_1_433' title='bbox 1402 1464 1435 1495; x_wconf 90' lang='lat' dir='ltr'><strong>in</strong></span> <span class='ocrx_word' id='word_1_434' title='bbox 1453 1474 1512 1496; x_wconf 89' lang='lat' dir='ltr'><strong>usn</strong></span> <span class='ocrx_word' id='word_1_435' title='bbox 1529 1469 1583 1495; x_wconf 88' lang='lat' dir='ltr'><strong>est</strong></span> <span class='ocrx_word' id='word_1_436' title='bbox 1609 1472 1659 1495; x_wconf 74' lang='lat' dir='ltr'><strong>vx.</strong></span> <span class='ocrx_word' id='word_1_437' title='bbox 1676 1466 1730 1495; x_wconf 82' lang='lat'><strong>36.</strong></span> 
     </span>
     <span class='ocr_line' id='line_1_77' title="bbox 1031 1513 1732 1556; baseline 0 -11"><span class='ocrx_word' id='word_1_438' title='bbox 1031 1514 1040 1530; x_wconf 96' lang='lat'>‘</span> <span class='ocrx_word' id='word_1_439' title='bbox 1058 1514 1189 1555; x_wconf 76' lang='lat' dir='ltr'><strong>longius</strong></span> <span class='ocrx_word' id='word_1_440' title='bbox 1213 1524 1290 1546; x_wconf 88' lang='lat' dir='ltr'><strong>enm</strong></span> <span class='ocrx_word' id='word_1_441' title='bbox 1314 1524 1529 1556; x_wconf 84' lang='lat' dir='ltr'><strong>progressum</strong></span> <span class='ocrx_word' id='word_1_442' title='bbox 1545 1513 1732 1545; x_wconf 65' lang='lat' dir='ltr'><strong>audiebat!</strong></span> 
     </span>
     <span class='ocr_line' id='line_1_78' title="bbox 1030 1564 1730 1605; baseline -0.003 -9"><span class='ocrx_word' id='word_1_443' title='bbox 1030 1565 1054 1595; x_wconf 91' lang='lat' dir='ltr'><strong>l.</strong></span> <span class='ocrx_word' id='word_1_444' title='bbox 1069 1566 1132 1596; x_wconf 88' lang='lat' dir='ltr'><strong>hoc</strong></span> <span class='ocrx_word' id='word_1_445' title='bbox 1146 1567 1200 1596; x_wconf 80' lang='lat'><strong>73.</strong></span> <span class='ocrx_word' id='word_1_446' title='bbox 1224 1567 1233 1582; x_wconf 93' lang='lat'>‘</span> <span class='ocrx_word' id='word_1_447' title='bbox 1251 1565 1382 1605; x_wconf 81' lang='lat' dir='ltr'><strong>longius</strong></span> <span class='ocrx_word' id='word_1_448' title='bbox 1399 1564 1442 1595; x_wconf 86' lang='lat' dir='ltr'><strong>ab</strong></span> <span class='ocrx_word' id='word_1_449' title='bbox 1459 1564 1577 1596; x_wconf 80' lang='lat' dir='ltr'><strong>castris</strong></span> <span class='ocrx_word' id='word_1_450' title='bbox 1592 1573 1730 1605; x_wconf 84' lang='lat' dir='ltr'><strong>progre-</strong></span> 
     </span>
     <span class='ocr_line' id='line_1_79' title="bbox 1031 1615 1730 1648; baseline -0.001 -1"><span class='ocrx_word' id='word_1_451' title='bbox 1031 1615 1232 1647; x_wconf 83' lang='lat' dir='ltr'><strong>diebantur&#39;</strong></span> <span class='ocrx_word' id='word_1_452' title='bbox 1256 1620 1293 1647; x_wconf 91' lang='lat' dir='ltr'><strong>et</strong></span> <span class='ocrx_word' id='word_1_453' title='bbox 1310 1615 1432 1648; x_wconf 88' lang='lat' dir='ltr'><strong>B.Civ.</strong></span> <span class='ocrx_word' id='word_1_454' title='bbox 1453 1624 1476 1647; x_wconf 90' lang='lat'><strong>1.</strong></span> <span class='ocrx_word' id='word_1_455' title='bbox 1490 1618 1543 1647; x_wconf 86' lang='lat'><strong>25.</strong></span> <span class='ocrx_word' id='word_1_456' title='bbox 1567 1624 1606 1646; x_wconf 91' lang='lat' dir='ltr'><strong>ac</strong></span> <span class='ocrx_word' id='word_1_457' title='bbox 1633 1617 1730 1646; x_wconf 76' lang='lat' dir='ltr'><strong>c.48.</strong></span> 
     </span>
     <span class='ocr_line' id='line_1_80' title="bbox 1032 1663 1746 1706; baseline -0.003 -10"><span class='ocrx_word' id='word_1_458' title='bbox 1032 1665 1094 1696; x_wconf 87' lang='lat' dir='ltr'><strong>bis.</strong></span> <span class='ocrx_word' id='word_1_459' title='bbox 1119 1665 1187 1696; x_wconf 85' lang='lat' dir='ltr'><strong>Sed</strong></span> <span class='ocrx_word' id='word_1_460' title='bbox 1201 1668 1295 1696; x_wconf 61' lang='grc' dir='ltr'><strong>αδδ.</strong></span> <span class='ocrx_word' id='word_1_461' title='bbox 1319 1663 1746 1706; x_wconf 82' lang='lat' dir='ltr'><strong>‘quiadaquandicaussa-</strong></span> 
     </span>
     <span class='ocr_line' id='line_1_81' title="bbox 1031 1713 1732 1756; baseline -0.001 -10"><span class='ocrx_word' id='word_1_462' title='bbox 1031 1715 1163 1756; x_wconf 75' lang='lat' dir='ltr'><strong>longius</strong></span> <span class='ocrx_word' id='word_1_463' title='bbox 1180 1726 1198 1746; x_wconf 91' lang='lat' dir='ltr'><strong>a</strong></span> <span class='ocrx_word' id='word_1_464' title='bbox 1209 1715 1328 1747; x_wconf 86' lang='lat' dir='ltr'><strong>castris</strong></span> <span class='ocrx_word' id='word_1_465' title='bbox 1339 1713 1602 1756; x_wconf 63' lang='lat' dir='ltr'><strong>processerant?</strong></span> <span class='ocrx_word' id='word_1_466' title='bbox 1623 1713 1732 1746; x_wconf 88' lang='lat' dir='ltr'><strong>Immo</strong></span> 
     </span>
     <span class='ocr_line' id='line_1_82' title="bbox 1031 1763 1732 1805; baseline -0.001 -9"><span class='ocrx_word' id='word_1_467' title='bbox 1031 1774 1061 1797; x_wconf 89' lang='lat' dir='ltr'><strong>c.</strong></span> <span class='ocrx_word' id='word_1_468' title='bbox 1094 1768 1144 1796; x_wconf 77' lang='lat'><strong>16.</strong></span> <span class='ocrx_word' id='word_1_469' title='bbox 1186 1766 1317 1798; x_wconf 78' lang='lat' dir='ltr'><strong>‘Quum</strong></span> <span class='ocrx_word' id='word_1_470' title='bbox 1365 1764 1496 1805; x_wconf 85' lang='lat' dir='ltr'><strong>longius</strong></span> <span class='ocrx_word' id='word_1_471' title='bbox 1541 1763 1732 1795; x_wconf 84' lang='lat' dir='ltr'><strong>necessario</strong></span> 
     </span>
     <span class='ocr_line' id='line_1_83' title="bbox 1031 1814 1732 1855; baseline -0.001 -9"><span class='ocrx_word' id='word_1_472' title='bbox 1031 1815 1262 1855; x_wconf 85' lang='lat' dir='ltr'><strong>procederent</strong></span> <span class='ocrx_word' id='word_1_473' title='bbox 1275 1815 1295 1847; x_wconf 83' lang='lat'><strong>:¹</strong></span> <span class='ocrx_word' id='word_1_474' title='bbox 1333 1820 1368 1846; x_wconf 91' lang='lat' dir='ltr'><strong>et</strong></span> <span class='ocrx_word' id='word_1_475' title='bbox 1392 1815 1441 1846; x_wconf 84' lang='lat' dir='ltr'><strong>ita</strong></span> <span class='ocrx_word' id='word_1_476' title='bbox 1466 1814 1599 1855; x_wconf 88' lang='lat' dir='ltr'><strong>crebro,</strong></span> <span class='ocrx_word' id='word_1_477' title='bbox 1622 1818 1659 1845; x_wconf 91' lang='lat' dir='ltr'><strong>ut</strong></span> <span class='ocrx_word' id='word_1_478' title='bbox 1674 1823 1732 1845; x_wconf 89' lang='lat' dir='ltr'><strong>ne-</strong></span> 
     </span>
     <span class='ocr_line' id='line_1_84' title="bbox 1032 1863 1580 1906; baseline 0.002 -11"><span class='ocrx_word' id='word_1_479' title='bbox 1032 1865 1132 1904; x_wconf 80' lang='lat' dir='ltr'><strong>scias,</strong></span> <span class='ocrx_word' id='word_1_480' title='bbox 1149 1865 1229 1906; x_wconf 86' lang='lat' dir='ltr'><strong>quid</strong></span> <span class='ocrx_word' id='word_1_481' title='bbox 1253 1863 1507 1905; x_wconf 82' lang='lat' dir='ltr'><strong>praeserendum</strong></span> <span class='ocrx_word' id='word_1_482' title='bbox 1524 1865 1580 1896; x_wconf 73' lang='lat' dir='ltr'><strong>sit.</strong></span> 
     </span>
    </p>

    <p class='ocr_par' dir='ltr' id='par_1_8' title="bbox 1029 1913 1732 2613">
     <span class='ocr_line' id='line_1_85' title="bbox 1075 1913 1731 1955; baseline 0.002 -10"><span class='ocrx_word' id='word_1_483' title='bbox 1075 1918 1114 1946; x_wconf 86' lang='grc'><strong>17</strong></span> <span class='ocrx_word' id='word_1_484' title='bbox 1138 1915 1398 1955; x_wconf 75' lang='lat' dir='ltr'><strong>Inpedimcnlisve</strong></span> <span class='ocrx_word' id='word_1_485' title='bbox 1431 1913 1562 1954; x_wconf 69' lang='lat' dir='ltr'><strong>exuant]</strong></span> <span class='ocrx_word' id='word_1_486' title='bbox 1620 1913 1731 1955; x_wconf 88' lang='lat' dir='ltr'><strong>Bong.</strong></span> 
     </span>
     <span class='ocr_line' id='line_1_86' title="bbox 1031 1964 1730 2006; baseline 0.001 -10"><span class='ocrx_word' id='word_1_487' title='bbox 1031 1965 1200 2004; x_wconf 81' lang='lat' dir='ltr'><strong>Vossiani,</strong></span> <span class='ocrx_word' id='word_1_488' title='bbox 1224 1965 1421 2004; x_wconf 79' lang='lat' dir='ltr'><strong>Leidenses,</strong></span> <span class='ocrx_word' id='word_1_489' title='bbox 1446 1964 1613 2006; x_wconf 82' lang='lat' dir='ltr'><strong>Egmund.</strong></span> <span class='ocrx_word' id='word_1_490' title='bbox 1631 1964 1730 1997; x_wconf 83' lang='lat' dir='ltr'><strong>Gott.</strong></span> 
     </span>
     <span class='ocr_line' id='line_1_87' title="bbox 1031 2015 1732 2057; baseline 0.001 -10"><span class='ocrx_word' id='word_1_491' title='bbox 1031 2015 1126 2048; x_wconf 87' lang='lat' dir='ltr'><strong>Duk.</strong></span> <span class='ocrx_word' id='word_1_492' title='bbox 1142 2016 1291 2047; x_wconf 75' lang='lat' dir='ltr'><strong>Dor-vill.</strong></span> <span class='ocrx_word' id='word_1_493' title='bbox 1317 2021 1354 2047; x_wconf 88' lang='lat' dir='ltr'><strong>et</strong></span> <span class='ocrx_word' id='word_1_494' title='bbox 1382 2015 1471 2047; x_wconf 85' lang='lat' dir='ltr'><strong>Edd.</strong></span> <span class='ocrx_word' id='word_1_495' title='bbox 1490 2015 1670 2057; x_wconf 83' lang='lat' dir='ltr'><strong>Principes</strong></span> <span class='ocrx_word' id='word_1_496' title='bbox 1691 2026 1732 2048; x_wconf 83' lang='lat' dir='ltr'><strong>ac</strong></span> 
     </span>
     <span class='ocr_line' id='line_1_88' title="bbox 1032 2065 1730 2107; baseline 0.003 -11"><span class='ocrx_word' id='word_1_497' title='bbox 1032 2065 1078 2096; x_wconf 84' lang='lat' dir='ltr'><strong>R.</strong></span> <span class='ocrx_word' id='word_1_498' title='bbox 1102 2065 1513 2106; x_wconf 77' lang='lat' dir='ltr'><strong>Steph.iu1›cdimentisne:</strong></span> <span class='ocrx_word' id='word_1_499' title='bbox 1543 2066 1634 2107; x_wconf 89' lang='lat' dir='ltr'><strong>quod</strong></span> <span class='ocrx_word' id='word_1_500' title='bbox 1659 2076 1730 2098; x_wconf 89' lang='lat' dir='ltr'><strong>mu-</strong></span> 
     </span>
     <span class='ocr_line' id='line_1_89' title="bbox 1031 2116 1732 2158; baseline 0.004 -12"><span class='ocrx_word' id='word_1_501' title='bbox 1031 2119 1138 2147; x_wconf 84' lang='lat' dir='ltr'><strong>tatum</strong></span> <span class='ocrx_word' id='word_1_502' title='bbox 1170 2126 1249 2147; x_wconf 88' lang='lat' dir='ltr'><strong>sanc</strong></span> <span class='ocrx_word' id='word_1_503' title='bbox 1275 2126 1340 2147; x_wconf 87' lang='lat' dir='ltr'><strong>non</strong></span> <span class='ocrx_word' id='word_1_504' title='bbox 1368 2116 1530 2157; x_wconf 86' lang='lat' dir='ltr'><strong>oportuit.</strong></span> <span class='ocrx_word' id='word_1_505' title='bbox 1576 2117 1732 2158; x_wconf 82' lang='lat' dir='ltr'><strong>Opponit</strong></span> 
     </span>
     <span class='ocr_line' id='line_1_90' title="bbox 1031 2167 1730 2211; baseline 0.003 -14"><span class='ocrx_word' id='word_1_506' title='bbox 1031 2171 1149 2198; x_wconf 89' lang='lat' dir='ltr'><strong>auctor</strong></span> <span class='ocrx_word' id='word_1_507' title='bbox 1164 2168 1245 2208; x_wconf 70' lang='lat' dir='ltr'><strong>ipsos</strong></span> <span class='ocrx_word' id='word_1_508' title='bbox 1268 2167 1462 2208; x_wconf 76' lang='lat' dir='ltr'><strong>interficere;</strong></span> <span class='ocrx_word' id='word_1_509' title='bbox 1485 2173 1520 2199; x_wconf 85' lang='lat' dir='ltr'><strong>et</strong></span> <span class='ocrx_word' id='word_1_510' title='bbox 1531 2178 1585 2211; x_wconf 64' lang='grc' dir='ltr'><strong>Ιιῑοει</strong></span> <span class='ocrx_word' id='word_1_511' title='bbox 1612 2168 1730 2209; x_wconf 77' lang='lat' dir='ltr'><strong>inpedi-</strong></span> 
     </span>
     <span class='ocr_line' id='line_1_91' title="bbox 1029 2217 1729 2259; baseline 0.003 -11"><span class='ocrx_word' id='word_1_512' title='bbox 1029 2217 1142 2248; x_wconf 78' lang='lat' dir='ltr'><strong>mentis</strong></span> <span class='ocrx_word' id='word_1_513' title='bbox 1168 2227 1299 2249; x_wconf 77' lang='lat' dir='ltr'><strong>exuere:</strong></span> <span class='ocrx_word' id='word_1_514' title='bbox 1323 2222 1424 2259; x_wconf 85' lang='lat' dir='ltr'><strong>atque</strong></span> <span class='ocrx_word' id='word_1_515' title='bbox 1441 2218 1530 2249; x_wconf 84' lang='lat' dir='ltr'><strong>inter</strong></span> <span class='ocrx_word' id='word_1_516' title='bbox 1553 2218 1625 2250; x_wconf 86' lang='lat' dir='ltr'><strong>haec</strong></span> <span class='ocrx_word' id='word_1_517' title='bbox 1648 2218 1729 2250; x_wconf 77' lang='lat' dir='ltr'><strong>nihil</strong></span> 
     </span>
     <span class='ocr_line' id='line_1_92' title="bbox 1030 2267 1730 2309; baseline 0.001 -11"><span class='ocrx_word' id='word_1_518' title='bbox 1030 2267 1196 2298; x_wconf 81' lang='lat' dir='ltr'><strong>iuteresse</strong></span> <span class='ocrx_word' id='word_1_519' title='bbox 1213 2267 1309 2299; x_wconf 88' lang='lat' dir='ltr'><strong>dicit.</strong></span> <span class='ocrx_word' id='word_1_520' title='bbox 1335 2268 1506 2309; x_wconf 82' lang='lat' dir='ltr'><strong>Mctaphr.</strong></span> <span class='ocrx_word' id='word_1_521' title='bbox 1535 2272 1630 2299; x_wconf 87' lang='lat' dir='ltr'><strong>recte</strong></span> <span class='ocrx_word' id='word_1_522' title='bbox 1644 2267 1664 2305; x_wconf 74' lang='grc' dir='ltr'>ἢ</span> <span class='ocrx_word' id='word_1_523' title='bbox 1679 2267 1730 2299; x_wconf 78' lang='grc' dir='ltr'><strong>αὒ-</strong></span> 
     </span>
     <span class='ocr_line' id='line_1_93' title="bbox 1029 2316 1730 2358; baseline 0.003 -10"><span class='ocrx_word' id='word_1_524' title='bbox 1029 2317 1101 2348; x_wconf 68' lang='lat' dir='ltr'><strong>vobs</strong></span> <span class='ocrx_word' id='word_1_525' title='bbox 1124 2316 1313 2348; x_wconf 77' lang='grc' dir='ltr'>ἀποκτείνειν</span> <span class='ocrx_word' id='word_1_526' title='bbox 1333 2317 1353 2354; x_wconf 77' lang='grc' dir='ltr'><strong>ἢ</strong></span> <span class='ocrx_word' id='word_1_527' title='bbox 1377 2317 1569 2358; x_wconf 80' lang='grc' dir='ltr'>σκευοφόρων</span> <span class='ocrx_word' id='word_1_528' title='bbox 1598 2317 1730 2350; x_wconf 81' lang='grc' dir='ltr'>ἀποστε·</span> 
     </span>
     <span class='ocr_line' id='line_1_94' title="bbox 1029 2367 1726 2409; baseline -0.003 -9"><span class='ocrx_word' id='word_1_529' title='bbox 1029 2370 1103 2409; x_wconf 85' lang='grc' dir='ltr'>ρεῖν.</span> <span class='ocrx_word' id='word_1_530' title='bbox 1148 2369 1195 2400; x_wconf 81' lang='lat' dir='ltr'><strong>Et</strong></span> <span class='ocrx_word' id='word_1_531' title='bbox 1214 2369 1346 2408; x_wconf 80' lang='lat' dir='ltr'><strong>Celsus,</strong></span> <span class='ocrx_word' id='word_1_532' title='bbox 1369 2369 1378 2385; x_wconf 86' lang='lat'>‘</span> <span class='ocrx_word' id='word_1_533' title='bbox 1395 2378 1436 2399; x_wconf 88' lang='lat' dir='ltr'><strong>an</strong></span> <span class='ocrx_word' id='word_1_534' title='bbox 1463 2368 1576 2400; x_wconf 83' lang='lat' dir='ltr'><strong>hostes</strong></span> <span class='ocrx_word' id='word_1_535' title='bbox 1591 2367 1726 2399; x_wconf 82' lang='lat' dir='ltr'><strong>occida-</strong></span> 
     </span>
     <span class='ocr_line' id='line_1_95' title="bbox 1029 2417 1730 2460; baseline -0.001 -10"><span class='ocrx_word' id='word_1_536' title='bbox 1029 2429 1114 2460; x_wconf 90' lang='lat' dir='ltr'><strong>mus,</strong></span> <span class='ocrx_word' id='word_1_537' title='bbox 1130 2428 1173 2450; x_wconf 86' lang='lat' dir='ltr'><strong>an</strong></span> <span class='ocrx_word' id='word_1_538' title='bbox 1189 2419 1279 2450; x_wconf 88' lang='lat' dir='ltr'><strong>bello</strong></span> <span class='ocrx_word' id='word_1_539' title='bbox 1296 2418 1493 2450; x_wconf 85' lang='lat' dir='ltr'><strong>necessariis</strong></span> <span class='ocrx_word' id='word_1_540' title='bbox 1515 2417 1695 2459; x_wconf 86' lang='lat' dir='ltr'><strong>spoliemus</strong></span> <span class='ocrx_word' id='word_1_541' title='bbox 1709 2418 1730 2449; x_wconf 87' lang='lat'><strong>:&#39;</strong></span> 
     </span>
     <span class='ocr_line' id='line_1_96' title="bbox 1030 2469 1725 2511; baseline 0 -10"><span class='ocrx_word' id='word_1_542' title='bbox 1030 2480 1093 2511; x_wconf 86' lang='lat' dir='ltr'><strong>per</strong></span> <span class='ocrx_word' id='word_1_543' title='bbox 1118 2470 1329 2511; x_wconf 76' lang='lat' dir='ltr'><strong>inpedimenta</strong></span> <span class='ocrx_word' id='word_1_544' title='bbox 1346 2470 1435 2501; x_wconf 90' lang='lat' dir='ltr'><strong>enim</strong></span> <span class='ocrx_word' id='word_1_545' title='bbox 1452 2470 1620 2510; x_wconf 83' lang='lat' dir='ltr'><strong>jumenta,</strong></span> <span class='ocrx_word' id='word_1_546' title='bbox 1639 2475 1674 2501; x_wconf 91' lang='lat' dir='ltr'><strong>et</strong></span> <span class='ocrx_word' id='word_1_547' title='bbox 1690 2469 1725 2501; x_wconf 88' lang='lat' dir='ltr'><strong>id</strong></span> 
     </span>
     <span class='ocr_line' id='line_1_97' title="bbox 1030 2519 1726 2561; baseline -0.003 -8"><span class='ocrx_word' id='word_1_548' title='bbox 1030 2531 1136 2561; x_wconf 80' lang='lat' dir='ltr'><strong>genus</strong></span> <span class='ocrx_word' id='word_1_549' title='bbox 1152 2521 1378 2553; x_wconf 86' lang='lat' dir='ltr'><strong>instrumenta</strong></span> <span class='ocrx_word' id='word_1_550' title='bbox 1395 2520 1517 2551; x_wconf 82' lang='lat' dir='ltr'><strong>bellica</strong></span> <span class='ocrx_word' id='word_1_551' title='bbox 1539 2519 1703 2561; x_wconf 83' lang='lat' dir='ltr'><strong>intelligit</strong></span> <span class='ocrx_word' id='word_1_552' title='bbox 1718 2531 1726 2551; x_wconf 91' lang='lat'>:</span> 
     </span>
     <span class='ocr_line' id='line_1_98' title="bbox 1029 2572 1438 2613; baseline -0.002 -10"><span class='ocrx_word' id='word_1_553' title='bbox 1029 2572 1072 2603; x_wconf 88' lang='lat' dir='ltr'><strong>de</strong></span> <span class='ocrx_word' id='word_1_554' title='bbox 1089 2572 1211 2613; x_wconf 89' lang='lat' dir='ltr'><strong>quibus</strong></span> <span class='ocrx_word' id='word_1_555' title='bbox 1227 2572 1324 2613; x_wconf 85' lang='lat' dir='ltr'><strong>plura</strong></span> <span class='ocrx_word' id='word_1_556' title='bbox 1341 2581 1370 2603; x_wconf 90' lang='lat' dir='ltr'><strong>c.</strong></span> <span class='ocrx_word' id='word_1_557' title='bbox 1385 2573 1438 2602; x_wconf 76' lang='lat'><strong>45.</strong></span> 
     </span>
    </p>

    <p class='ocr_par' dir='ltr' id='par_1_9' title="bbox 1025 2619 1727 2814">
     <span class='ocr_line' id='line_1_99' title="bbox 1071 2619 1727 2661; baseline -0.002 -8"><span class='ocrx_word' id='word_1_558' title='bbox 1071 2625 1110 2653; x_wconf 81' lang='lat'><strong>21</strong></span> <span class='ocrx_word' id='word_1_559' title='bbox 1134 2622 1339 2661; x_wconf 74' lang='lat' dir='ltr'><strong>Proedamque</strong></span> <span class='ocrx_word' id='word_1_560' title='bbox 1354 2619 1534 2660; x_wconf 75' lang='lat' dir='ltr'><strong>tollendam]</strong></span> <span class='ocrx_word' id='word_1_561' title='bbox 1556 2621 1648 2652; x_wconf 86' lang='lat' dir='ltr'><strong>Male</strong></span> <span class='ocrx_word' id='word_1_562' title='bbox 1657 2621 1727 2653; x_wconf 85' lang='lat' dir='ltr'><strong>Ho-</strong></span> 
     </span>
     <span class='ocr_line' id='line_1_100' title="bbox 1031 2670 1726 2710; baseline 0 -8"><span class='ocrx_word' id='word_1_563' title='bbox 1031 2676 1191 2703; x_wconf 89' lang='lat' dir='ltr'><strong>tomanno</strong></span> <span class='ocrx_word' id='word_1_564' title='bbox 1201 2670 1321 2701; x_wconf 85' lang='lat' dir='ltr'><strong>ultima</strong></span> <span class='ocrx_word' id='word_1_565' title='bbox 1334 2679 1399 2700; x_wconf 82' lang='lat' dir='ltr'><strong>vox</strong></span> <span class='ocrx_word' id='word_1_566' title='bbox 1410 2679 1663 2710; x_wconf 83' lang='lat' dir='ltr'><strong>supervacanea</strong></span> <span class='ocrx_word' id='word_1_567' title='bbox 1678 2670 1726 2702; x_wconf 88' lang='lat' dir='ltr'><strong>vi-</strong></span> 
     </span>
     <span class='ocr_line' id='line_1_101' title="bbox 1029 2719 1726 2761; baseline -0.001 -9"><span class='ocrx_word' id='word_1_568' title='bbox 1029 2721 1142 2761; x_wconf 88' lang='lat' dir='ltr'><strong>detur,</strong></span> <span class='ocrx_word' id='word_1_569' title='bbox 1172 2719 1419 2761; x_wconf 83' lang='lat' dir='ltr'><strong>refragantibus</strong></span> <span class='ocrx_word' id='word_1_570' title='bbox 1448 2719 1532 2750; x_wconf 71' lang='lat' dir='ltr'><strong>Mss.</strong></span> <span class='ocrx_word' id='word_1_571' title='bbox 1557 2719 1726 2759; x_wconf 74' lang='lat' dir='ltr'><strong>omnibus,</strong></span> 
     </span>
     <span class='ocr_line' id='line_1_102' title="bbox 1025 2769 1726 2814; baseline -0.001 -11"><span class='ocrx_word' id='word_1_572' title='bbox 1025 2775 1063 2804; x_wconf 82' lang='lat' dir='ltr'><strong>et</strong></span> <span class='ocrx_word' id='word_1_573' title='bbox 1077 2771 1181 2814; x_wconf 87' lang='lat' dir='ltr'><strong>pleno</strong></span> <span class='ocrx_word' id='word_1_574' title='bbox 1198 2780 1238 2802; x_wconf 88' lang='lat' dir='ltr'><strong>ac</strong></span> <span class='ocrx_word' id='word_1_575' title='bbox 1263 2770 1445 2812; x_wconf 86' lang='lat' dir='ltr'><strong>perspicuo</strong></span> <span class='ocrx_word' id='word_1_576' title='bbox 1461 2769 1605 2802; x_wconf 83' lang='lat' dir='ltr'><strong>Caesaris</strong></span> <span class='ocrx_word' id='word_1_577' title='bbox 1627 2769 1726 2811; x_wconf 74' lang='lat' dir='ltr'><strong>stylo·</strong></span> 
     </span>
    </p>
   </div>
  </div>
 </body>
</html>
