<?xml version="1.0" encoding="UTF-8"?>
<!DOCTYPE html PUBLIC "-//W3C//DTD XHTML 1.0 Transitional//EN"
    "http://www.w3.org/TR/xhtml1/DTD/xhtml1-transitional.dtd">
<html xmlns="http://www.w3.org/1999/xhtml" xml:lang="en" lang="en">
 <head>
  <title>
</title>
<meta http-equiv="Content-Type" content="text/html;charset=utf-8" />
  <meta name='ocr-system' content='tesseract 3.04.00' />
  <meta name='ocr-capabilities' content='ocr_page ocr_carea ocr_par ocr_line ocrx_word'/>
</head>
<body>
  <div class='ocr_page' id='page_1' title='image "./operaomniaexedit03caesuoft/operaomniaexedit03caesuoft_0431.png"; bbox 0 0 1818 3131; ppageno 0'>
   <div class='ocr_carea' id='block_1_1' title="bbox 419 181 1294 222">
    <p class='ocr_par' dir='ltr' id='par_1_1' title="bbox 419 181 1294 222">
     <span class='ocr_line' id='line_1_1' title="bbox 419 181 1294 222; baseline -0.002 0"><span class='ocrx_word' id='word_1_1' title='bbox 419 193 511 222; x_wconf 69' lang='grc' dir='ltr'>ι,ιιι.</span> <span class='ocrx_word' id='word_1_2' title='bbox 548 193 576 221; x_wconf 90' lang='grc' dir='ltr'>ι.</span> <span class='ocrx_word' id='word_1_3' title='bbox 607 192 712 221; x_wconf 76' lang='grc' dir='ltr'><strong>οΛΡ.</strong></span> <span class='ocrx_word' id='word_1_4' title='bbox 739 181 806 220; x_wconf 77' lang='grc'>11.</span> <span class='ocrx_word' id='word_1_5' title='bbox 842 192 903 220; x_wconf 76' lang='grc' dir='ltr'>ον,</span> <span class='ocrx_word' id='word_1_6' title='bbox 938 191 1092 220; x_wconf 62' lang='lat' dir='ltr'>nunno</span> <span class='ocrx_word' id='word_1_7' title='bbox 1124 190 1294 220; x_wconf 73' lang='lat' dir='ltr'>civim.</span> 
     </span>
    </p>
   </div>
   <div class='ocr_carea' id='block_1_2' title="bbox 117 284 831 2776">
    <p class='ocr_par' dir='ltr' id='par_1_2' title="bbox 127 284 831 817">
     <span class='ocr_line' id='line_1_2' title="bbox 131 284 831 317; baseline -0.003 -1"><span class='ocrx_word' id='word_1_8' title='bbox 131 285 213 316; x_wconf 76' lang='lat' dir='ltr'>Mss.</span> <span class='ocrx_word' id='word_1_9' title='bbox 243 286 320 317; x_wconf 74' lang='lat' dir='ltr'>Urs.</span> <span class='ocrx_word' id='word_1_10' title='bbox 343 287 476 317; x_wconf 77' lang='lat' dir='ltr'>Carrar.</span> <span class='ocrx_word' id='word_1_11' title='bbox 506 286 612 316; x_wconf 85' lang='lat' dir='ltr'>Dorv.</span> <span class='ocrx_word' id='word_1_12' title='bbox 643 284 736 315; x_wconf 84' lang='lat' dir='ltr'>Leid.</span> <span class='ocrx_word' id='word_1_13' title='bbox 764 293 831 314; x_wconf 77' lang='lat' dir='ltr'>sec.</span> 
     </span>
     <span class='ocr_line' id='line_1_3' title="bbox 131 335 831 367; baseline -0.003 -1"><span class='ocrx_word' id='word_1_14' title='bbox 131 336 242 367; x_wconf 86' lang='lat' dir='ltr'>Pulm.</span> <span class='ocrx_word' id='word_1_15' title='bbox 272 342 308 367; x_wconf 79' lang='lat' dir='ltr'>et</span> <span class='ocrx_word' id='word_1_16' title='bbox 337 337 422 367; x_wconf 78' lang='lat' dir='ltr'>Edd.</span> <span class='ocrx_word' id='word_1_17' title='bbox 452 337 547 367; x_wconf 87' lang='lat' dir='ltr'>Rom.</span> <span class='ocrx_word' id='word_1_18' title='bbox 575 336 659 366; x_wconf 81' lang='lat' dir='ltr'>Ven.</span> <span class='ocrx_word' id='word_1_19' title='bbox 691 335 831 365; x_wconf 78' lang='lat' dir='ltr'>Mediot.</span> 
     </span>
     <span class='ocr_line' id='line_1_4' title="bbox 131 387 831 425; baseline -0.001 -9"><span class='ocrx_word' id='word_1_20' title='bbox 131 387 279 417; x_wconf 84' lang='lat' dir='ltr'>Florcnt.</span> <span class='ocrx_word' id='word_1_21' title='bbox 312 387 377 417; x_wconf 74' lang='lat' dir='ltr'>Adi</span> <span class='ocrx_word' id='word_1_22' title='bbox 394 387 434 417; x_wconf 88' lang='lat' dir='ltr'>ad</span> <span class='ocrx_word' id='word_1_23' title='bbox 453 387 568 417; x_wconf 79' lang='lat' dir='ltr'>Front.</span> <span class='ocrx_word' id='word_1_24' title='bbox 586 395 609 417; x_wconf 89' lang='lat'>1.</span> <span class='ocrx_word' id='word_1_25' title='bbox 625 389 656 416; x_wconf 87' lang='grc'>8.</span> <span class='ocrx_word' id='word_1_26' title='bbox 673 389 703 416; x_wconf 89' lang='grc'>5.</span> <span class='ocrx_word' id='word_1_27' title='bbox 726 387 734 402; x_wconf 91' lang='lat'>‘</span> <span class='ocrx_word' id='word_1_28' title='bbox 753 395 831 425; x_wconf 87' lang='lat' dir='ltr'>pau-</span> 
     </span>
     <span class='ocr_line' id='line_1_5' title="bbox 128 434 829 467; baseline 0 -2"><span class='ocrx_word' id='word_1_29' title='bbox 128 437 234 466; x_wconf 74' lang='lat' dir='ltr'>citate</span> <span class='ocrx_word' id='word_1_30' title='bbox 264 447 397 467; x_wconf 67' lang='lat' dir='ltr'>suornm</span> <span class='ocrx_word' id='word_1_31' title='bbox 429 435 606 467; x_wconf 59' lang='lat' dir='ltr'>diffidens!</span> <span class='ocrx_word' id='word_1_32' title='bbox 650 434 749 465; x_wconf 76' lang='lat' dir='ltr'>Adde</span> <span class='ocrx_word' id='word_1_33' title='bbox 777 436 829 465; x_wconf 60' lang='grc' dir='ltr'>(ΣΙ.</span> 
     </span>
     <span class='ocr_line' id='line_1_6' title="bbox 131 486 831 517; baseline 0 -1"><span class='ocrx_word' id='word_1_34' title='bbox 131 486 315 517; x_wconf 82' lang='lat' dir='ltr'>Burmann.</span> <span class='ocrx_word' id='word_1_35' title='bbox 332 487 372 516; x_wconf 82' lang='lat' dir='ltr'>ad</span> <span class='ocrx_word' id='word_1_36' title='bbox 389 488 525 517; x_wconf 79' lang='lat' dir='ltr'>Sueton.</span> <span class='ocrx_word' id='word_1_37' title='bbox 542 486 610 517; x_wconf 85' lang='lat' dir='ltr'>Jnl.</span> <span class='ocrx_word' id='word_1_38' title='bbox 627 495 656 517; x_wconf 90' lang='lat' dir='ltr'>c.</span> <span class='ocrx_word' id='word_1_39' title='bbox 673 488 703 516; x_wconf 83' lang='grc'>3.</span> <span class='ocrx_word' id='word_1_40' title='bbox 727 487 736 502; x_wconf 90' lang='lat'>‘</span> <span class='ocrx_word' id='word_1_41' title='bbox 756 486 831 516; x_wconf 88' lang='lat' dir='ltr'>Dit&#39;-</span> 
     </span>
     <span class='ocr_line' id='line_1_7' title="bbox 129 535 829 574; baseline 0.004 -8"><span class='ocrx_word' id='word_1_42' title='bbox 129 535 236 566; x_wconf 74' lang='lat' dir='ltr'>tidens</span> <span class='ocrx_word' id='word_1_43' title='bbox 274 536 474 567; x_wconf 63' lang='lat' dir='ltr'>occasione:</span> <span class='ocrx_word' id='word_1_44' title='bbox 532 535 635 574; x_wconf 70' lang='lat' dir='ltr'>Apud</span> <span class='ocrx_word' id='word_1_45' title='bbox 671 536 829 569; x_wconf 79' lang='lat' dir='ltr'>Tacitum</span> 
     </span>
     <span class='ocr_line' id='line_1_8' title="bbox 128 584 828 626; baseline 0 -10"><span class='ocrx_word' id='word_1_46' title='bbox 128 596 261 626; x_wconf 83' lang='lat' dir='ltr'>quoqne</span> <span class='ocrx_word' id='word_1_47' title='bbox 288 587 378 616; x_wconf 81' lang='lat' dir='ltr'>Hist.</span> <span class='ocrx_word' id='word_1_48' title='bbox 407 595 443 615; x_wconf 94' lang='grc' dir='ltr'>ιι.</span> <span class='ocrx_word' id='word_1_49' title='bbox 460 589 512 616; x_wconf 69' lang='grc'>23.</span> <span class='ocrx_word' id='word_1_50' title='bbox 536 589 544 602; x_wconf 88' lang='lat'>‘</span> <span class='ocrx_word' id='word_1_51' title='bbox 561 584 728 615; x_wconf 79' lang='lat' dir='ltr'>Diffidens</span> <span class='ocrx_word' id='word_1_52' title='bbox 749 595 828 626; x_wconf 81' lang='lat' dir='ltr'>pau-</span> 
     </span>
     <span class='ocr_line' id='line_1_9' title="bbox 129 636 828 674; baseline -0.001 -7"><span class='ocrx_word' id='word_1_53' title='bbox 129 637 227 667; x_wconf 84' lang='lat' dir='ltr'>citati</span> <span class='ocrx_word' id='word_1_54' title='bbox 254 637 464 674; x_wconf 77' lang='lat' dir='ltr'>coltortium‚&#39;</span> <span class='ocrx_word' id='word_1_55' title='bbox 492 637 562 667; x_wconf 81' lang='lat' dir='ltr'>Cel.</span> <span class='ocrx_word' id='word_1_56' title='bbox 584 636 617 668; x_wconf 80' lang='lat' dir='ltr'>J.</span> <span class='ocrx_word' id='word_1_57' title='bbox 635 637 828 667; x_wconf 76' lang='lat' dir='ltr'>Gronovius</span> 
     </span>
     <span class='ocr_line' id='line_1_10' title="bbox 130 686 830 726; baseline 0 -10"><span class='ocrx_word' id='word_1_58' title='bbox 130 691 277 718; x_wconf 80' lang='lat' dir='ltr'>testatur</span> <span class='ocrx_word' id='word_1_59' title='bbox 306 687 338 717; x_wconf 91' lang='lat' dir='ltr'>in</span> <span class='ocrx_word' id='word_1_60' title='bbox 371 687 482 717; x_wconf 78' lang='lat' dir='ltr'>Oxou.</span> <span class='ocrx_word' id='word_1_61' title='bbox 512 687 596 716; x_wconf 67' lang='lat' dir='ltr'>mss.</span> <span class='ocrx_word' id='word_1_62' title='bbox 626 695 699 717; x_wconf 78' lang='lat' dir='ltr'>esse</span> <span class='ocrx_word' id='word_1_63' title='bbox 727 686 830 726; x_wconf 76' lang='lat' dir='ltr'>punci-</span> 
     </span>
     <span class='ocr_line' id='line_1_11' title="bbox 127 736 828 773; baseline 0 -6"><span class='ocrx_word' id='word_1_64' title='bbox 127 740 219 773; x_wconf 53' lang='lat' dir='ltr'>cutm</span> <span class='ocrx_word' id='word_1_65' title='bbox 249 737 329 767; x_wconf 87' lang='lat' dir='ltr'>item</span> <span class='ocrx_word' id='word_1_66' title='bbox 362 737 542 767; x_wconf 70' lang='lat' dir='ltr'>Leidenses</span> <span class='ocrx_word' id='word_1_67' title='bbox 575 737 656 766; x_wconf 81' lang='lat' dir='ltr'>Mss.</span> <span class='ocrx_word' id='word_1_68' title='bbox 687 737 727 766; x_wconf 93' lang='lat' dir='ltr'>B.</span> <span class='ocrx_word' id='word_1_69' title='bbox 757 736 828 767; x_wconf 86' lang='lat' dir='ltr'>Civ.</span> 
     </span>
     <span class='ocr_line' id='line_1_12' title="bbox 129 785 572 817; baseline 0.002 -2"><span class='ocrx_word' id='word_1_70' title='bbox 129 795 184 817; x_wconf 89' lang='grc' dir='ltr'>ιιι.</span> <span class='ocrx_word' id='word_1_71' title='bbox 201 789 254 816; x_wconf 77' lang='lat'>96.</span> <span class='ocrx_word' id='word_1_72' title='bbox 279 789 287 803; x_wconf 87' lang='lat'>‘</span> <span class='ocrx_word' id='word_1_73' title='bbox 305 785 403 816; x_wconf 72' lang='lat' dir='ltr'>diffisi</span> <span class='ocrx_word' id='word_1_74' title='bbox 420 796 458 816; x_wconf 89' lang='lat' dir='ltr'>eo</span> <span class='ocrx_word' id='word_1_75' title='bbox 477 786 572 817; x_wconf 65' lang='lat' dir='ltr'>loco.y</span> 
     </span>
    </p>

    <p class='ocr_par' dir='ltr' id='par_1_3' title="bbox 117 837 831 2084">
     <span class='ocr_line' id='line_1_13' title="bbox 171 837 829 874; baseline 0 -7"><span class='ocrx_word' id='word_1_76' title='bbox 171 846 252 867; x_wconf 78' lang='lat' dir='ltr'>xiii.</span> <span class='ocrx_word' id='word_1_77' title='bbox 276 840 295 867; x_wconf 80' lang='lat'>2</span> <span class='ocrx_word' id='word_1_78' title='bbox 328 838 447 868; x_wconf 64' lang='lat' dir='ltr'>Dat-ene</span> <span class='ocrx_word' id='word_1_79' title='bbox 474 838 522 868; x_wconf 83' lang='lat' dir='ltr'>sui</span> <span class='ocrx_word' id='word_1_80' title='bbox 545 837 659 874; x_wconf 66' lang='lat' dir='ltr'>juditii</span> <span class='ocrx_word' id='word_1_81' title='bbox 684 847 748 868; x_wconf 72' lang='lat' dir='ltr'>rem</span> <span class='ocrx_word' id='word_1_82' title='bbox 771 847 829 867; x_wconf 74' lang='lat' dir='ltr'>nou</span> 
     </span>
     <span class='ocr_line' id='line_1_14' title="bbox 125 887 828 927; baseline 0.001 -10"><span class='ocrx_word' id='word_1_83' title='bbox 125 887 202 927; x_wconf 77' lang='lat' dir='ltr'>esse]</span> <span class='ocrx_word' id='word_1_84' title='bbox 222 888 432 918; x_wconf 82' lang='lat' dir='ltr'>Tantundem</span> <span class='ocrx_word' id='word_1_85' title='bbox 449 894 500 918; x_wconf 87' lang='lat' dir='ltr'>est</span> <span class='ocrx_word' id='word_1_86' title='bbox 515 898 554 918; x_wconf 77' lang='lat' dir='ltr'>ac</span> <span class='ocrx_word' id='word_1_87' title='bbox 570 888 596 918; x_wconf 86' lang='lat' dir='ltr'>si</span> <span class='ocrx_word' id='word_1_88' title='bbox 611 888 717 926; x_wconf 78' lang='lat' dir='ltr'>dicas,</span> <span class='ocrx_word' id='word_1_89' title='bbox 734 898 828 918; x_wconf 88' lang='lat' dir='ltr'>suum</span> 
     </span>
     <span class='ocr_line' id='line_1_15' title="bbox 127 936 829 977; baseline 0.001 -11"><span class='ocrx_word' id='word_1_90' title='bbox 127 945 193 966; x_wconf 89' lang='lat' dir='ltr'>non</span> <span class='ocrx_word' id='word_1_91' title='bbox 208 937 462 976; x_wconf 73' lang='lat' dir='ltr'>essejndicare,</span> <span class='ocrx_word' id='word_1_92' title='bbox 478 947 517 967; x_wconf 86' lang='lat' dir='ltr'>an</span> <span class='ocrx_word' id='word_1_93' title='bbox 530 937 635 977; x_wconf 78' lang='lat' dir='ltr'>justis</span> <span class='ocrx_word' id='word_1_94' title='bbox 648 936 689 967; x_wconf 84' lang='lat' dir='ltr'>de</span> <span class='ocrx_word' id='word_1_95' title='bbox 706 938 829 967; x_wconf 74' lang='lat' dir='ltr'>caussis</span> 
     </span>
     <span class='ocr_line' id='line_1_16' title="bbox 128 986 831 1027; baseline 0.003 -12"><span class='ocrx_word' id='word_1_96' title='bbox 128 987 241 1016; x_wconf 66' lang='lat' dir='ltr'>Caesar</span> <span class='ocrx_word' id='word_1_97' title='bbox 259 986 471 1026; x_wconf 81' lang='lat' dir='ltr'>Pompeium,</span> <span class='ocrx_word' id='word_1_98' title='bbox 496 987 552 1017; x_wconf 89' lang='lat' dir='ltr'>ille</span> <span class='ocrx_word' id='word_1_99' title='bbox 573 988 739 1018; x_wconf 74' lang='lat' dir='ltr'>Coesar‹·1n</span> <span class='ocrx_word' id='word_1_100' title='bbox 759 997 831 1027; x_wconf 80' lang='lat' dir='ltr'>per-</span> 
     </span>
     <span class='ocr_line' id='line_1_17' title="bbox 126 1037 830 1079; baseline 0.004 -13"><span class='ocrx_word' id='word_1_101' title='bbox 126 1042 337 1077; x_wconf 72' lang='lat' dir='ltr'>sequeretur.</span> <span class='ocrx_word' id='word_1_102' title='bbox 387 1038 530 1068; x_wconf 77' lang='lat' dir='ltr'>Videtur</span> <span class='ocrx_word' id='word_1_103' title='bbox 552 1037 696 1068; x_wconf 75' lang='lat' dir='ltr'>t‘ormula</span> <span class='ocrx_word' id='word_1_104' title='bbox 718 1039 830 1079; x_wconf 85' lang='lat' dir='ltr'>aliqua</span> 
     </span>
     <span class='ocr_line' id='line_1_18' title="bbox 126 1086 830 1128; baseline 0.007 -13"><span class='ocrx_word' id='word_1_105' title='bbox 126 1095 198 1116; x_wconf 85' lang='lat' dir='ltr'>esse</span> <span class='ocrx_word' id='word_1_106' title='bbox 216 1086 339 1126; x_wconf 87' lang='lat' dir='ltr'>injure</span> <span class='ocrx_word' id='word_1_107' title='bbox 356 1088 469 1126; x_wconf 78' lang='lat' dir='ltr'>prisco</span> <span class='ocrx_word' id='word_1_108' title='bbox 483 1094 665 1128; x_wconf 84' lang='lat' dir='ltr'>usurpata:</span> <span class='ocrx_word' id='word_1_109' title='bbox 682 1089 729 1119; x_wconf 71' lang='lat' dir='ltr'>sic</span> <span class='ocrx_word' id='word_1_110' title='bbox 742 1088 830 1120; x_wconf 81' lang='lat' dir='ltr'>infra</span> 
     </span>
     <span class='ocr_line' id='line_1_19' title="bbox 125 1135 827 1178; baseline 0.006 -13"><span class='ocrx_word' id='word_1_111' title='bbox 125 1136 174 1166; x_wconf 86' lang='lat' dir='ltr'>ait</span> <span class='ocrx_word' id='word_1_112' title='bbox 202 1135 243 1166; x_wconf 88' lang='lat' dir='ltr'>de</span> <span class='ocrx_word' id='word_1_113' title='bbox 275 1137 567 1168; x_wconf 80' lang='lat' dir='ltr'>Massiliensibus:</span> <span class='ocrx_word' id='word_1_114' title='bbox 609 1140 618 1154; x_wconf 76' lang='lat'><em>⁴</em></span> <span class='ocrx_word' id='word_1_115' title='bbox 637 1148 744 1178; x_wconf 82' lang='lat' dir='ltr'>neque</span> <span class='ocrx_word' id='word_1_116' title='bbox 777 1140 827 1170; x_wconf 86' lang='lat' dir='ltr'>sui</span> 
     </span>
     <span class='ocr_line' id='line_1_20' title="bbox 117 1185 826 1226; baseline 0.006 -12"><span class='ocrx_word' id='word_1_117' title='bbox 117 1185 251 1224; x_wconf 83' lang='lat' dir='ltr'>judicii,</span> <span class='ocrx_word' id='word_1_118' title='bbox 282 1194 391 1226; x_wconf 89' lang='lat' dir='ltr'>neque</span> <span class='ocrx_word' id='word_1_119' title='bbox 419 1196 554 1217; x_wconf 88' lang='lat' dir='ltr'>suarum</span> <span class='ocrx_word' id='word_1_120' title='bbox 582 1197 654 1217; x_wconf 83' lang='lat' dir='ltr'>esse</span> <span class='ocrx_word' id='word_1_121' title='bbox 695 1188 826 1226; x_wconf 85' lang='lat' dir='ltr'>virium,</span> 
     </span>
     <span class='ocr_line' id='line_1_21' title="bbox 125 1234 825 1276; baseline 0.004 -11"><span class='ocrx_word' id='word_1_122' title='bbox 125 1234 332 1276; x_wconf 84' lang='lat' dir='ltr'>discernere,</span> <span class='ocrx_word' id='word_1_123' title='bbox 358 1241 434 1266; x_wconf 88' lang='lat' dir='ltr'>utra</span> <span class='ocrx_word' id='word_1_124' title='bbox 465 1245 541 1276; x_wconf 89' lang='lat' dir='ltr'>pars</span> <span class='ocrx_word' id='word_1_125' title='bbox 566 1236 748 1276; x_wconf 81' lang='lat' dir='ltr'>justiorem</span> <span class='ocrx_word' id='word_1_126' title='bbox 771 1239 825 1268; x_wconf 86' lang='lat' dir='ltr'>ha-</span> 
     </span>
     <span class='ocr_line' id='line_1_22' title="bbox 126 1282 826 1327; baseline 0.003 -11"><span class='ocrx_word' id='word_1_127' title='bbox 126 1285 206 1316; x_wconf 80' lang='lat' dir='ltr'>beat</span> <span class='ocrx_word' id='word_1_128' title='bbox 233 1282 407 1316; x_wconf 63' lang='lat' dir='ltr'>caussam!</span> <span class='ocrx_word' id='word_1_129' title='bbox 452 1287 536 1318; x_wconf 74' lang='lat' dir='ltr'>Qua:</span> <span class='ocrx_word' id='word_1_130' title='bbox 567 1287 671 1317; x_wconf 75' lang='lat' dir='ltr'>verba</span> <span class='ocrx_word' id='word_1_131' title='bbox 698 1288 826 1327; x_wconf 87' lang='lat' dir='ltr'>optime</span> 
     </span>
     <span class='ocr_line' id='line_1_23' title="bbox 125 1336 824 1374; baseline 0.003 -8"><span class='ocrx_word' id='word_1_132' title='bbox 125 1336 275 1374; x_wconf 77' lang='lat' dir='ltr'>explicat</span> <span class='ocrx_word' id='word_1_133' title='bbox 315 1336 467 1367; x_wconf 81' lang='lat' dir='ltr'>Velleius</span> <span class='ocrx_word' id='word_1_134' title='bbox 497 1346 538 1368; x_wconf 88' lang='grc' dir='ltr'>ιι.</span> <span class='ocrx_word' id='word_1_135' title='bbox 570 1340 599 1368; x_wconf 90' lang='grc'>1.</span> <span class='ocrx_word' id='word_1_136' title='bbox 639 1347 713 1368; x_wconf 86' lang='lat' dir='ltr'>cum</span> <span class='ocrx_word' id='word_1_137' title='bbox 756 1339 824 1368; x_wconf 86' lang='lat' dir='ltr'>ait:</span> 
     </span>
     <span class='ocr_line' id='line_1_24' title="bbox 126 1385 828 1427; baseline 0.004 -12"><span class='ocrx_word' id='word_1_138' title='bbox 126 1386 136 1401; x_wconf 87' lang='lat'>‘</span> <span class='ocrx_word' id='word_1_139' title='bbox 154 1385 305 1416; x_wconf 81' lang='lat' dir='ltr'>Massilia</span> <span class='ocrx_word' id='word_1_140' title='bbox 328 1385 394 1416; x_wconf 86' lang='lat' dir='ltr'>fide</span> <span class='ocrx_word' id='word_1_141' title='bbox 418 1387 548 1425; x_wconf 89' lang='lat' dir='ltr'>melior,</span> <span class='ocrx_word' id='word_1_142' title='bbox 566 1397 664 1427; x_wconf 88' lang='lat' dir='ltr'>quam</span> <span class='ocrx_word' id='word_1_143' title='bbox 688 1388 828 1418; x_wconf 90' lang='lat' dir='ltr'>consilio</span> 
     </span>
     <span class='ocr_line' id='line_1_25' title="bbox 125 1437 830 1479; baseline 0.003 -11"><span class='ocrx_word' id='word_1_144' title='bbox 125 1437 336 1478; x_wconf 81' lang='lat' dir='ltr'>prudentior,</span> <span class='ocrx_word' id='word_1_145' title='bbox 367 1438 607 1478; x_wconf 87' lang='lat' dir='ltr'>intempestive</span> <span class='ocrx_word' id='word_1_146' title='bbox 637 1439 830 1479; x_wconf 83' lang='lat' dir='ltr'>principali-</span> 
     </span>
     <span class='ocr_line' id='line_1_26' title="bbox 125 1488 828 1530; baseline 0.001 -11"><span class='ocrx_word' id='word_1_147' title='bbox 125 1498 180 1519; x_wconf 86' lang='lat' dir='ltr'>um</span> <span class='ocrx_word' id='word_1_148' title='bbox 197 1498 366 1519; x_wconf 87' lang='lat' dir='ltr'>armorum</span> <span class='ocrx_word' id='word_1_149' title='bbox 383 1488 524 1519; x_wconf 88' lang='lat' dir='ltr'>arbitria</span> <span class='ocrx_word' id='word_1_150' title='bbox 537 1493 691 1529; x_wconf 83' lang='lat' dir='ltr'>captans,</span> <span class='ocrx_word' id='word_1_151' title='bbox 708 1489 828 1530; x_wconf 88' lang='lat' dir='ltr'>quibus</span> 
     </span>
     <span class='ocr_line' id='line_1_27' title="bbox 125 1538 829 1581; baseline 0.004 -13"><span class='ocrx_word' id='word_1_152' title='bbox 125 1538 148 1568; x_wconf 84' lang='lat' dir='ltr'>ii</span> <span class='ocrx_word' id='word_1_153' title='bbox 165 1547 200 1569; x_wconf 89' lang='lat' dir='ltr'>se</span> <span class='ocrx_word' id='word_1_154' title='bbox 216 1538 344 1568; x_wconf 87' lang='lat' dir='ltr'>debent</span> <span class='ocrx_word' id='word_1_155' title='bbox 360 1539 589 1579; x_wconf 83' lang='lat' dir='ltr'>interponere,</span> <span class='ocrx_word' id='word_1_156' title='bbox 604 1541 659 1581; x_wconf 88' lang='lat' dir='ltr'>qui</span> <span class='ocrx_word' id='word_1_157' title='bbox 684 1550 751 1571; x_wconf 87' lang='lat' dir='ltr'>non</span> <span class='ocrx_word' id='word_1_158' title='bbox 773 1551 829 1581; x_wconf 89' lang='lat' dir='ltr'>pa-</span> 
     </span>
     <span class='ocr_line' id='line_1_28' title="bbox 126 1588 828 1632; baseline 0.007 -14"><span class='ocrx_word' id='word_1_159' title='bbox 126 1593 259 1619; x_wconf 85' lang='lat' dir='ltr'>rentem</span> <span class='ocrx_word' id='word_1_160' title='bbox 288 1588 448 1620; x_wconf 73' lang='lat' dir='ltr'>coercere</span> <span class='ocrx_word' id='word_1_161' title='bbox 489 1590 649 1630; x_wconf 85' lang='lat' dir='ltr'>possunt.&#39;</span> <span class='ocrx_word' id='word_1_162' title='bbox 705 1591 828 1632; x_wconf 87' lang='lat' dir='ltr'>Itaque</span> 
     </span>
     <span class='ocr_line' id='line_1_29' title="bbox 126 1640 827 1681; baseline 0.004 -11"><span class='ocrx_word' id='word_1_163' title='bbox 126 1649 185 1670; x_wconf 73' lang='lat' dir='ltr'>aon</span> <span class='ocrx_word' id='word_1_164' title='bbox 200 1644 244 1670; x_wconf 77' lang='lat' dir='ltr'>cst</span> <span class='ocrx_word' id='word_1_165' title='bbox 263 1640 378 1678; x_wconf 68' lang='lat' dir='ltr'>judicii</span> <span class='ocrx_word' id='word_1_166' title='bbox 403 1641 461 1671; x_wconf 83' lang='lat' dir='ltr'>mei</span> <span class='ocrx_word' id='word_1_167' title='bbox 480 1651 541 1678; x_wconf 78' lang='lat' dir='ltr'>res,</span> <span class='ocrx_word' id='word_1_168' title='bbox 563 1642 652 1672; x_wconf 87' lang='lat' dir='ltr'>idem</span> <span class='ocrx_word' id='word_1_169' title='bbox 669 1643 773 1681; x_wconf 76' lang='lat' dir='ltr'>valet,</span> <span class='ocrx_word' id='word_1_170' title='bbox 790 1653 827 1673; x_wconf 81' lang='lat' dir='ltr'>ac</span> 
     </span>
     <span class='ocr_line' id='line_1_30' title="bbox 126 1690 828 1732; baseline 0.006 -12"><span class='ocrx_word' id='word_1_171' title='bbox 126 1691 153 1721; x_wconf 86' lang='lat' dir='ltr'>si</span> <span class='ocrx_word' id='word_1_172' title='bbox 171 1690 276 1730; x_wconf 76' lang='lat' dir='ltr'>dicas,</span> <span class='ocrx_word' id='word_1_173' title='bbox 293 1691 372 1722; x_wconf 86' lang='lat' dir='ltr'>Nou</span> <span class='ocrx_word' id='word_1_174' title='bbox 397 1691 476 1722; x_wconf 83' lang='lat' dir='ltr'>mihi</span> <span class='ocrx_word' id='word_1_175' title='bbox 499 1692 532 1721; x_wconf 76' lang='lat' dir='ltr'>id</span> <span class='ocrx_word' id='word_1_176' title='bbox 548 1693 767 1732; x_wconf 76' lang='lat' dir='ltr'>arrogantiae,</span> <span class='ocrx_word' id='word_1_177' title='bbox 791 1698 828 1724; x_wconf 89' lang='lat' dir='ltr'>ut</span> 
     </span>
     <span class='ocr_line' id='line_1_31' title="bbox 125 1741 829 1783; baseline 0.004 -12"><span class='ocrx_word' id='word_1_178' title='bbox 125 1750 179 1771; x_wconf 88' lang='lat' dir='ltr'>me</span> <span class='ocrx_word' id='word_1_179' title='bbox 196 1741 273 1772; x_wconf 83' lang='lat' dir='ltr'>huie</span> <span class='ocrx_word' id='word_1_180' title='bbox 290 1742 338 1772; x_wconf 89' lang='lat' dir='ltr'>rei</span> <span class='ocrx_word' id='word_1_181' title='bbox 361 1741 594 1782; x_wconf 82' lang='lat' dir='ltr'>interponam:</span> <span class='ocrx_word' id='word_1_182' title='bbox 620 1752 684 1773; x_wconf 90' lang='lat' dir='ltr'>non</span> <span class='ocrx_word' id='word_1_183' title='bbox 707 1752 829 1783; x_wconf 87' lang='lat' dir='ltr'>arrogo</span> 
     </span>
     <span class='ocr_line' id='line_1_32' title="bbox 125 1791 829 1832; baseline 0.001 -10"><span class='ocrx_word' id='word_1_184' title='bbox 125 1791 206 1822; x_wconf 83' lang='lat' dir='ltr'>mihi</span> <span class='ocrx_word' id='word_1_185' title='bbox 222 1791 397 1822; x_wconf 82' lang='lat' dir='ltr'>arbitrium</span> <span class='ocrx_word' id='word_1_186' title='bbox 414 1792 486 1832; x_wconf 77' lang='lat' dir='ltr'>ejus</span> <span class='ocrx_word' id='word_1_187' title='bbox 504 1793 562 1824; x_wconf 84' lang='lat' dir='ltr'>rei.</span> <span class='ocrx_word' id='word_1_188' title='bbox 607 1793 652 1823; x_wconf 88' lang='lat' dir='ltr'>Et</span> <span class='ocrx_word' id='word_1_189' title='bbox 669 1792 710 1823; x_wconf 91' lang='lat' dir='ltr'>de</span> <span class='ocrx_word' id='word_1_190' title='bbox 732 1793 829 1824; x_wconf 90' lang='lat' dir='ltr'>Bello</span> 
     </span>
     <span class='ocr_line' id='line_1_33' title="bbox 125 1841 828 1874; baseline 0.003 -3"><span class='ocrx_word' id='word_1_191' title='bbox 125 1841 216 1872; x_wconf 85' lang='lat' dir='ltr'>civili</span> <span class='ocrx_word' id='word_1_192' title='bbox 239 1850 293 1872; x_wconf 89' lang='grc' dir='ltr'>ιιι.</span> <span class='ocrx_word' id='word_1_193' title='bbox 323 1844 374 1871; x_wconf 77' lang='grc'>12.</span> <span class='ocrx_word' id='word_1_194' title='bbox 404 1843 413 1857; x_wconf 87' lang='lat'>‘</span> <span class='ocrx_word' id='word_1_195' title='bbox 433 1841 486 1871; x_wconf 83' lang='lat' dir='ltr'>Illi</span> <span class='ocrx_word' id='word_1_196' title='bbox 517 1851 597 1872; x_wconf 89' lang='lat' dir='ltr'>vero</span> <span class='ocrx_word' id='word_1_197' title='bbox 625 1842 763 1873; x_wconf 87' lang='lat' dir='ltr'>daturos</span> <span class='ocrx_word' id='word_1_198' title='bbox 793 1852 828 1874; x_wconf 89' lang='lat' dir='ltr'>se</span> 
     </span>
     <span class='ocr_line' id='line_1_34' title="bbox 125 1892 829 1932; baseline 0.004 -11"><span class='ocrx_word' id='word_1_199' title='bbox 125 1899 264 1932; x_wconf 84' lang='lat' dir='ltr'>negare,</span> <span class='ocrx_word' id='word_1_200' title='bbox 280 1900 388 1932; x_wconf 86' lang='lat' dir='ltr'>neque</span> <span class='ocrx_word' id='word_1_201' title='bbox 405 1897 520 1931; x_wconf 85' lang='lat' dir='ltr'>portas</span> <span class='ocrx_word' id='word_1_202' title='bbox 544 1892 670 1922; x_wconf 83' lang='lat' dir='ltr'>consuli</span> <span class='ocrx_word' id='word_1_203' title='bbox 687 1893 829 1932; x_wconf 79' lang='lat' dir='ltr'>praeclu-</span> 
     </span>
     <span class='ocr_line' id='line_1_35' title="bbox 123 1943 830 1984; baseline 0.006 -12"><span class='ocrx_word' id='word_1_204' title='bbox 123 1951 241 1981; x_wconf 83' lang='lat' dir='ltr'>suros;</span> <span class='ocrx_word' id='word_1_205' title='bbox 265 1951 374 1984; x_wconf 85' lang='lat' dir='ltr'>neque</span> <span class='ocrx_word' id='word_1_206' title='bbox 390 1943 633 1984; x_wconf 87' lang='lat' dir='ltr'>sibijudicium</span> <span class='ocrx_word' id='word_1_207' title='bbox 650 1950 830 1984; x_wconf 84' lang='lat' dir='ltr'>sumturos,</span> 
     </span>
     <span class='ocr_line' id='line_1_36' title="bbox 123 1994 829 2036; baseline 0.003 -12"><span class='ocrx_word' id='word_1_208' title='bbox 123 1998 242 2024; x_wconf 82' lang='lat' dir='ltr'>eontra</span> <span class='ocrx_word' id='word_1_209' title='bbox 258 1998 362 2034; x_wconf 86' lang='lat' dir='ltr'>atque</span> <span class='ocrx_word' id='word_1_210' title='bbox 378 1995 485 2025; x_wconf 84' lang='lat' dir='ltr'>omnis</span> <span class='ocrx_word' id='word_1_211' title='bbox 499 1994 601 2026; x_wconf 90' lang='lat' dir='ltr'>Italia</span> <span class='ocrx_word' id='word_1_212' title='bbox 615 1995 829 2036; x_wconf 83' lang='lat' dir='ltr'>populusque</span> 
     </span>
     <span class='ocr_line' id='line_1_37' title="bbox 125 2043 644 2084; baseline 0.004 -10"><span class='ocrx_word' id='word_1_213' title='bbox 125 2043 478 2084; x_wconf 54' lang='lat' dir='ltr'>Ronrjudicavissetss</span> <span class='ocrx_word' id='word_1_214' title='bbox 508 2045 644 2076; x_wconf 76' lang='lat' dir='ltr'>Vossius.</span> 
     </span>
    </p>

    <p class='ocr_par' dir='ltr' id='par_1_4' title="bbox 120 2094 828 2776">
     <span class='ocr_line' id='line_1_38' title="bbox 167 2094 828 2136; baseline 0 -10"><span class='ocrx_word' id='word_1_215' title='bbox 167 2097 187 2126; x_wconf 81' lang='lat'>6</span> <span class='ocrx_word' id='word_1_216' title='bbox 213 2095 337 2125; x_wconf 75' lang='lat' dir='ltr'>Habeat</span> <span class='ocrx_word' id='word_1_217' title='bbox 352 2094 504 2126; x_wconf 78' lang='lat' dir='ltr'>rationem</span> <span class='ocrx_word' id='word_1_218' title='bbox 517 2095 713 2135; x_wconf 73' lang='lat' dir='ltr'>posteritatis</span> <span class='ocrx_word' id='word_1_219' title='bbox 727 2099 757 2126; x_wconf 81' lang='lat' dir='ltr'>et</span> <span class='ocrx_word' id='word_1_220' title='bbox 776 2106 828 2136; x_wconf 84' lang='lat' dir='ltr'>pe-</span> 
     </span>
     <span class='ocr_line' id='line_1_39' title="bbox 125 2144 827 2183; baseline 0.001 -9"><span class='ocrx_word' id='word_1_221' title='bbox 125 2144 232 2183; x_wconf 73' lang='lat' dir='ltr'>riculi]</span> <span class='ocrx_word' id='word_1_222' title='bbox 276 2145 450 2176; x_wconf 75' lang='lat' dir='ltr'>Rubenius</span> <span class='ocrx_word' id='word_1_223' title='bbox 478 2155 571 2176; x_wconf 90' lang='lat' dir='ltr'>more</span> <span class='ocrx_word' id='word_1_224' title='bbox 609 2155 668 2176; x_wconf 86' lang='lat' dir='ltr'>sno</span> <span class='ocrx_word' id='word_1_225' title='bbox 697 2144 827 2183; x_wconf 76' lang='lat' dir='ltr'>infelix,</span> 
     </span>
     <span class='ocr_line' id='line_1_40' title="bbox 124 2193 828 2235; baseline 0.004 -12"><span class='ocrx_word' id='word_1_226' title='bbox 124 2193 182 2224; x_wconf 83' lang='lat' dir='ltr'>ubi</span> <span class='ocrx_word' id='word_1_227' title='bbox 212 2194 383 2224; x_wconf 75' lang='lat' dir='ltr'>Caesarem</span> <span class='ocrx_word' id='word_1_228' title='bbox 420 2195 568 2235; x_wconf 79' lang='lat' dir='ltr'>corrigit,</span> <span class='ocrx_word' id='word_1_229' title='bbox 598 2195 708 2226; x_wconf 85' lang='lat' dir='ltr'>Elect.</span> <span class='ocrx_word' id='word_1_230' title='bbox 742 2205 765 2226; x_wconf 93' lang='grc' dir='ltr'>ι.</span> <span class='ocrx_word' id='word_1_231' title='bbox 797 2198 828 2227; x_wconf 88' lang='grc'>8.</span> 
     </span>
     <span class='ocr_line' id='line_1_41' title="bbox 126 2243 828 2286; baseline 0.004 -13"><span class='ocrx_word' id='word_1_232' title='bbox 126 2243 283 2274; x_wconf 79' lang='lat' dir='ltr'>rescribit</span> <span class='ocrx_word' id='word_1_233' title='bbox 295 2245 457 2283; x_wconf 78' lang='lat' dir='ltr'>potestatis</span> <span class='ocrx_word' id='word_1_234' title='bbox 471 2254 482 2275; x_wconf 92' lang='grc'>.·</span> <span class='ocrx_word' id='word_1_235' title='bbox 501 2253 589 2281; x_wconf 86' lang='lat' dir='ltr'>nam,</span> <span class='ocrx_word' id='word_1_236' title='bbox 604 2245 725 2286; x_wconf 87' lang='lat' dir='ltr'>inquit,</span> <span class='ocrx_word' id='word_1_237' title='bbox 741 2245 828 2286; x_wconf 87' lang='lat' dir='ltr'>peri·</span> 
     </span>
     <span class='ocr_line' id='line_1_42' title="bbox 123 2294 828 2336; baseline 0.004 -13"><span class='ocrx_word' id='word_1_238' title='bbox 123 2294 235 2324; x_wconf 86' lang='lat' dir='ltr'>culum</span> <span class='ocrx_word' id='word_1_239' title='bbox 252 2303 318 2324; x_wconf 90' lang='lat' dir='ltr'>non</span> <span class='ocrx_word' id='word_1_240' title='bbox 342 2294 376 2324; x_wconf 88' lang='lat' dir='ltr'>in</span> <span class='ocrx_word' id='word_1_241' title='bbox 400 2300 585 2334; x_wconf 84' lang='lat' dir='ltr'>posterum,</span> <span class='ocrx_word' id='word_1_242' title='bbox 603 2295 661 2326; x_wconf 87' lang='lat' dir='ltr'>sed</span> <span class='ocrx_word' id='word_1_243' title='bbox 679 2305 828 2336; x_wconf 82' lang='lat' dir='ltr'>praesens</span> 
     </span>
     <span class='ocr_line' id='line_1_43' title="bbox 123 2343 827 2375; baseline 0.001 -1"><span class='ocrx_word' id='word_1_244' title='bbox 123 2343 332 2374; x_wconf 83' lang='lat' dir='ltr'>imminebat.</span> <span class='ocrx_word' id='word_1_245' title='bbox 378 2343 456 2374; x_wconf 73' lang='lat' dir='ltr'>Non</span> <span class='ocrx_word' id='word_1_246' title='bbox 486 2344 654 2375; x_wconf 58' lang='lat' dir='ltr'>intellexit</span> <span class='ocrx_word' id='word_1_247' title='bbox 678 2349 827 2375; x_wconf 85' lang='lat' dir='ltr'>mentem</span> 
     </span>
     <span class='ocr_line' id='line_1_44' title="bbox 124 2392 827 2433; baseline 0.001 -9"><span class='ocrx_word' id='word_1_248' title='bbox 124 2393 280 2424; x_wconf 72' lang='lat' dir='ltr'>Caesaris.</span> <span class='ocrx_word' id='word_1_249' title='bbox 325 2392 380 2424; x_wconf 87' lang='lat' dir='ltr'>Tu</span> <span class='ocrx_word' id='word_1_250' title='bbox 404 2403 465 2433; x_wconf 90' lang='lat' dir='ltr'>per</span> <span class='ocrx_word' id='word_1_251' title='bbox 486 2394 710 2433; x_wconf 75' lang='lat' dir='ltr'>posteritatem,</span> <span class='ocrx_word' id='word_1_252' title='bbox 731 2395 827 2426; x_wconf 82' lang='lat' dir='ltr'>intel-</span> 
     </span>
     <span class='ocr_line' id='line_1_45' title="bbox 122 2442 827 2483; baseline 0.001 -10"><span class='ocrx_word' id='word_1_253' title='bbox 122 2442 332 2483; x_wconf 77' lang='lat' dir='ltr'>ligefamam.</span> <span class='ocrx_word' id='word_1_254' title='bbox 378 2443 554 2475; x_wconf 84' lang='lat' dir='ltr'>Quomodo</span> <span class='ocrx_word' id='word_1_255' title='bbox 571 2449 607 2474; x_wconf 85' lang='lat' dir='ltr'>et</span> <span class='ocrx_word' id='word_1_256' title='bbox 626 2444 735 2476; x_wconf 81' lang='lat' dir='ltr'>Julius</span> <span class='ocrx_word' id='word_1_257' title='bbox 754 2445 827 2475; x_wconf 89' lang='lat' dir='ltr'>Cel-</span> 
     </span>
     <span class='ocr_line' id='line_1_46' title="bbox 124 2494 827 2535; baseline 0.004 -11"><span class='ocrx_word' id='word_1_258' title='bbox 124 2502 194 2532; x_wconf 80' lang='lat' dir='ltr'>sus,</span> <span class='ocrx_word' id='word_1_259' title='bbox 210 2494 253 2525; x_wconf 87' lang='lat' dir='ltr'>de</span> <span class='ocrx_word' id='word_1_260' title='bbox 268 2494 330 2525; x_wconf 84' lang='lat' dir='ltr'>hae</span> <span class='ocrx_word' id='word_1_261' title='bbox 347 2503 383 2524; x_wconf 89' lang='lat' dir='ltr'>re</span> <span class='ocrx_word' id='word_1_262' title='bbox 400 2495 552 2535; x_wconf 86' lang='lat' dir='ltr'>loquens,</span> <span class='ocrx_word' id='word_1_263' title='bbox 569 2494 612 2524; x_wconf 81' lang='lat' dir='ltr'>ait</span> <span class='ocrx_word' id='word_1_264' title='bbox 634 2504 667 2534; x_wconf 86' lang='lat' dir='ltr'>p.</span> <span class='ocrx_word' id='word_1_265' title='bbox 686 2498 760 2526; x_wconf 83' lang='grc'><strong>183.</strong></span> <span class='ocrx_word' id='word_1_266' title='bbox 785 2496 827 2526; x_wconf 86' lang='lat' dir='ltr'>de</span> 
     </span>
     <span class='ocr_line' id='line_1_47' title="bbox 124 2543 827 2584; baseline 0.001 -10"><span class='ocrx_word' id='word_1_267' title='bbox 124 2544 186 2574; x_wconf 79' lang='lat' dir='ltr'>hac</span> <span class='ocrx_word' id='word_1_268' title='bbox 204 2554 237 2574; x_wconf 89' lang='lat' dir='ltr'>re</span> <span class='ocrx_word' id='word_1_269' title='bbox 264 2544 427 2584; x_wconf 71' lang='lat' dir='ltr'>loquens·;</span> <span class='ocrx_word' id='word_1_270' title='bbox 452 2546 461 2561; x_wconf 85' lang='lat'>‘</span> <span class='ocrx_word' id='word_1_271' title='bbox 479 2550 576 2575; x_wconf 83' lang='lat' dir='ltr'>orant</span> <span class='ocrx_word' id='word_1_272' title='bbox 599 2549 636 2575; x_wconf 89' lang='lat' dir='ltr'>ut</span> <span class='ocrx_word' id='word_1_273' title='bbox 659 2543 772 2584; x_wconf 83' lang='lat' dir='ltr'>famae,</span> <span class='ocrx_word' id='word_1_274' title='bbox 790 2551 827 2575; x_wconf 92' lang='lat' dir='ltr'>ut</span> 
     </span>
     <span class='ocr_line' id='line_1_48' title="bbox 123 2593 827 2634; baseline 0.001 -11"><span class='ocrx_word' id='word_1_275' title='bbox 123 2603 182 2624; x_wconf 69' lang='lat' dir='ltr'>suo</span> <span class='ocrx_word' id='word_1_276' title='bbox 197 2602 399 2634; x_wconf 85' lang='lat' dir='ltr'>suorumque</span> <span class='ocrx_word' id='word_1_277' title='bbox 423 2594 619 2632; x_wconf 68' lang='lat' dir='ltr'>discrimini,</span> <span class='ocrx_word' id='word_1_278' title='bbox 641 2593 719 2624; x_wconf 89' lang='lat' dir='ltr'>dum</span> <span class='ocrx_word' id='word_1_279' title='bbox 744 2598 827 2624; x_wconf 88' lang='lat' dir='ltr'>tem-</span> 
     </span>
     <span class='ocr_line' id='line_1_49' title="bbox 124 2643 827 2684; baseline 0.003 -11"><span class='ocrx_word' id='word_1_280' title='bbox 124 2652 186 2683; x_wconf 85' lang='lat' dir='ltr'>pus</span> <span class='ocrx_word' id='word_1_281' title='bbox 222 2648 287 2681; x_wconf 88' lang='lat' dir='ltr'>est,</span> <span class='ocrx_word' id='word_1_282' title='bbox 322 2644 475 2675; x_wconf 89' lang='lat' dir='ltr'>consulat</span> <span class='ocrx_word' id='word_1_283' title='bbox 493 2643 515 2674; x_wconf 85' lang='grc'>;’</span> <span class='ocrx_word' id='word_1_284' title='bbox 555 2644 736 2684; x_wconf 78' lang='lat' dir='ltr'>posteritas</span> <span class='ocrx_word' id='word_1_285' title='bbox 766 2653 827 2683; x_wconf 88' lang='lat' dir='ltr'>pro</span> 
     </span>
     <span class='ocr_line' id='line_1_50' title="bbox 121 2692 828 2734; baseline 0.003 -12"><span class='ocrx_word' id='word_1_286' title='bbox 121 2692 225 2730; x_wconf 62' lang='lat' dir='ltr'>tama,</span> <span class='ocrx_word' id='word_1_287' title='bbox 251 2692 337 2733; x_wconf 64' lang='lat' dir='ltr'>&#39;quia</span> <span class='ocrx_word' id='word_1_288' title='bbox 374 2693 446 2724; x_wconf 86' lang='lat' dir='ltr'>haec</span> <span class='ocrx_word' id='word_1_289' title='bbox 484 2694 555 2724; x_wconf 67' lang='lat' dir='ltr'>sola</span> <span class='ocrx_word' id='word_1_290' title='bbox 593 2694 635 2726; x_wconf 85' lang='lat' dir='ltr'>ad</span> <span class='ocrx_word' id='word_1_291' title='bbox 675 2700 828 2734; x_wconf 84' lang='lat' dir='ltr'>posteros</span> 
     </span>
     <span class='ocr_line' id='line_1_51' title="bbox 120 2742 827 2776; baseline 0.003 -3"><span class='ocrx_word' id='word_1_292' title='bbox 120 2742 372 2775; x_wconf 82' lang='lat' dir='ltr'>transmittitur.</span> <span class='ocrx_word' id='word_1_293' title='bbox 397 2743 497 2774; x_wconf 86' lang='lat' dir='ltr'>Unde</span> <span class='ocrx_word' id='word_1_294' title='bbox 513 2748 548 2775; x_wconf 85' lang='lat' dir='ltr'>et</span> <span class='ocrx_word' id='word_1_295' title='bbox 560 2744 677 2776; x_wconf 76' lang='lat' dir='ltr'>Cicero</span> <span class='ocrx_word' id='word_1_296' title='bbox 695 2744 728 2774; x_wconf 89' lang='lat' dir='ltr'>in</span> <span class='ocrx_word' id='word_1_297' title='bbox 744 2745 827 2775; x_wconf 84' lang='lat' dir='ltr'>Tus-</span> 
     </span>
    </p>
   </div>
   <div class='ocr_carea' id='block_1_3' title="bbox 1473 180 1584 223">
    <p class='ocr_par' dir='ltr' id='par_1_5' title="bbox 1473 180 1584 223">
     <span class='ocr_line' id='line_1_52' title="bbox 1473 180 1584 223; baseline 0.027 -3"><span class='ocrx_word' id='word_1_298' title='bbox 1473 180 1584 223; x_wconf 77' lang='lat'>1349</span> 
     </span>
    </p>
   </div>
   <div class='ocr_carea' id='block_1_4' title="bbox 869 284 1587 2787">
    <p class='ocr_par' dir='ltr' id='par_1_6' title="bbox 882 284 1583 475">
     <span class='ocr_line' id='line_1_53' title="bbox 883 284 1581 325; baseline 0.004 -11"><span class='ocrx_word' id='word_1_299' title='bbox 883 284 993 315; x_wconf 83' lang='lat' dir='ltr'>culan.</span> <span class='ocrx_word' id='word_1_300' title='bbox 1023 286 1042 315; x_wconf 96' lang='lat' dir='ltr'>l.</span> <span class='ocrx_word' id='word_1_301' title='bbox 1062 295 1084 315; x_wconf 95' lang='grc' dir='ltr'>ι.</span> <span class='ocrx_word' id='word_1_302' title='bbox 1114 295 1146 325; x_wconf 88' lang='lat' dir='ltr'>p.</span> <span class='ocrx_word' id='word_1_303' title='bbox 1162 288 1215 316; x_wconf 75' lang='lat'>211.</span> <span class='ocrx_word' id='word_1_304' title='bbox 1239 285 1303 316; x_wconf 69' lang='lat' dir='ltr'>Ed.</span> <span class='ocrx_word' id='word_1_305' title='bbox 1322 285 1421 316; x_wconf 75' lang='lat' dir='ltr'>Fabr.</span> <span class='ocrx_word' id='word_1_306' title='bbox 1445 288 1453 302; x_wconf 82' lang='lat'>‘</span> <span class='ocrx_word' id='word_1_307' title='bbox 1470 287 1581 318; x_wconf 84' lang='lat' dir='ltr'>Quum</span> 
     </span>
     <span class='ocr_line' id='line_1_54' title="bbox 883 336 1582 376; baseline 0.003 -12"><span class='ocrx_word' id='word_1_308' title='bbox 883 336 1028 374; x_wconf 79' lang='lat' dir='ltr'>optimus</span> <span class='ocrx_word' id='word_1_309' title='bbox 1055 336 1197 376; x_wconf 77' lang='lat' dir='ltr'>quisque</span> <span class='ocrx_word' id='word_1_310' title='bbox 1223 336 1366 366; x_wconf 74' lang='lat' dir='ltr'>maxime</span> <span class='ocrx_word' id='word_1_311' title='bbox 1392 337 1582 376; x_wconf 76' lang='lat' dir='ltr'>posteritati</span> 
     </span>
     <span class='ocr_line' id='line_1_55' title="bbox 882 385 1583 423; baseline 0.007 -10"><span class='ocrx_word' id='word_1_312' title='bbox 882 385 1029 415; x_wconf 63' lang='lat' dir='ltr'>serviat!</span> <span class='ocrx_word' id='word_1_313' title='bbox 1054 386 1150 415; x_wconf 79' lang='lat' dir='ltr'>Idem.</span> <span class='ocrx_word' id='word_1_314' title='bbox 1175 386 1357 423; x_wconf 60' lang='lat' dir='ltr'>quextnliaes</span> <span class='ocrx_word' id='word_1_315' title='bbox 1375 385 1500 417; x_wconf 71' lang='lat' dir='ltr'>frustra</span> <span class='ocrx_word' id='word_1_316' title='bbox 1515 397 1583 418; x_wconf 82' lang='lat' dir='ltr'>orae</span> 
     </span>
     <span class='ocr_line' id='line_1_56' title="bbox 882 434 1384 475; baseline 0.008 -12"><span class='ocrx_word' id='word_1_317' title='bbox 882 434 957 464; x_wconf 87' lang='lat' dir='ltr'>libri</span> <span class='ocrx_word' id='word_1_318' title='bbox 975 436 1026 464; x_wconf 69' lang='lat' dir='ltr'>sui</span> <span class='ocrx_word' id='word_1_319' title='bbox 1045 436 1176 475; x_wconf 78' lang='lat' dir='ltr'>Lipsius</span> <span class='ocrx_word' id='word_1_320' title='bbox 1191 436 1384 475; x_wconf 69' lang='lat' dir='ltr'>adscripsit.</span> 
     </span>
    </p>

    <p class='ocr_par' dir='ltr' id='par_1_7' title="bbox 880 486 1585 1069">
     <span class='ocr_line' id='line_1_57' title="bbox 924 486 1584 526; baseline 0.005 -11"><span class='ocrx_word' id='word_1_321' title='bbox 924 488 943 515; x_wconf 80' lang='grc' dir='ltr'><strong>Β</strong></span> <span class='ocrx_word' id='word_1_322' title='bbox 968 486 1022 516; x_wconf 70' lang='lat' dir='ltr'>I-:x</span> <span class='ocrx_word' id='word_1_323' title='bbox 1035 487 1134 525; x_wconf 79' lang='lat' dir='ltr'>primo</span> <span class='ocrx_word' id='word_1_324' title='bbox 1150 488 1256 517; x_wconf 80' lang='lat' dir='ltr'>ordine</span> <span class='ocrx_word' id='word_1_325' title='bbox 1269 487 1373 526; x_wconf 76' lang='lat' dir='ltr'>pauci]</span> <span class='ocrx_word' id='word_1_326' title='bbox 1406 487 1584 520; x_wconf 82' lang='lat' dir='ltr'>Quomodo</span> 
     </span>
     <span class='ocr_line' id='line_1_58' title="bbox 881 535 1584 576; baseline 0.006 -12"><span class='ocrx_word' id='word_1_327' title='bbox 881 543 903 564; x_wconf 83' lang='lat' dir='ltr'>x</span> <span class='ocrx_word' id='word_1_328' title='bbox 931 540 991 564; x_wconf 86' lang='lat' dir='ltr'>aut</span> <span class='ocrx_word' id='word_1_329' title='bbox 1016 543 1064 565; x_wconf 86' lang='lat' dir='ltr'>xx</span> <span class='ocrx_word' id='word_1_330' title='bbox 1094 535 1220 566; x_wconf 78' lang='lat' dir='ltr'>milites</span> <span class='ocrx_word' id='word_1_331' title='bbox 1249 537 1402 576; x_wconf 77' lang='lat' dir='ltr'>proelinm</span> <span class='ocrx_word' id='word_1_332' title='bbox 1432 537 1584 568; x_wconf 78' lang='lat' dir='ltr'>commit-</span> 
     </span>
     <span class='ocr_line' id='line_1_59' title="bbox 881 583 1583 625; baseline 0.004 -11"><span class='ocrx_word' id='word_1_333' title='bbox 881 584 982 614; x_wconf 85' lang='lat' dir='ltr'>tant?</span> <span class='ocrx_word' id='word_1_334' title='bbox 1018 583 1069 614; x_wconf 82' lang='lat' dir='ltr'>An</span> <span class='ocrx_word' id='word_1_335' title='bbox 1097 584 1150 615; x_wconf 86' lang='lat' dir='ltr'>hic</span> <span class='ocrx_word' id='word_1_336' title='bbox 1177 594 1239 623; x_wconf 85' lang='lat' dir='ltr'>per</span> <span class='ocrx_word' id='word_1_337' title='bbox 1262 587 1403 625; x_wconf 84' lang='lat' dir='ltr'>primum</span> <span class='ocrx_word' id='word_1_338' title='bbox 1431 587 1583 617; x_wconf 80' lang='lat' dir='ltr'>ordinem</span> 
     </span>
     <span class='ocr_line' id='line_1_60' title="bbox 881 636 1582 676; baseline 0.004 -12"><span class='ocrx_word' id='word_1_339' title='bbox 881 644 947 665; x_wconf 87' lang='lat' dir='ltr'>non</span> <span class='ocrx_word' id='word_1_340' title='bbox 963 639 1125 665; x_wconf 82' lang='lat' dir='ltr'>notantur</span> <span class='ocrx_word' id='word_1_341' title='bbox 1143 636 1203 665; x_wconf 85' lang='lat' dir='ltr'>soli</span> <span class='ocrx_word' id='word_1_342' title='bbox 1220 637 1280 674; x_wconf 89' lang='lat' dir='ltr'>illi,</span> <span class='ocrx_word' id='word_1_343' title='bbox 1298 637 1352 676; x_wconf 81' lang='lat' dir='ltr'>qni</span> <span class='ocrx_word' id='word_1_344' title='bbox 1379 637 1410 666; x_wconf 90' lang='lat' dir='ltr'>in</span> <span class='ocrx_word' id='word_1_345' title='bbox 1429 637 1582 676; x_wconf 73' lang='lat' dir='ltr'>principe</span> 
     </span>
     <span class='ocr_line' id='line_1_61' title="bbox 880 686 1584 727; baseline 0.004 -11"><span class='ocrx_word' id='word_1_346' title='bbox 880 686 980 723; x_wconf 77' lang='lat' dir='ltr'>linea,</span> <span class='ocrx_word' id='word_1_347' title='bbox 1006 691 1042 716; x_wconf 88' lang='lat' dir='ltr'>nt</span> <span class='ocrx_word' id='word_1_348' title='bbox 1068 687 1168 727; x_wconf 80' lang='lat' dir='ltr'>vulgo</span> <span class='ocrx_word' id='word_1_349' title='bbox 1200 687 1392 726; x_wconf 85' lang='lat' dir='ltr'>loquuntur,</span> <span class='ocrx_word' id='word_1_350' title='bbox 1424 687 1584 719; x_wconf 74' lang='lat' dir='ltr'>stabant?</span> 
     </span>
     <span class='ocr_line' id='line_1_62' title="bbox 881 736 1584 777; baseline 0.004 -12"><span class='ocrx_word' id='word_1_351' title='bbox 881 746 922 766; x_wconf 90' lang='lat' dir='ltr'>an</span> <span class='ocrx_word' id='word_1_352' title='bbox 939 736 1090 767; x_wconf 83' lang='lat' dir='ltr'>dicemus</span> <span class='ocrx_word' id='word_1_353' title='bbox 1115 736 1268 767; x_wconf 87' lang='lat' dir='ltr'>ordinem</span> <span class='ocrx_word' id='word_1_354' title='bbox 1291 738 1344 767; x_wconf 80' lang='lat' dir='ltr'>liic</span> <span class='ocrx_word' id='word_1_355' title='bbox 1371 747 1430 777; x_wconf 82' lang='lat' dir='ltr'>pro</span> <span class='ocrx_word' id='word_1_356' title='bbox 1447 743 1584 768; x_wconf 83' lang='lat' dir='ltr'>caterva</span> 
     </span>
     <span class='ocr_line' id='line_1_63' title="bbox 881 787 1583 828; baseline 0.004 -13"><span class='ocrx_word' id='word_1_357' title='bbox 881 791 940 816; x_wconf 84' lang='lat' dir='ltr'>ant</span> <span class='ocrx_word' id='word_1_358' title='bbox 956 795 1054 816; x_wconf 85' lang='lat' dir='ltr'>mann</span> <span class='ocrx_word' id='word_1_359' title='bbox 1071 787 1183 828; x_wconf 88' lang='lat' dir='ltr'>aliqua</span> <span class='ocrx_word' id='word_1_360' title='bbox 1200 788 1289 828; x_wconf 86' lang='lat' dir='ltr'>poni.</span> <span class='ocrx_word' id='word_1_361' title='bbox 1333 789 1419 818; x_wconf 79' lang='lat' dir='ltr'>Sane</span> <span class='ocrx_word' id='word_1_362' title='bbox 1436 798 1499 828; x_wconf 78' lang='lat' dir='ltr'>ego</span> <span class='ocrx_word' id='word_1_363' title='bbox 1516 799 1583 819; x_wconf 84' lang='lat' dir='ltr'>ma—</span> 
     </span>
     <span class='ocr_line' id='line_1_64' title="bbox 882 837 1584 879; baseline 0.006 -13"><span class='ocrx_word' id='word_1_364' title='bbox 882 837 1015 867; x_wconf 77' lang='lat' dir='ltr'>luissem</span> <span class='ocrx_word' id='word_1_365' title='bbox 1052 838 1106 869; x_wconf 83' lang='lat' dir='ltr'>hic</span> <span class='ocrx_word' id='word_1_366' title='bbox 1144 839 1308 879; x_wconf 79' lang='lat' dir='ltr'>seriptum</span> <span class='ocrx_word' id='word_1_367' title='bbox 1340 849 1413 870; x_wconf 88' lang='lat' dir='ltr'>csse</span> <span class='ocrx_word' id='word_1_368' title='bbox 1449 840 1584 878; x_wconf 77' lang='lat' dir='ltr'>agmine.</span> 
     </span>
     <span class='ocr_line' id='line_1_65' title="bbox 881 888 1584 929; baseline 0.004 -12"><span class='ocrx_word' id='word_1_369' title='bbox 881 888 948 918; x_wconf 74' lang='lat' dir='ltr'>Sed</span> <span class='ocrx_word' id='word_1_370' title='bbox 981 893 1108 919; x_wconf 72' lang='lat' dir='ltr'>temere</span> <span class='ocrx_word' id='word_1_371' title='bbox 1143 899 1206 919; x_wconf 88' lang='lat' dir='ltr'>non</span> <span class='ocrx_word' id='word_1_372' title='bbox 1245 896 1359 920; x_wconf 83' lang='lat' dir='ltr'>muto:</span> <span class='ocrx_word' id='word_1_373' title='bbox 1401 892 1584 929; x_wconf 76' lang='lat' dir='ltr'>potuerunt</span> 
     </span>
     <span class='ocr_line' id='line_1_66' title="bbox 883 938 1584 979; baseline 0.003 -11"><span class='ocrx_word' id='word_1_374' title='bbox 883 938 1065 968; x_wconf 67' lang='lat' dir='ltr'>Caesariani</span> <span class='ocrx_word' id='word_1_375' title='bbox 1096 939 1260 979; x_wconf 82' lang='lat' dir='ltr'>impedito</span> <span class='ocrx_word' id='word_1_376' title='bbox 1299 940 1419 970; x_wconf 77' lang='lat' dir='ltr'>itinere</span> <span class='ocrx_word' id='word_1_377' title='bbox 1458 940 1584 970; x_wconf 79' lang='lat' dir='ltr'>Varum</span> 
     </span>
     <span class='ocr_line' id='line_1_67' title="bbox 882 989 1585 1030; baseline 0.003 -13"><span class='ocrx_word' id='word_1_378' title='bbox 882 997 1061 1027; x_wconf 81' lang='lat' dir='ltr'>premere:</span> <span class='ocrx_word' id='word_1_379' title='bbox 1099 989 1195 1030; x_wconf 76' lang='lat' dir='ltr'>isque</span> <span class='ocrx_word' id='word_1_380' title='bbox 1225 990 1347 1021; x_wconf 79' lang='lat' dir='ltr'>deinde</span> <span class='ocrx_word' id='word_1_381' title='bbox 1379 999 1398 1019; x_wconf 88' lang='lat' dir='ltr'>a</span> <span class='ocrx_word' id='word_1_382' title='bbox 1429 991 1496 1020; x_wconf 66' lang='lat' dir='ltr'>suis</span> <span class='ocrx_word' id='word_1_383' title='bbox 1530 990 1585 1019; x_wconf 57' lang='lat' dir='ltr'>da·-</span> 
     </span>
     <span class='ocr_line' id='line_1_68' title="bbox 880 1039 1174 1069; baseline 0.007 -2"><span class='ocrx_word' id='word_1_384' title='bbox 880 1044 1001 1068; x_wconf 70' lang='lat' dir='ltr'>sertus.</span> <span class='ocrx_word' id='word_1_385' title='bbox 1042 1039 1174 1069; x_wconf 78' lang='lat' dir='ltr'>Vossius.</span> 
     </span>
    </p>

    <p class='ocr_par' dir='ltr' id='par_1_8' title="bbox 875 1088 1587 1318">
     <span class='ocr_line' id='line_1_69' title="bbox 925 1088 1583 1128; baseline 0.003 -10"><span class='ocrx_word' id='word_1_386' title='bbox 925 1091 963 1118; x_wconf 77' lang='lat'>12</span> <span class='ocrx_word' id='word_1_387' title='bbox 987 1088 1025 1118; x_wconf 88' lang='lat' dir='ltr'>L.</span> <span class='ocrx_word' id='word_1_388' title='bbox 1046 1088 1180 1128; x_wconf 74' lang='lat' dir='ltr'>Pupius]</span> <span class='ocrx_word' id='word_1_389' title='bbox 1212 1089 1302 1120; x_wconf 85' lang='lat' dir='ltr'>Male</span> <span class='ocrx_word' id='word_1_390' title='bbox 1332 1090 1404 1119; x_wconf 83' lang='lat' dir='ltr'>Pal.</span> <span class='ocrx_word' id='word_1_391' title='bbox 1434 1095 1468 1119; x_wconf 70' lang='lat' dir='ltr'>et</span> <span class='ocrx_word' id='word_1_392' title='bbox 1496 1089 1583 1120; x_wconf 60' lang='lat' dir='ltr'>Edu.</span> 
     </span>
     <span class='ocr_line' id='line_1_70' title="bbox 879 1138 1582 1177; baseline -0.001 -9"><span class='ocrx_word' id='word_1_393' title='bbox 879 1138 975 1168; x_wconf 63' lang='lat' dir='ltr'>Vett.</span> <span class='ocrx_word' id='word_1_394' title='bbox 991 1139 1044 1168; x_wconf 87' lang='lat' dir='ltr'>hic.</span> <span class='ocrx_word' id='word_1_395' title='bbox 1061 1144 1096 1168; x_wconf 82' lang='lat' dir='ltr'>et</span> <span class='ocrx_word' id='word_1_396' title='bbox 1119 1138 1205 1168; x_wconf 79' lang='lat' dir='ltr'>infra</span> <span class='ocrx_word' id='word_1_397' title='bbox 1225 1139 1374 1177; x_wconf 74' lang='lat' dir='ltr'>I’uppius.</span> <span class='ocrx_word' id='word_1_398' title='bbox 1391 1139 1500 1177; x_wconf 77' lang='lat' dir='ltr'>Bong.</span> <span class='ocrx_word' id='word_1_399' title='bbox 1522 1139 1582 1167; x_wconf 75' lang='lat' dir='ltr'>Pu-</span> 
     </span>
     <span class='ocr_line' id='line_1_71' title="bbox 875 1187 1584 1227; baseline 0.001 -11"><span class='ocrx_word' id='word_1_400' title='bbox 875 1187 969 1227; x_wconf 82' lang='lat' dir='ltr'>pilus.</span> <span class='ocrx_word' id='word_1_401' title='bbox 994 1188 1110 1227; x_wconf 82' lang='lat' dir='ltr'>Cujac.</span> <span class='ocrx_word' id='word_1_402' title='bbox 1139 1189 1256 1218; x_wconf 80' lang='lat' dir='ltr'>Petav.</span> <span class='ocrx_word' id='word_1_403' title='bbox 1286 1188 1379 1218; x_wconf 74' lang='lat' dir='ltr'>Leid.</span> <span class='ocrx_word' id='word_1_404' title='bbox 1410 1197 1461 1227; x_wconf 83' lang='lat' dir='ltr'>pr.</span> <span class='ocrx_word' id='word_1_405' title='bbox 1487 1188 1584 1218; x_wconf 63' lang='lat' dir='ltr'>Vo-s.</span> 
     </span>
     <span class='ocr_line' id='line_1_72' title="bbox 879 1236 1587 1278; baseline 0.001 -12"><span class='ocrx_word' id='word_1_406' title='bbox 879 1236 941 1266; x_wconf 85' lang='lat' dir='ltr'>SL’</span> <span class='ocrx_word' id='word_1_407' title='bbox 955 1237 1085 1276; x_wconf 76' lang='lat' dir='ltr'>Pupius.</span> <span class='ocrx_word' id='word_1_408' title='bbox 1112 1238 1234 1267; x_wconf 70' lang='lat' dir='ltr'>Latere</span> <span class='ocrx_word' id='word_1_409' title='bbox 1247 1237 1380 1267; x_wconf 68' lang='lat' dir='ltr'>videtur</span> <span class='ocrx_word' id='word_1_410' title='bbox 1393 1237 1483 1268; x_wconf 75' lang='lat' dir='ltr'>aliud</span> <span class='ocrx_word' id='word_1_411' title='bbox 1500 1248 1587 1278; x_wconf 60' lang='lat' dir='ltr'>prae-</span> 
     </span>
     <span class='ocr_line' id='line_1_73' title="bbox 878 1296 1011 1318; baseline 0.008 -2"><span class='ocrx_word' id='word_1_412' title='bbox 878 1296 1011 1318; x_wconf 89' lang='lat' dir='ltr'>nomen.</span> 
     </span>
    </p>

    <p class='ocr_par' dir='ltr' id='par_1_9' title="bbox 877 1338 1587 1978">
     <span class='ocr_line' id='line_1_74' title="bbox 923 1338 1584 1378; baseline 0.003 -11"><span class='ocrx_word' id='word_1_413' title='bbox 923 1345 998 1368; x_wconf 80' lang='lat' dir='ltr'>xlv.</span> <span class='ocrx_word' id='word_1_414' title='bbox 1021 1341 1041 1368; x_wconf 78' lang='lat'><strong>4</strong></span> <span class='ocrx_word' id='word_1_415' title='bbox 1071 1338 1220 1368; x_wconf 80' lang='lat' dir='ltr'>Protinus</span> <span class='ocrx_word' id='word_1_416' title='bbox 1241 1342 1346 1378; x_wconf 73' lang='lat' dir='ltr'>aperto</span> <span class='ocrx_word' id='word_1_417' title='bbox 1367 1339 1520 1370; x_wconf 74' lang='lat' dir='ltr'>sanctiore</span> <span class='ocrx_word' id='word_1_418' title='bbox 1542 1350 1584 1369; x_wconf 82' lang='lat' dir='ltr'>oe-</span> 
     </span>
     <span class='ocr_line' id='line_1_75' title="bbox 878 1387 1584 1426; baseline 0.004 -10"><span class='ocrx_word' id='word_1_419' title='bbox 878 1387 976 1426; x_wconf 79' lang='lat' dir='ltr'>rario]</span> <span class='ocrx_word' id='word_1_420' title='bbox 994 1387 1161 1418; x_wconf 77' lang='lat' dir='ltr'>Nimirum</span> <span class='ocrx_word' id='word_1_421' title='bbox 1173 1389 1274 1419; x_wconf 82' lang='lat' dir='ltr'>aliter</span> <span class='ocrx_word' id='word_1_422' title='bbox 1290 1389 1439 1419; x_wconf 81' lang='lat' dir='ltr'>scribere</span> <span class='ocrx_word' id='word_1_423' title='bbox 1457 1389 1584 1419; x_wconf 65' lang='lat' dir='ltr'>Caesari</span> 
     </span>
     <span class='ocr_line' id='line_1_76' title="bbox 879 1438 1587 1478; baseline 0.006 -12"><span class='ocrx_word' id='word_1_424' title='bbox 879 1446 946 1467; x_wconf 89' lang='lat' dir='ltr'>non</span> <span class='ocrx_word' id='word_1_425' title='bbox 979 1438 1201 1476; x_wconf 85' lang='lat' dir='ltr'>permittebat</span> <span class='ocrx_word' id='word_1_426' title='bbox 1234 1439 1445 1478; x_wconf 74' lang='lat' dir='ltr'>posteritatis</span> <span class='ocrx_word' id='word_1_427' title='bbox 1478 1440 1587 1470; x_wconf 65' lang='lat' dir='ltr'>studi-v</span> 
     </span>
     <span class='ocr_line' id='line_1_77' title="bbox 881 1488 1584 1529; baseline 0.006 -13"><span class='ocrx_word' id='word_1_428' title='bbox 881 1496 947 1525; x_wconf 89' lang='lat' dir='ltr'>nm,</span> <span class='ocrx_word' id='word_1_429' title='bbox 974 1492 1010 1517; x_wconf 83' lang='lat' dir='ltr'>ut</span> <span class='ocrx_word' id='word_1_430' title='bbox 1036 1489 1202 1525; x_wconf 68' lang='lat' dir='ltr'>ararium,</span> <span class='ocrx_word' id='word_1_431' title='bbox 1223 1489 1312 1529; x_wconf 72' lang='lat' dir='ltr'>‘1¹¹⁰‘l</span> <span class='ocrx_word' id='word_1_432' title='bbox 1337 1489 1378 1519; x_wconf 88' lang='lat' dir='ltr'>ab</span> <span class='ocrx_word' id='word_1_433' title='bbox 1402 1498 1441 1519; x_wconf 81' lang='lat' dir='ltr'>eo</span> <span class='ocrx_word' id='word_1_434' title='bbox 1465 1488 1584 1520; x_wconf 74' lang='lat' dir='ltr'>effrac-</span> 
     </span>
     <span class='ocr_line' id='line_1_78' title="bbox 881 1538 1582 1577; baseline 0.004 -10"><span class='ocrx_word' id='word_1_435' title='bbox 881 1542 952 1568; x_wconf 87' lang='lat' dir='ltr'>tum</span> <span class='ocrx_word' id='word_1_436' title='bbox 982 1538 1108 1568; x_wconf 87' lang='lat' dir='ltr'>nullum</span> <span class='ocrx_word' id='word_1_437' title='bbox 1135 1544 1187 1569; x_wconf 81' lang='lat' dir='ltr'>est</span> <span class='ocrx_word' id='word_1_438' title='bbox 1219 1539 1370 1577; x_wconf 85' lang='lat' dir='ltr'>dubium,</span> <span class='ocrx_word' id='word_1_439' title='bbox 1401 1545 1435 1570; x_wconf 77' lang='lat' dir='ltr'>et</span> <span class='ocrx_word' id='word_1_440' title='bbox 1467 1549 1582 1570; x_wconf 83' lang='lat' dir='ltr'>omnes</span> 
     </span>
     <span class='ocr_line' id='line_1_79' title="bbox 879 1588 1580 1629; baseline 0.004 -13"><span class='ocrx_word' id='word_1_441' title='bbox 879 1591 1014 1617; x_wconf 80' lang='lat' dir='ltr'>autores</span> <span class='ocrx_word' id='word_1_442' title='bbox 1031 1592 1213 1626; x_wconf 85' lang='lat' dir='ltr'>testantur,</span> <span class='ocrx_word' id='word_1_443' title='bbox 1229 1588 1359 1619; x_wconf 76' lang='lat' dir='ltr'>diecret</span> <span class='ocrx_word' id='word_1_444' title='bbox 1374 1600 1408 1618; x_wconf 83' lang='lat' dir='ltr'>se</span> <span class='ocrx_word' id='word_1_445' title='bbox 1426 1594 1580 1629; x_wconf 78' lang='lat' dir='ltr'>apertum</span> 
     </span>
     <span class='ocr_line' id='line_1_80' title="bbox 880 1637 1583 1670; baseline 0.006 -4"><span class='ocrx_word' id='word_1_446' title='bbox 880 1646 899 1666; x_wconf 88' lang='lat' dir='ltr'>a</span> <span class='ocrx_word' id='word_1_447' title='bbox 931 1637 1073 1668; x_wconf 86' lang='lat' dir='ltr'>Lentulo</span> <span class='ocrx_word' id='word_1_448' title='bbox 1101 1638 1282 1669; x_wconf 77' lang='lat' dir='ltr'>invenisse.</span> <span class='ocrx_word' id='word_1_449' title='bbox 1326 1640 1362 1669; x_wconf 89' lang='lat' dir='ltr'>Si</span> <span class='ocrx_word' id='word_1_450' title='bbox 1392 1648 1456 1669; x_wconf 92' lang='lat' dir='ltr'>non</span> <span class='ocrx_word' id='word_1_451' title='bbox 1482 1640 1583 1670; x_wconf 90' lang='lat' dir='ltr'>alium</span> 
     </span>
     <span class='ocr_line' id='line_1_81' title="bbox 880 1687 1585 1729; baseline 0.004 -14"><span class='ocrx_word' id='word_1_452' title='bbox 880 1687 1044 1725; x_wconf 87' lang='lat' dir='ltr'>volumus,</span> <span class='ocrx_word' id='word_1_453' title='bbox 1072 1687 1206 1718; x_wconf 89' lang='lat' dir='ltr'>Florum</span> <span class='ocrx_word' id='word_1_454' title='bbox 1229 1688 1417 1727; x_wconf 83' lang='lat' dir='ltr'>audiamus,</span> <span class='ocrx_word' id='word_1_455' title='bbox 1446 1689 1499 1729; x_wconf 89' lang='lat' dir='ltr'>qui</span> <span class='ocrx_word' id='word_1_456' title='bbox 1526 1689 1585 1728; x_wconf 87' lang='lat' dir='ltr'>ait,</span> 
     </span>
     <span class='ocr_line' id='line_1_82' title="bbox 879 1737 1584 1778; baseline 0.004 -12"><span class='ocrx_word' id='word_1_457' title='bbox 879 1738 887 1753; x_wconf 87' lang='lat'>‘</span> <span class='ocrx_word' id='word_1_458' title='bbox 907 1737 1072 1768; x_wconf 80' lang='lat' dir='ltr'>AErarium</span> <span class='ocrx_word' id='word_1_459' title='bbox 1089 1746 1222 1778; x_wconf 87' lang='lat' dir='ltr'>quoque</span> <span class='ocrx_word' id='word_1_460' title='bbox 1238 1743 1405 1777; x_wconf 88' lang='lat' dir='ltr'>sanctum,</span> <span class='ocrx_word' id='word_1_461' title='bbox 1423 1739 1501 1778; x_wconf 89' lang='lat' dir='ltr'>quia</span> <span class='ocrx_word' id='word_1_462' title='bbox 1519 1744 1584 1769; x_wconf 87' lang='lat' dir='ltr'>tar-</span> 
     </span>
     <span class='ocr_line' id='line_1_83' title="bbox 879 1787 1585 1829; baseline 0.003 -12"><span class='ocrx_word' id='word_1_463' title='bbox 879 1787 952 1817; x_wconf 89' lang='lat' dir='ltr'>dius</span> <span class='ocrx_word' id='word_1_464' title='bbox 993 1788 1191 1828; x_wconf 82' lang='lat' dir='ltr'>aperiebant</span> <span class='ocrx_word' id='word_1_465' title='bbox 1217 1789 1368 1827; x_wconf 87' lang='lat' dir='ltr'>Tribuni,</span> <span class='ocrx_word' id='word_1_466' title='bbox 1402 1789 1505 1829; x_wconf 75' lang='lat' dir='ltr'>jus-it</span> <span class='ocrx_word' id='word_1_467' title='bbox 1537 1788 1585 1819; x_wconf 78' lang='lat' dir='ltr'>ef·</span> 
     </span>
     <span class='ocr_line' id='line_1_84' title="bbox 878 1836 1583 1878; baseline 0.004 -12"><span class='ocrx_word' id='word_1_468' title='bbox 878 1836 1002 1877; x_wconf 86' lang='lat' dir='ltr'>fringi.’</span> <span class='ocrx_word' id='word_1_469' title='bbox 1046 1837 1154 1868; x_wconf 84' lang='lat' dir='ltr'>Miror</span> <span class='ocrx_word' id='word_1_470' title='bbox 1169 1847 1250 1868; x_wconf 89' lang='lat' dir='ltr'>sane</span> <span class='ocrx_word' id='word_1_471' title='bbox 1271 1838 1419 1878; x_wconf 83' lang='lat' dir='ltr'>Philippi</span> <span class='ocrx_word' id='word_1_472' title='bbox 1439 1838 1583 1870; x_wconf 85' lang='lat' dir='ltr'>Rubenii</span> 
     </span>
     <span class='ocr_line' id='line_1_85' title="bbox 877 1887 1586 1928; baseline 0 -10"><span class='ocrx_word' id='word_1_473' title='bbox 877 1887 1141 1927; x_wconf 84' lang='lat' dir='ltr'>simplicitatem,</span> <span class='ocrx_word' id='word_1_474' title='bbox 1150 1888 1206 1928; x_wconf 84' lang='lat' dir='ltr'>qui</span> <span class='ocrx_word' id='word_1_475' title='bbox 1215 1888 1365 1918; x_wconf 85' lang='lat' dir='ltr'>Elector.</span> <span class='ocrx_word' id='word_1_476' title='bbox 1376 1897 1398 1918; x_wconf 94' lang='lat'>1.</span> <span class='ocrx_word' id='word_1_477' title='bbox 1408 1890 1460 1919; x_wconf 74' lang='lat'>24.</span> <span class='ocrx_word' id='word_1_478' title='bbox 1474 1897 1586 1919; x_wconf 89' lang='lat' dir='ltr'>emen-</span> 
     </span>
     <span class='ocr_line' id='line_1_86' title="bbox 878 1931 1546 1978; baseline 0 -10"><span class='ocrx_word' id='word_1_479' title='bbox 878 1937 948 1977; x_wconf 85' lang='lat' dir='ltr'>dat,</span> <span class='ocrx_word' id='word_1_480' title='bbox 962 1940 971 1954; x_wconf 84' lang='lat'>‘</span> <span class='ocrx_word' id='word_1_481' title='bbox 986 1939 1142 1977; x_wconf 84' lang='lat' dir='ltr'>protinus</span> <span class='ocrx_word' id='word_1_482' title='bbox 1159 1947 1224 1968; x_wconf 91' lang='lat' dir='ltr'>non</span> <span class='ocrx_word' id='word_1_483' title='bbox 1240 1938 1383 1978; x_wconf 85' lang='lat' dir='ltr'>aperto.’</span> <span class='ocrx_word' id='word_1_484' title='bbox 1413 1931 1546 1969; x_wconf 67' lang='lat' dir='ltr'>Vossius.</span> 
     </span>
    </p>

    <p class='ocr_par' dir='ltr' id='par_1_10' title="bbox 869 1989 1584 2484">
     <span class='ocr_line' id='line_1_87' title="bbox 921 1989 1583 2029; baseline 0 -10"><span class='ocrx_word' id='word_1_485' title='bbox 921 1993 939 2019; x_wconf 90' lang='lat'>5</span> <span class='ocrx_word' id='word_1_486' title='bbox 965 1989 1094 2027; x_wconf 79' lang='lat' dir='ltr'>Adesse]</span> <span class='ocrx_word' id='word_1_487' title='bbox 1122 1989 1255 2019; x_wconf 83' lang='lat' dir='ltr'>Inserui</span> <span class='ocrx_word' id='word_1_488' title='bbox 1281 1989 1436 2029; x_wconf 89' lang='lat' dir='ltr'>copulam</span> <span class='ocrx_word' id='word_1_489' title='bbox 1459 1993 1489 2019; x_wconf 78' lang='lat' dir='ltr'>et</span> <span class='ocrx_word' id='word_1_490' title='bbox 1521 1998 1583 2029; x_wconf 85' lang='lat' dir='ltr'>pro</span> 
     </span>
     <span class='ocr_line' id='line_1_88' title="bbox 878 2038 1581 2069; baseline 0.001 -1"><span class='ocrx_word' id='word_1_491' title='bbox 878 2039 970 2068; x_wconf 78' lang='lat' dir='ltr'>ctiam</span> <span class='ocrx_word' id='word_1_492' title='bbox 1005 2039 1211 2069; x_wconf 87' lang='lat' dir='ltr'>auctoritate</span> <span class='ocrx_word' id='word_1_493' title='bbox 1250 2038 1420 2068; x_wconf 90' lang='lat' dir='ltr'>Mstorum</span> <span class='ocrx_word' id='word_1_494' title='bbox 1458 2038 1581 2069; x_wconf 83' lang='lat' dir='ltr'>Petav.</span> 
     </span>
     <span class='ocr_line' id='line_1_89' title="bbox 880 2088 1583 2128; baseline 0.001 -10"><span class='ocrx_word' id='word_1_495' title='bbox 880 2089 997 2128; x_wconf 85' lang='lat' dir='ltr'>anac.</span> <span class='ocrx_word' id='word_1_496' title='bbox 1016 2088 1110 2118; x_wconf 79' lang='lat' dir='ltr'>Leid.</span> <span class='ocrx_word' id='word_1_497' title='bbox 1129 2097 1180 2128; x_wconf 86' lang='lat' dir='ltr'>pr.</span> <span class='ocrx_word' id='word_1_498' title='bbox 1198 2088 1307 2128; x_wconf 79' lang='lat' dir='ltr'>Bong.</span> <span class='ocrx_word' id='word_1_499' title='bbox 1328 2089 1453 2118; x_wconf 83' lang='lat' dir='ltr'>Loran.</span> <span class='ocrx_word' id='word_1_500' title='bbox 1477 2088 1512 2118; x_wconf 92' lang='lat' dir='ltr'>Si</span> <span class='ocrx_word' id='word_1_501' title='bbox 1527 2088 1583 2119; x_wconf 87' lang='lat' dir='ltr'>cui</span> 
     </span>
     <span class='ocr_line' id='line_1_90' title="bbox 869 2137 1583 2179; baseline 0.001 -11"><span class='ocrx_word' id='word_1_502' title='bbox 869 2138 940 2176; x_wconf 75' lang='lat' dir='ltr'>jum</span> <span class='ocrx_word' id='word_1_503' title='bbox 959 2138 1085 2177; x_wconf 79' lang='lat' dir='ltr'>jamque</span> <span class='ocrx_word' id='word_1_504' title='bbox 1107 2137 1223 2168; x_wconf 66' lang='lat' dir='ltr'>d01ere</span> <span class='ocrx_word' id='word_1_505' title='bbox 1245 2138 1410 2178; x_wconf 82' lang='lat' dir='ltr'>placeret,</span> <span class='ocrx_word' id='word_1_506' title='bbox 1427 2138 1503 2179; x_wconf 85' lang='lat' dir='ltr'>qnia</span> <span class='ocrx_word' id='word_1_507' title='bbox 1517 2147 1583 2169; x_wconf 88' lang='lat' dir='ltr'>non</span> 
     </span>
     <span class='ocr_line' id='line_1_91' title="bbox 878 2189 1584 2230; baseline 0 -10"><span class='ocrx_word' id='word_1_508' title='bbox 878 2194 1053 2230; x_wconf 87' lang='lat' dir='ltr'>comparet</span> <span class='ocrx_word' id='word_1_509' title='bbox 1068 2189 1102 2220; x_wconf 90' lang='lat' dir='ltr'>in</span> <span class='ocrx_word' id='word_1_510' title='bbox 1119 2190 1254 2221; x_wconf 80' lang='lat' dir='ltr'>Cari-ar.</span> <span class='ocrx_word' id='word_1_511' title='bbox 1268 2199 1332 2220; x_wconf 92' lang='lat' dir='ltr'>non</span> <span class='ocrx_word' id='word_1_512' title='bbox 1347 2190 1444 2221; x_wconf 85' lang='lat' dir='ltr'>valde</span> <span class='ocrx_word' id='word_1_513' title='bbox 1461 2199 1584 2230; x_wconf 82' lang='lat' dir='ltr'>repug-</span> 
     </span>
     <span class='ocr_line' id='line_1_92' title="bbox 878 2243 1582 2283; baseline 0.003 -10"><span class='ocrx_word' id='word_1_514' title='bbox 878 2252 1006 2274; x_wconf 81' lang='lat' dir='ltr'>narem.</span> <span class='ocrx_word' id='word_1_515' title='bbox 1051 2244 1231 2274; x_wconf 77' lang='lat' dir='ltr'>Adrentore</span> <span class='ocrx_word' id='word_1_516' title='bbox 1251 2243 1340 2274; x_wconf 87' lang='lat' dir='ltr'>enim</span> <span class='ocrx_word' id='word_1_517' title='bbox 1368 2249 1476 2283; x_wconf 86' lang='lat' dir='ltr'>notat,</span> <span class='ocrx_word' id='word_1_518' title='bbox 1504 2253 1582 2275; x_wconf 89' lang='lat' dir='ltr'>eum</span> 
     </span>
     <span class='ocr_line' id='line_1_93' title="bbox 870 2293 1583 2334; baseline 0.003 -11"><span class='ocrx_word' id='word_1_519' title='bbox 870 2293 1013 2334; x_wconf 86' lang='lat' dir='ltr'>jamjam</span> <span class='ocrx_word' id='word_1_520' title='bbox 1033 2293 1240 2324; x_wconf 84' lang='lat' dir='ltr'>adfuturum.</span> <span class='ocrx_word' id='word_1_521' title='bbox 1287 2294 1374 2324; x_wconf 74' lang='lat' dir='ltr'>Vide</span> <span class='ocrx_word' id='word_1_522' title='bbox 1396 2294 1439 2324; x_wconf 86' lang='lat' dir='ltr'>ad</span> <span class='ocrx_word' id='word_1_523' title='bbox 1464 2295 1583 2325; x_wconf 88' lang='lat' dir='ltr'>Front.</span> 
     </span>
     <span class='ocr_line' id='line_1_94' title="bbox 878 2344 1582 2385; baseline 0.003 -11"><span class='ocrx_word' id='word_1_524' title='bbox 878 2353 902 2374; x_wconf 89' lang='lat'>1.</span> <span class='ocrx_word' id='word_1_525' title='bbox 928 2348 960 2374; x_wconf 90' lang='grc'>5.</span> <span class='ocrx_word' id='word_1_526' title='bbox 978 2347 1008 2376; x_wconf 84' lang='grc'>8.</span> <span class='ocrx_word' id='word_1_527' title='bbox 1040 2345 1104 2374; x_wconf 83' lang='lat' dir='ltr'>Vel</span> <span class='ocrx_word' id='word_1_528' title='bbox 1131 2344 1179 2375; x_wconf 90' lang='lat' dir='ltr'>sic</span> <span class='ocrx_word' id='word_1_529' title='bbox 1209 2350 1320 2375; x_wconf 85' lang='lat' dir='ltr'>tamen</span> <span class='ocrx_word' id='word_1_530' title='bbox 1344 2354 1408 2385; x_wconf 71' lang='lat' dir='ltr'>ego</span> <span class='ocrx_word' id='word_1_531' title='bbox 1433 2345 1582 2376; x_wconf 86' lang='lat' dir='ltr'>retinere</span> 
     </span>
     <span class='ocr_line' id='line_1_95' title="bbox 878 2393 1583 2436; baseline 0.003 -12"><span class='ocrx_word' id='word_1_532' title='bbox 878 2394 964 2425; x_wconf 87' lang='lat' dir='ltr'>malo</span> <span class='ocrx_word' id='word_1_533' title='bbox 992 2393 1034 2425; x_wconf 89' lang='lat' dir='ltr'>ob</span> <span class='ocrx_word' id='word_1_534' title='bbox 1067 2394 1201 2426; x_wconf 87' lang='lat' dir='ltr'>solitam</span> <span class='ocrx_word' id='word_1_535' title='bbox 1231 2395 1360 2426; x_wconf 76' lang='lat' dir='ltr'>Caesari</span> <span class='ocrx_word' id='word_1_536' title='bbox 1386 2395 1519 2436; x_wconf 76' lang='lat' dir='ltr'>copiam</span> <span class='ocrx_word' id='word_1_537' title='bbox 1546 2400 1583 2427; x_wconf 93' lang='lat' dir='ltr'>et</span> 
     </span>
     <span class='ocr_line' id='line_1_96' title="bbox 878 2443 1172 2484; baseline 0.007 -11"><span class='ocrx_word' id='word_1_538' title='bbox 878 2443 1172 2484; x_wconf 78' lang='lat' dir='ltr'>perspicuitatem.</span> 
     </span>
    </p>

    <p class='ocr_par' dir='ltr' id='par_1_11' title="bbox 878 2494 1582 2787">
     <span class='ocr_line' id='line_1_97' title="bbox 925 2494 1582 2535; baseline 0.003 -11"><span class='ocrx_word' id='word_1_539' title='bbox 925 2497 942 2524; x_wconf 82' lang='grc'>7</span> <span class='ocrx_word' id='word_1_540' title='bbox 968 2494 1079 2525; x_wconf 65' lang='lat' dir='ltr'>Pridie</span> <span class='ocrx_word' id='word_1_541' title='bbox 1101 2495 1168 2532; x_wconf 78' lang='lat' dir='ltr'>ejus</span> <span class='ocrx_word' id='word_1_542' title='bbox 1192 2494 1255 2525; x_wconf 67' lang='lat' dir='ltr'>diei</span> <span class='ocrx_word' id='word_1_543' title='bbox 1275 2504 1316 2525; x_wconf 72' lang='lat' dir='ltr'>ex</span> <span class='ocrx_word' id='word_1_544' title='bbox 1338 2494 1412 2525; x_wconf 80' lang='lat' dir='ltr'>urbe</span> <span class='ocrx_word' id='word_1_545' title='bbox 1426 2494 1582 2535; x_wconf 63' lang='lat' dir='ltr'>profatus</span> 
     </span>
     <span class='ocr_line' id='line_1_98' title="bbox 879 2545 1582 2585; baseline 0.001 -10"><span class='ocrx_word' id='word_1_546' title='bbox 879 2545 938 2576; x_wconf 77' lang='lat' dir='ltr'>iter</span> <span class='ocrx_word' id='word_1_547' title='bbox 954 2546 1139 2585; x_wconf 72' lang='lat' dir='ltr'>adlegiones</span> <span class='ocrx_word' id='word_1_548' title='bbox 1157 2545 1300 2585; x_wconf 72' lang='lat' dir='ltr'>habebat]</span> <span class='ocrx_word' id='word_1_549' title='bbox 1324 2547 1461 2577; x_wconf 79' lang='lat' dir='ltr'>Fulvius</span> <span class='ocrx_word' id='word_1_550' title='bbox 1477 2552 1511 2576; x_wconf 91' lang='lat' dir='ltr'>et</span> <span class='ocrx_word' id='word_1_551' title='bbox 1530 2547 1582 2576; x_wconf 83' lang='lat' dir='ltr'>ci-</span> 
     </span>
     <span class='ocr_line' id='line_1_99' title="bbox 879 2595 1580 2636; baseline 0.001 -11"><span class='ocrx_word' id='word_1_552' title='bbox 879 2596 1037 2627; x_wconf 78' lang='lat' dir='ltr'>acconius</span> <span class='ocrx_word' id='word_1_553' title='bbox 1067 2596 1183 2636; x_wconf 83' lang='lat' dir='ltr'>legunt</span> <span class='ocrx_word' id='word_1_554' title='bbox 1212 2596 1324 2627; x_wconf 79' lang='lat' dir='ltr'>Pridie</span> <span class='ocrx_word' id='word_1_555' title='bbox 1346 2597 1443 2626; x_wconf 81' lang='lat' dir='ltr'>eidus.</span> <span class='ocrx_word' id='word_1_556' title='bbox 1492 2595 1580 2626; x_wconf 73' lang='lat' dir='ltr'>Nam</span> 
     </span>
     <span class='ocr_line' id='line_1_100' title="bbox 881 2645 1581 2685; baseline -0.001 -10"><span class='ocrx_word' id='word_1_557' title='bbox 881 2645 1079 2685; x_wconf 86' lang='lat' dir='ltr'>Pompeius,</span> <span class='ocrx_word' id='word_1_558' title='bbox 1092 2652 1128 2677; x_wconf 89' lang='lat' dir='ltr'>ut</span> <span class='ocrx_word' id='word_1_559' title='bbox 1143 2656 1185 2677; x_wconf 79' lang='lat' dir='ltr'>ex</span> <span class='ocrx_word' id='word_1_560' title='bbox 1201 2646 1310 2677; x_wconf 72' lang='lat' dir='ltr'>verbis</span> <span class='ocrx_word' id='word_1_561' title='bbox 1325 2645 1499 2675; x_wconf 80' lang='lat' dir='ltr'>Ciceronis</span> <span class='ocrx_word' id='word_1_562' title='bbox 1512 2646 1581 2675; x_wconf 84' lang='lat' dir='ltr'>col-</span> 
     </span>
     <span class='ocr_line' id='line_1_101' title="bbox 878 2695 1580 2735; baseline 0 -9"><span class='ocrx_word' id='word_1_563' title='bbox 878 2695 1004 2735; x_wconf 84' lang='lat' dir='ltr'>ligitur,</span> <span class='ocrx_word' id='word_1_564' title='bbox 1037 2697 1173 2727; x_wconf 89' lang='lat' dir='ltr'>omnino</span> <span class='ocrx_word' id='word_1_565' title='bbox 1202 2696 1293 2727; x_wconf 82' lang='lat' dir='ltr'>circa</span> <span class='ocrx_word' id='word_1_566' title='bbox 1331 2695 1415 2725; x_wconf 85' lang='lat' dir='ltr'>illud</span> <span class='ocrx_word' id='word_1_567' title='bbox 1448 2701 1580 2735; x_wconf 81' lang='lat' dir='ltr'>tempus</span> 
     </span>
     <span class='ocr_line' id='line_1_102' title="bbox 878 2745 1579 2787; baseline 0.001 -12"><span class='ocrx_word' id='word_1_568' title='bbox 878 2754 919 2775; x_wconf 85' lang='lat' dir='ltr'>cx</span> <span class='ocrx_word' id='word_1_569' title='bbox 950 2745 1033 2777; x_wconf 84' lang='lat' dir='ltr'>urbe</span> <span class='ocrx_word' id='word_1_570' title='bbox 1063 2745 1248 2787; x_wconf 81' lang='lat' dir='ltr'>profectus.</span> <span class='ocrx_word' id='word_1_571' title='bbox 1295 2746 1339 2776; x_wconf 86' lang='lat' dir='ltr'>Et</span> <span class='ocrx_word' id='word_1_572' title='bbox 1370 2751 1492 2785; x_wconf 75' lang='lat' dir='ltr'>putant</span> <span class='ocrx_word' id='word_1_573' title='bbox 1530 2745 1579 2776; x_wconf 89' lang='lat' dir='ltr'>illi</span> 
     </span>
    </p>
   </div>
  </div>
 </body>
</html>
