1818 3131
239 179 350 221 1152

238 295 287 316 vs.
307 287 378 316 1:33.
399 285 442 315 do
460 284 603 315 Druidis
621 285 682 322 ait,
697 286 706 300 ‘
723 293 858 315 nemora
875 283 943 314 alta

237 335 379 366 remotis
392 335 548 364 Incolitis
563 334 670 365 lucis!
699 334 833 365 Vossius.
856 333 944 364 Vide

239 386 280 416 (le
312 386 373 415 hac
407 383 604 415 confusione
632 393 735 425 supra
766 384 808 415 ad
832 393 866 414 v.
889 387 942 415 21.

239 437 283 466 Et
310 445 390 465 sane
416 436 481 465 luco
507 435 776 475 suprascriptum
803 435 855 466 hic
891 440 944 465 est

238 486 270 516 111
289 486 401 516 Oxou.
429 485 505 516 locis
531 490 645 516 tamen
671 490 806 516 servant
830 494 944 515 omnes

244 544 378 576 qnoque
407 544 436 566 c.
467 537 518 566 17.
546 535 554 551 ‘
576 534 777 566 Exstruetos
801 535 945 565 tumulos

242 585 326 615 locis
364 584 570 616 consecratis
613 584 804 625 conspicari
842 584 946 615 licet.'

241 635 307 666 Sed
328 635 374 666 ibi
391 636 458 666 alia
474 645 525 666 res
543 641 606 667 est.
654 636 751 666 Adde
770 635 876 666 soceri
892 644 947 664 uo-

244 692 312 717 tam
330 687 370 718 ad
388 688 464 718 Val.
480 688 573 718 Max.
594 696 617 718 ι.
637 691 665 718 1.
684 690 734 718 lo.

287 745 365 768 xxv.
392 741 406 767 l
435 737 574 767 Druides
604 748 621 766 α
653 736 726 766 bello
753 735 855 766 abesse
883 744 950 764 con·

241 789 420 828 sueverunt]
443 787 592 819 Joanues
606 787 766 825 Baptista
784 785 864 815 Pius
881 784 950 814 Au-

241 844 312 868 not.
354 848 384 869 c.
416 840 469 868 62.
497 837 544 868 ait
577 837 688 867 dicere
719 836 892 866 Lucanum
917 834 949 864 in

242 888 336 918 bello
374 887 526 918 Druidas
566 896 640 916 esse
672 886 791 916 solere.
837 883 951 914 Verba

243 937 380 975 Annaei,
398 937 521 977 quibus
549 936 582 966 id
611 935 789 966 adstruere
817 934 950 973 nititur,

243 988 318 1019 haec
335 992 413 1018 sunt
441 987 463 1019 l.
481 997 504 1018 1.
531 997 578 1017 vs.
604 989 679 1016 450.
703 988 710 1001 ‘
726 986 771 1016 Et
799 994 856 1015 vos
881 985 952 1015 bar-

246 1038 378 1069 baricos
398 1038 482 1068 ritus
498 1046 692 1078 moremque
711 1036 880 1067 sinistrum
894 1035 951 1066 Sa-

244 1099 379 1120 crorum
399 1088 543 1118 Druidae
570 1087 691 1127 positis
720 1087 895 1126 repetistis
909 1086 951 1116 ab

248 1138 374 1170 armis!
420 1137 488 1168 Sed
520 1136 610 1167 aliud
642 1137 746 1166 voluit
775 1137 949 1166 Lucanus:

191 1191 201 1200 ⁴
250 1189 421 1227 nimirum,
438 1188 516 1229 quia
533 1187 673 1219 Druidae
690 1187 795 1222 illum,
821 1187 875 1227 qui
902 1196 951 1215 sa-

249 1239 450 1270 crificandus
494 1243 580 1274 erat,
617 1237 759 1277 sagittas
795 1236 952 1267 conficie-

247 1290 341 1325 bant,
370 1293 407 1319 ut
431 1289 553 1319 Strabo
576 1288 703 1327 Geogr.
724 1288 743 1317 l.
764 1296 811 1317 tv.
829 1286 861 1316 d.
882 1288 953 1316 108.

249 1339 369 1376 tradit,
387 1343 422 1369 et
438 1348 508 1368 mos
527 1338 582 1368 ille
600 1347 618 1367 a
634 1337 770 1367 Tiberio
797 1335 956 1366 interdie-

248 1394 302 1420 tus
317 1399 335 1419 a
353 1388 498 1419 Claudio
516 1388 668 1418 sublatus
687 1390 775 1424 erat,
803 1386 878 1416 ideo
907 1385 956 1415 di-

248 1439 296 1469 cit
333 1438 453 1478 positis
485 1438 527 1468 ab
564 1437 663 1467 armis
691 1446 748 1467 eos
777 1435 956 1476 repetiisse

248 1487 375 1519 foeduin
403 1497 542 1518 morem.
584 1487 718 1517 Vossius.
775 1486 867 1517 Male
895 1486 957 1516 Lu-

252 1538 328 1569 cani
347 1539 458 1570 locum
476 1538 619 1578 exponit
641 1537 792 1568 Vossius.
843 1537 958 1566 Positis

251 1589 348 1620 armis
370 1594 467 1620 notat
493 1598 611 1629 pacem
640 1593 676 1619 et
704 1587 864 1628 quictem,
894 1596 958 1627 qua

245 1641 363 1680 jacent
380 1650 471 1670 arma
495 1640 548 1669 nel
577 1644 655 1679 post
679 1638 862 1668 decennale
890 1637 959 1667 bel-

252 1692 320 1721 lmn
337 1690 379 1721 ab
397 1690 496 1721 armis
521 1694 692 1721 cessatum
717 1693 770 1719 est
798 1696 859 1728 per
875 1687 957 1718 Gal-

251 1742 301 1772 tos
319 1746 355 1772 et
379 1741 571 1778 Romanos;
597 1739 686 1770 unde
712 1738 810 1769 liberi
833 1737 958 1767 Roma—

251 1801 368 1823 norum
398 1796 490 1821 metu
522 1795 557 1821 et
589 1789 697 1820 securi
730 1797 826 1819 sacra
857 1788 959 1818 iuter-

253 1842 353 1872 missa
379 1841 592 1880 repetebant.
629 1840 689 1869 Uti
720 1839 805 1869 bene
831 1837 956 1868 Scholi-

255 1898 357 1922 πεῖρε.
404 1891 503 1921 Adde
521 1890 591 1920 Vir.
621 1890 724 1920 Doct.
745 1889 842 1919 Misc.
874 1887 958 1918 Obs.

251 1942 294 1972 Τ.
312 1950 352 1971 11.
369 1941 411 1970 V.
430 1942 459 1970 3.
477 1949 509 1979 1).
528 1941 602 1969 266.

294 1993 314 2021 4
351 1991 378 2021 Α
410 1989 589 2029 parentibus
615 1986 868 2028 propinquisque]
904 1987 958 2017 Sic

255 2041 344 2072 Mss.
363 2040 453 2070 Editi
477 2042 484 2054 ⁴
497 2050 514 2069 a
534 2038 730 2078 propinquis
749 2037 959 2077 parentibus-

255 2091 345 2132 que.'
390 2091 521 2121 Ordine
540 2090 649 2119 miuus
664 2088 823 2118 naturali.
851 2088 958 2118 Clark.

255 2142 314 2173 Uti
336 2142 465 2181 optime
493 2150 510 2170 e
542 2140 624 2170 Mss.
656 2139 809 2169 restituit
841 2137 955 2168 Clark.

253 2192 435 2224 ediderant
466 2192 537 2232 jam
566 2200 699 2231 quoque
734 2190 819 2220 Ven.
854 2189 956 2219 Vasc.

255 2243 371 2282 Stepli.
389 2242 523 2282 Grypli.
546 2241 608 2272 Ed.
628 2245 715 2280 post.
734 2240 873 2280 aliique.

297 2297 314 2324 5
356 2294 510 2331 Magnum
542 2292 586 2322 ibi
624 2301 782 2322 numeram
819 2300 962 2320 versuum

256 2345 389 2376 ediscere
416 2342 576 2382 dicuntur]
613 2342 705 2381 Lege
733 2351 879 2379 magnum
913 2340 961 2370 illi

254 2406 424 2429 nummum,
442 2397 495 2434 35⁶·
520 2400 556 2424 ut
575 2399 667 2424 recte
697 2393 818 2422 l’etav.
851 2391 962 2423 Duris.

256 2456 328 2479 cur.
354 2456 421 2476 sec.
469 2446 538 2475 Cur
564 2444 611 2473 uu
640 2442 779 2473 mavelit
807 2442 962 2472 Davisius

259 2508 301 2529 cx
329 2497 427 2528 unico
456 2495 596 2533 Codice,
623 2494 747 2524 xie-cio.
795 2493 844 2523 Ibi
867 2498 962 2523 certe

257 2548 379 2579 bonum
397 2545 507 2576 fundit
526 2555 660 2575 sensum
679 2554 740 2584 pro
755 2546 763 2560 ‘
779 2544 810 2573 in
826 2544 882 2574 illa
895 2543 962 2574 ‹lis-

257 2599 383 2639 ciplina
419 2595 612 2650 Druiduui!
673 2596 814 2627 Groecus
856 2595 960 2626 ctiam

260 2650 401 2681 ἐνταῦθα.

305 2702 452 2731 Vcrsuum
490 2698 622 2730 ediscere
658 2692 818 2737 dicuntur]
864 2698 963 2728 Ἐπῶν

260 2751 401 2783 Graeeus
431 2749 571 2791 optime.
619 2749 664 2780 Et
687 2747 817 2780 fallitur
843 2749 961 2780 mirum

698 188 840 220 No'rAE
882 187 1143 218 VARIORUM
1187 188 1235 217 m

995 283 1029 314 in
1043 283 1178 314 modum
1197 283 1444 321 Hotomamms,
1461 281 1517 322 qui
1528 285 1629 322 putat
1642 281 1695 314 hic

995 343 1056 373 per
1086 343 1191 364 tersus
1221 333 1365 373 intelligi
1394 332 1565 363 involutos
1581 331 1699 362 verbo-

997 393 1068 414 rum
1084 393 1211 413 seusus.
1258 383 1366 415 Quem
1384 382 1508 412 erroris
1533 381 1586 412 vel
1609 381 1698 412 solus

997 438 1114 472 arguat
1144 433 1299 464 Lucanus
1327 442 1402 463 cum
1427 432 1447 463 l.
1480 441 1504 463 1.
1538 440 1590 463 VS.
1624 433 1698 462 449.

997 483 1060 513 ait:
1086 484 1094 499 ‘
1108 483 1258 513 Plurima
1271 483 1380 513 securi
1398 482 1532 513 fudistis
1549 481 1700 512 carmina

1011 533 1126 563 {au-di!
1173 534 1326 564 Numinis
1349 533 1519 573 gentibus,
1544 532 1703 573 1111111ρο-

998 583 1163 613 tissimum
1186 583 1355 614 memoria:
1383 593 1500 622 genus,
1526 582 1618 614 unde
1636 582 1702 613 Ta-

999 633 1087 663 citus
1105 632 1146 663 de
1160 632 1310 663 moribus
1327 633 1573 664 Germanorum
1590 645 1597 664 :
1622 638 1632 650 ⁴
1647 641 1701 663 ce-

999 682 1132 712 lebrant
1171 682 1376 713 carminibus
1409 683 1570 724 antiquis,
1611 682 1701 724 quod

1000 744 1101 764 unum
1120 735 1207 774 apud
1226 735 1300 765 illos
1319 735 1488 765 memoriae
1516 739 1552 766 et
1577 734 1705 765 annali-

1002 793 1056 814 um
1075 794 1178 823 genns
1194 784 1270 814 est)
1317 783 1417 815 Adde
1433 783 1523 824 quod
1541 783 1704 824 antiquis-

1001 834 1083 864 sima
1099 834 1209 874 po'esis
1233 844 1329 865 sacra
1350 832 1416 864 fuit
1440 839 1497 864 ant
1525 833 1705 874 paraeneti-

1003 894 1055 922 ea,
1086 884 1118 914 iu
1153 884 1312 914 honorem
1348 883 1584 923 praestantium
1617 883 1705 914 viro·

1003 943 1088 972 rum,
1113 934 1200 965 unde
1223 933 1312 974 apud
1337 934 1496 974 Xenoph.
1514 933 1623 974 primo
1641 934 1706 974 Cy—

1006 984 1182 1024 ropaediae,
1205 985 1297 1023 φῦναι
1312 983 1346 1014 δὲ
1368 985 1384 1014 ὁ
1401 984 1497 1024 Κῦρος
1512 982 1641 1023 λέγεται
1655 983 1709 1014 καὶ

1005 1034 1111 1074 ᾄδεται
1128 1033 1185 1073 ἔτι,
1209 1034 1259 1065 καὶ
1287 1035 1340 1064 νῦν
1369 1033 1426 1065 ὑπὸ
1449 1036 1510 1066 τῶν
1532 1034 1706 1076 βαρβάρων·

1006 1087 1084 1127 quia
1108 1087 1279 1126 augustius
1306 1086 1433 1127 aliquid
1465 1087 1614 1118 carmina
1643 1087 1708 1127 spi-

1006 1141 1093 1172 rant,
1130 1146 1231 1177 quam
1273 1146 1370 1177 prosa
1407 1137 1526 1168 oratio.
1583 1137 1707 1178 Itaque

1005 1186 1085 1215 nihil
1121 1185 1254 1224 mirum,
1285 1186 1311 1216 si
1339 1186 1428 1227 apud
1457 1187 1576 1218 Gallos
1605 1186 1708 1218 etiam

1006 1235 1279 1266 ven—ibnsdiviua
1290 1237 1613 1276 complecterentur.
1641 1237 1709 1268 Sed

1007 1286 1050 1316 de
1082 1286 1307 1317 vetustissima
1349 1287 1442 1327 poesi
1479 1287 1582 1327 siquis
1613 1287 1710 1327 plura

1008 1335 1092 1366 scire
1110 1336 1205 1370 velit.
1221 1336 1322 1367 adeat
1338 1346 1423 1376 opus
1440 1337 1547 1376 patris
1575 1337 1641 1368 mei
1665 1336 1708 1368 de

1007 1390 1081 1415 arte
1113 1384 1268 1423 Poetica,
1301 1385 1357 1416 ubi
1390 1385 1461 1416 fuse
1493 1390 1618 1417 cuncta
1646 1386 1711 1417 dis-

1009 1440 1180 1466 seruntur.
1230 1435 1283 1465 Ad
1303 1436 1447 1466 (Laesaris
1475 1435 1579 1467 verba
1603 1440 1640 1468 ut
1663 1445 1713 1468 re-

1009 1485 1160 1523 deamus,
1186 1486 1234 1517 ait
1265 1486 1334 1524 ille,
1363 1487 1512 1518 carmina
1535 1487 1638 1519 edisci
1668 1487 1710 1518 ab

1008 1536 1061 1575 iis,
1103 1536 1160 1577 qui
1198 1537 1230 1566 in
1284 1536 1462 1577 disciplina
1503 1538 1710 1568 Druidarum

1009 1591 1120 1618 erant.

1010 1636 1126 1668 Bardi.
1174 1637 1261 1668 Nam
1280 1642 1316 1667 ut
1341 1637 1462 1668 sii-abo
1489 1638 1537 1669 ait
1561 1638 1583 1669 1.
1605 1647 1654 1669 ιν.
1679 1648 1711 1678 p.

1012 1690 1083 1718 197.
1108 1687 1174 1718 tria
1194 1683 1294 1727 ¹apud
1324 1687 1440 1718 Gallos
1463 1688 1632 1719 hominum
1661 1697 1713 1728 ge-

1010 1746 1091 1767 nera
1115 1737 1147 1767 in
1171 1737 1298 1768 honore
1321 1742 1430 1776 eraut,
1461 1737 1578 1777 Bardi,
1595 1738 1712 1776 Vates,

1012 1787 1165 1817 Druidae.
1212 1787 1343 1817 Bai-dos
1372 1788 1420 1818 ait
1455 1787 1558 1819 fuisse
1582 1788 1714 1826 ὑμνητὸς

1010 1837 1060 1866 καὶ
1080 1837 1220 1874 ποιητὰς,
1237 1839 1417 1878 hymnorum
1443 1843 1584 1870 cantores
1599 1844 1629 1871 ct
1644 1841 1716 1881 ροῦ-

1010 1890 1068 1917 tas.
1116 1888 1222 1918 Vates
1239 1887 1415 1928 ἱεροποιοὺς,
1439 1889 1490 1919 καὶ
1512 1889 1713 1929 φυσιλόγους,

1010 1939 1193 1977 sacerdotes,
1225 1942 1255 1969 et
1288 1942 1430 1970 naturam
1465 1941 1713 1980 contemplantes.

1011 1989 1161 2020 Druidas
1187 1999 1264 2019 vero
1278 1990 1435 2020 moralem
1453 2000 1586 2031 quoque
1609 1992 1714 2032 philo-

1012 2040 1162 2079 sophiam
1177 2040 1384 2080 exposuisse.
1431 2041 1546 2072 Caesar
1561 2043 1627 2074 tria
1641 2043 1713 2074 haec

1012 2099 1139 2130 genera
1154 2090 1214 2120 sub
1229 2090 1439 2121 Druidarum
1465 2091 1596 2123 nomine
1624 2101 1715 2124 com-

1011 2142 1188 2181 plectitur,
1218 2151 1293 2171 nam
1321 2151 1396 2172 cum
1425 2141 1486 2179 ait,
1515 2142 1586 2173 ‘illi
1612 2143 1714 2175 rebus

1013 2191 1134 2222 divinis
1166 2192 1345 2230 intersunt,
1377 2191 1543 2222 sacrificia
1577 2192 1715 2233 publica

1012 2252 1051 2273 ac
1084 2242 1217 2282 privata
1257 2245 1464 2281 procurant‚’
1499 2244 1564 2273 &m
1595 2243 1717 2275 intelli-

1013 2292 1116 2333 gendi
1152 2299 1230 2324 sunt
1257 2297 1362 2324 vates.
1408 2293 1554 2324 Eosdem
1583 2303 1714 2335 quoque

1014 2344 1183 2385 designat,
1200 2353 1275 2374 cum
1301 2343 1362 2381 ait,
1385 2343 1393 2359 ⁵
1408 2344 1519 2375 Multa
1546 2349 1715 2385 praeterea

1014 2394 1057 2425 de
1074 2394 1254 2433 sideribus,
1271 2399 1373 2435 atque
1401 2403 1514 2425 eorum
1542 2398 1646 2433 motu,
1669 2394 1714 2425 de

1015 2444 1128 2475 nmndi
1147 2455 1185 2476 ac
1211 2450 1378 2475 terrarum
1404 2443 1645 2485 nnagnssudine,
1672 2444 1714 2475 de

1015 2505 1125 2526 rerum
1150 2502 1283 2534 natura,
1307 2499 1371 2526 Suc.
1389 2494 1587 2533 disputant!
1634 2495 1717 2526 Bar-

1015 2546 1074 2576 dos
1091 2547 1199 2576 notari
1217 2546 1374 2584 diximus,
1389 2545 1444 2576 ubi
1460 2545 1581 2585 inquit,
1601 2546 1716 2587 ‘mag‹

1014 2606 1091 2627 num
1109 2596 1156 2626 ibi
1173 2605 1346 2626 numerum
1375 2604 1528 2626 versuum
1557 2595 1715 2626 ediscere

1015 2645 1204 2686 coguntur!
1254 2645 1328 2675 Hoc
1359 2649 1527 2685 quatenus
1547 2643 1715 2684 ὑμνητικοὶ,

1013 2697 1156 2727 alterum
1199 2699 1332 2726 eorum'
1367 2695 1513 2726 studium
1566 2695 1718 2736 respexit

1014 2747 1193 2778 Lucanus:
1248 2754 1271 2777 1.
1319 2747 1394 2777 447.
1439 2745 1448 2762 ‘
1468 2745 1537 2777 Vos
1583 2755 1717 2788 quoque

1189 1588 1320 1618 Horum
1364 1588 1548 1618 carminum
1577 1594 1711 1619 autores
1736 1599 1739 1601 “
