1818 3131
304 232 514 263 1ΛΒ.11ι
545 220 849 260 εΑΡ.75.ηΕ
885 227 1038 257 nacho
1071 227 1294 257 GALLux»

72 337 136 367 ruci
153 345 213 377 pro
227 336 327 366 decem
344 333 505 365 miserunt
520 332 580 362 duo
597 329 773 360 solummo-

71 387 135 422 ‹103
160 390 268 417 restat
293 393 421 415 summa
437 381 616 419 hominnm,
636 387 769 410 ccxux

72 436 223 467 111111111111.
268 435 419 466 Quorum
436 435 534 462 erant
559 433 624 460 octo
654 429 772 467 millia,

71 485 240 527 equitum3
265 482 428 524 peditum,
451 484 489 511 ut
515 478 602 510 infra
627 479 673 509 ait
699 478 772 509 Cae-

75 544 141 574 sar,
156 534 282 564 circiter
295 539 385 563 ccxl.
401 531 516 562 millia.
541 530 647 561 Clark.

112 586 133 614 9
160 583 311 621 Velunnis,
331 581 383 622 qui
395 580 449 612 sub
472 581 598 621 imperio
616 581 771 611 Arverno-

67 644 134 664 rum
145 643 207 664 esse
223 631 453 672 consuet-erunt]
468 631 535 662 Vv.
552 640 603 661 cc.
617 634 771 660 constan-

70 690 127 715 ter
158 683 295 715 Velut-iis
322 683 460 713 habent.
507 682 551 713 Et
575 681 622 712 sic
645 679 770 711 Strabo

69 734 196 775 Gcogr.
215 735 237 764 l.
255 743 301 764 lv.
315 731 479 764 Οὗελλάῖοι
490 731 521 762 δὲ
536 731 615 770 μετὰ
628 729 769 767 τούτους,

71 784 101 814 οἴ
115 783 340 824 προσωρίζοντο
363 782 439 813 ποτὲ
455 782 647 822 Ἀρουερνοῖς·
669 781 721 810 νῦν
737 778 769 810 δὲ

66 834 236 865 τάττονται
253 834 318 864 καθ’
331 831 466 863 ἑαυτούς.
483 831 637 872 Scaliger
656 835 768 861 tamen

70 885 187 915 maluit
203 884 344 919 l'elnuni;
361 882 476 921 credo,
487 882 564 923 quia
579 882 626 912 sic
642 881 673 911 in
690 881 770 912 Pto-

67 935 187 964 lcmaeo
203 933 337 973 legitur.
384 933 427 962 Et
450 941 522 962 esse
544 930 679 962 codices
696 930 768 962 Cae-

68 982 165 1022 saris,
181 982 212 1012 in
230 982 349 1023 quibus
375 981 422 1012 ita
447 982 592 1022 legatur,
619 990 684 1012 non
712 980 770 1011 du-

68 1033 148 1064 bito.
193 1033 295 1064 Certe
310 1033 453 1064 Graecus
467 1032 570 1062 habet
583 1030 767 1062 Βελαυνίοις.

67 1082 198 1115 Plinius
223 1091 270 1113 lv.
295 1085 345 1113 19.
367 1087 501 1122 gentem
528 1091 602 1112 eam
637 1081 771 1111 Vellates

66 1136 178 1163 vocat.
207 1132 339 1163 Vossius.
379 1131 548 1162 l'clluuniis
562 1131 685 1171 Scalig.
703 1130 768 1162 Cu-

61 1183 130 1223 jac.
147 1181 236 1213 Edd.
253 1181 355 1212 Vasc.
375 1182 443 1212 Str.
469 1181 585 1221 Steph.
603 1180 666 1212 Gr.
697 1180 768 1211 Val-

65 1231 157 1263 laniis
172 1232 268 1264 Gott.
290 1231 427 1262 Venonis
442 1230 506 1262 Ed.
528 1231 601 1262 Ine.
623 1230 770 1261 Vellariis

65 1282 119 1313 vel
141 1281 271 1312 l'ellaris
287 1281 393 1312 ceteri
408 1286 443 1312 et
459 1280 544 1312 Edd.
561 1280 689 1321 primae,
705 1279 768 1310 nisi

68 1333 157 1374 quod
174 1333 220 1364 nil
245 1337 398 1364 notatum
414 1332 525 1362 inveni
547 1341 590 1362 ex
605 1330 716 1361 Oxon.
735 1334 769 1361 et

69 1383 217 1416 Andino.
254 1384 372 1415 Velm-is
401 1383 617 1414 Casaubonus
643 1383 676 1412 in
702 1382 768 1413 Ms.

67 1433 149 1465 Cod.
166 1433 306 1466 invenit.
353 1432 441 1464 Vide,
464 1432 506 1462 ad
524 1431 634 1463 strab.
652 1431 684 1462 d.
702 1432 765 1462 loc.

66 1494 98 1524 p.
125 1487 200 1516 290.
230 1483 294 1515 Ed.
322 1483 431 1514 Amst.
472 1482 663 1513 Consuerunt
690 1482 767 1512 dedi

68 1533 111 1565 de
139 1543 244 1571 more,
261 1533 344 1564 Mss.
372 1538 504 1564 tantum
528 1542 593 1563 non
619 1533 766 1564 omnium

67 1583 273 1614 anctoritate
292 1591 352 1623 pro
373 1585 599 1613 consuet-erunt.
646 1582 766 1614 Petav.

66 1633 274 1665 noscebantur.

110 1687 150 1715 10
172 1682 352 1722 Senonibus,
369 1682 530 1723 chuanis,
553 1682 768 1722 Biturigibus,

66 1733 275 1771 Xantonibus,
301 1733 467 1771 Ruthem's,
499 1732 688 1763 Carnutibus
712 1741 766 1763 xu

65 1782 180 1823 millia]
202 1782 310 1814 Hadr.
336 1782 490 1812 Valesius
519 1787 588 1812 not.
613 1781 705 1813 Gall.
731 1791 765 1821 p,

64 1835 138 1863 513.
160 1841 224 1862 non
242 1831 348 1862 solum
378 1832 460 1871 legit
475 1840 555 1862 xxn
574 1831 684 1870 millia,
707 1831 766 1862 sed

65 1887 227 1924 etputat,
243 1881 388 1922 singulas
401 1881 458 1912 has
473 1886 603 1922 gentes,
614 1886 652 1912 ut
669 1885 767 1912 erant

63 1932 257 1973 frequentes
281 1941 321 1963 ac
343 1931 477 1972 validae,
494 1931 580 1962 hunc
593 1940 766 1962 numerum

64 1982 259 2022 contulisse,
292 1991 355 2013 nec
389 1981 431 2012 ob
465 1981 563 2012 aliam
587 1991 720 2012 causam
748 1992 768 2013 a

64 2035 199 2065 Caesare
235 2033 333 2064 simul
366 2041 440 2064 esse
473 2035 766 2063 commemoratas.

64 2085 156 2116 Dein
173 2089 208 2115 nt
225 2085 298 2124 ejus
325 2083 530 2124 conjecturae
544 2092 670 2113 summa
689 2092 766 2113 con-

63 2135 191 2175 veniat,
229 2144 305 2175 cap.
343 2136 396 2164 76.
427 2133 561 2173 reponit
598 2142 764 2164 eccum.

64 2185 175 2215 millia.
220 2184 262 2215 Ei
291 2193 371 2215 sane
388 2193 453 2214 non
478 2184 664 2221 assentior3
689 2193 765 2215 cum

65 2234 154 2265 enim
186 2233 330 2265 eundem
366 2232 524 2274 loquendi
555 2232 689 2263 modum
720 2232 763 2263 de

64 2283 217 2314 omnibus
233 2283 393 2314 adhibeat
410 2283 534 2322 Caesar,
547 2291 612 2313 non
629 2286 692 2321 est,
707 2291 767 2313 cur

65 2333 205 2374 singulm
232 2333 349 2364 harum
365 2333 541 2363 civitatum
566 2341 647 2363 xxxi
664 2331 767 2362 millia

66 2383 249 2414 contulisse
287 2382 478 2422 videantur,
515 2382 593 2413 dum
629 2383 766 2423 reliqum

64 2442 240 2464 numerum
268 2434 470 2473 imperatum
497 2432 700 2473 conjunctim
719 2431 766 2463 ef-

64 2482 222 2515 fecerint.
269 2483 342 2514 Nec
365 2483 492 2522 obstat,
510 2482 598 2523 quod
623 2483 674 2513 hae
690 2491 767 2523 gen-

66 2538 116 2564 tes
132 2533 167 2564 in
180 2533 298 2574 primis
311 2538 427 2564 essent
443 2531 548 2563 firm-ze
563 2543 571 2570 3
603 2541 664 2573 pro
689 2532 767 2562 viri-

65 2581 128 2613 bus
140 2583 230 2614 enim
252 2583 428 2614 civitatum
445 2582 568 2613 milites
588 2591 652 2613 non
670 2586 767 2613 erant

66 2631 242 2672 imperati:
277 2641 353 2663 nam
379 2633 406 2663 si
432 2633 516 2662 hanc
535 2632 701 2663 rationem
716 2641 766 2663 se-

68 2685 251 2721 querentur
265 2682 449 2724 principes,
470 2682 527 2712 vix
551 2686 603 2713 est
627 2686 664 2712 nt
681 2680 767 2712 arbi-

67 2737 205 2772 tremur,
219 2741 276 2764 eos
296 2741 337 2764 ex
353 2732 516 2764 Rauracis
532 2736 568 2763 et
582 2732 674 2763 Boiis
690 2740 766 2763 xxx

66 2779 180 2822 millia,
194 2784 268 2813 tota
283 2790 363 2813 vero
375 2780 555 2814 Armorica
567 2791 606 2814 vx
623 2786 767 2822 tantum,

1412 213 1524 255 1253

824 328 927 360 fuisse
945 333 1132 360 coacturos.
1158 328 1266 359 Daris.

869 381 904 408 ll
944 378 1157 418 Xantonibus]
1193 378 1249 408 Sic
1289 377 1403 417 inepte
1442 377 1522 407 satie

824 427 927 458 edunt
958 428 1157 466 vulgo‚cum
1184 428 1307 459 debeat
1334 427 1435 458 scribi
1462 435 1522 468 per

823 476 859 506 S.
892 476 1066 507 Praeterea
1106 477 1188 507 Mss.
1221 477 1377 508 Ciaccon.
1419 477 1523 516 Bong.

823 527 990 564 Vossiani,
1024 526 1217 565 Lcfflenses,
1249 527 1370 566 Scalig.
1404 527 1524 557 Petav.

823 576 990 617 Egmund.
1019 576 1179 616 Gottorp.
1220 577 1347 607 Lovan.
1379 577 1523 608 Dorvill.

823 635 898 656 cum
916 626 976 657 Ed.
1001 625 1138 657 Incerta
1153 627 1235 658 dant
1252 627 1410 666 santonis,
1422 634 1456 658 et
1476 628 1524 658 ita

823 676 902 707 alibi
934 677 1058 708 Caesar.
1114 677 1202 707 Vide
1233 677 1275 707 ad
1308 686 1330 707 1.
1366 681 1415 708 10.
1453 682 1461 693 ⁴
1482 676 1522 707 In

821 726 984 756 Santonos
998 725 1149 756 Helvetii
1160 725 1400 765 pervenirent!
1429 727 1521 758 Qua·

823 785 857 807 re
874 775 906 806 id
924 776 1070 816 reposui.

864 829 902 857 13
930 826 1104 856 Eleutheris
1128 825 1357 865 Suessionibus]
1396 826 1522 857 Nescio

820 877 915 917 cujus
931 876 1072 907 andacia
1086 876 1140 907 hic
1161 877 1322 907 Eleutheri
1339 885 1441 917 supra
1458 886 1525 907 me-

820 929 942 959 morati
979 928 1193 968 irrepserint.
1248 928 1438 968 Stephanus
1477 928 1525 958 ita

819 977 1001 1018 impressit,
1027 977 1085 1008 sed
1114 987 1180 1018 quo
1212 977 1372 1008 auctore?
1408 977 1522 1008 Multo

819 1028 927 1059 minus
944 1028 1027 1066 scio,
1043 1027 1122 1068 quid
1149 1027 1217 1058 sint
1243 1027 1404 1057 Eleutheri
1432 1027 1523 1057 Sues-

818 1079 927 1108 siones.
981 1078 1157 1118 Nusquam
1177 1087 1255 1108 sane
1271 1077 1320 1108 ita
1336 1077 1526 1116 appellatos

817 1129 1014 1161 Suessiones
1043 1130 1191 1161 invenio.
1246 1129 1392 1160 Veteres
1422 1127 1522 1159 codd.

818 1179 943 1211 habent
959 1180 1125 1219 Helticiis,
1147 1179 1252 1210 multo
1267 1179 1398 1210 melius.
1444 1178 1523 1209 Non

819 1229 906 1271 quod
923 1230 1008 1261 hanc
1025 1230 1167 1270 probam
1189 1229 1367 1261 lectionem
1392 1233 1523 1269 putem,

819 1279 878 1311 sed
906 1281 1015 1311 altera
1038 1281 1147 1311 minus
1177 1276 1384 1320 corruptam.
1431 1280 1522 1319 Lego

818 1329 1027 1361 confidenter
1042 1330 1181 1361 Heli-iis.-
1199 1339 1275 1360 nam
1293 1335 1327 1361 et
1340 1339 1442 1370 snpra
1455 1339 1522 1370 qno

819 1380 894 1410 loco
924 1380 1126 1411 Helviorum
1164 1380 1293 1411 mentio
1331 1389 1351 1409 a
1385 1380 1522 1411 Caesare

819 1428 924 1468 facta,
940 1435 1100 1470 corrupte
1125 1430 1158 1460 in
1183 1430 1291 1460 veteri
1313 1429 1430 1460 codice
1447 1433 1523 1460 erat

819 1479 982 1511 Helriciis.
1026 1480 1076 1511 Tu
1101 1480 1216 1521 itaque
1241 1479 1303 1510 hoc
1331 1479 1430 1510 modo
1456 1479 1524 1510 dis-

819 1529 935 1569 tingue
951 1529 1024 1560 haec
1047 1529 1167 1561 verba:
1195 1530 1313 1560 Octona
1329 1529 1524 1568 Pictonibus,

818 1583 848 1610 et
867 1580 1010 1619 Turonis,
1025 1583 1054 1610 et
1070 1579 1217 1619 Parisiis,
1228 1583 1258 1610 et
1268 1579 1405 1610 Helviis.
1432 1579 1522 1610 Sues-

816 1630 962 1667 sionibus,
988 1630 1164 1668 Ambianis,
1193 1632 1258 1661 &m
1288 1629 1423 1660 Vossius.
1455 1629 1522 1658 Rc-

819 1680 916 1721 posui
932 1679 1066 1712 Helviis.
1111 1679 1323 1711 Suessonibus.
1348 1679 1430 1709 Mss.
1456 1688 1523 1708 om—

819 1740 878 1762 nes
907 1731 1065 1762 Helvetiis
1090 1731 1145 1761 vel
1176 1729 1310 1760 Elcetiis
1335 1730 1389 1769 (nt
1421 1737 1523 1768 supra

817 1781 940 1822 saepius
956 1781 1078 1820 Helvii,
1102 1780 1191 1811 unde
1214 1780 1270 1810 alii
1287 1779 1409 1809 volunt
1432 1778 1520 1816 Elui,

818 1836 978 1872 corrupte
995 1832 1028 1861 in
1045 1831 1127 1862 Mss.
1145 1828 1325 1868 vocantur)
1341 1828 1522 1868 Senonibus,

819 1885 854 1912 et
869 1880 918 1911 ita
935 1880 1023 1911 Edd.
1040 1879 1168 1920 primae.
1206 1878 1274 1909 Sed
1291 1888 1366 1908 cum
1385 1878 1522 1908 Senonas

819 1940 922 1972 supra
942 1930 1167 1968 habuerimus,
1192 1934 1287 1960 recte
1310 1929 1522 1959 Vascosanus

819 1980 1031 2012 suessionibus
1058 1980 1186 2018 edidit3
1222 1979 1360 2020 propius
1376 1978 1419 2008 ad
1436 1979 1520 2009 Mss.

819 2031 1029 2072 Sues-sonibus,
1055 2035 1094 2061 nt
1119 2030 1201 2060 alibi
1227 2034 1344 2061 nostro
1370 2034 1405 2060 et
1434 2029 1520 2060 aliis.

818 2080 906 2111 Vide
923 2087 1035 2111 tamen
1056 2079 1157 2111 etiam
1173 2087 1254 2109 vm.
1277 2081 1308 2110 6.
1354 2078 1523 2108 Heleuthe-

816 2131 861 2161 ris
877 2140 895 2161 e
913 2129 1041 2162 Codice
1068 2129 1275 2169 Stephanico
1292 2132 1327 2159 et
1342 2127 1416 2158 aliis
1429 2127 1520 2168 (ipse

817 2181 858 2212 R.
886 2181 1004 2221 Steph.
1031 2179 1189 2210 Helvetiis
1218 2177 1342 2217 edidit)
1371 2178 1522 2219 conjecit

817 2231 1051 2263 Hotomannus
1064 2241 1071 2261 :
1085 2230 1176 2261 unde
1187 2229 1368 2260 Eleutheris
1375 2229 1522 2268 arripuit

816 2282 981 2323 Scaliger,
995 2280 1163 2323 quomodo
1180 2280 1276 2310 multi
1292 2279 1384 2311 Galli
1401 2279 1522 2320 populi

818 2333 1109 2374 cognominantur,
1124 2330 1157 2361 id
1174 2336 1240 2369 est,
1256 2330 1358 2369 liberi,
1372 2330 1519 2360 inmune&

816 2383 913 2413 Tales
929 2391 995 2413 non
1010 2380 1102 2412 fuere
1120 2379 1292 2411 Suessones.
1339 2379 1429 2412 Quid
1447 2380 1524 2419 plu-·

818 2432 876 2462 ra?
908 2431 1032 2463 Helviis
1060 2431 1151 2462 clare
1179 2434 1353 2470 comparet
1377 2430 1410 2460 in
1439 2429 1520 2459 Pul-

817 2485 929 2515 manni
956 2484 1099 2515 schedis.
1145 2483 1280 2514 Bissena
1310 2482 1396 2513 milia
1424 2480 1517 2512 Leid.

817 2544 884 2565 sec.
902 2539 936 2566 et
952 2534 1102 2565 nonnulli
1127 2533 1168 2563 ab
1198 2533 1417 2564 Hotomanno
1436 2530 1516 2560 visi:

816 2584 941 2615 bisdena
960 2583 1074 2614 Samb.
1091 2583 1158 2614 ΜΞ.

859 2636 900 2664 16
922 2642 960 2664 1v
984 2633 1092 2664 millia.
1127 2629 1329 2669 Bellocassis]
1361 2630 1402 2660 In
1428 2628 1514 2659 Mss.

817 2682 981 2722 omnibus,
1007 2683 1034 2714 si
1065 2681 1179 2714 forsan
1210 2682 1324 2713 Oxou.
1355 2679 1518 2719 excipias,

817 2741 882 2763 non
906 2737 1081 2773 comparet
1096 2741 1162 2762 vox
1188 2732 1298 2767 millia,
1322 2729 1371 2760 uti
1395 2738 1456 2760 nec
1482 2725 1520 2759 in'

817 2781 905 2812 Edd.
923 2781 1016 2813 Vett.
1042 2791 1145 2823 quare
1169 2789 1242 2811 eam
1259 2780 1380 2820 delevi,
1397 2784 1520 2820 utpote
