1883 3121
233 194 346 238 1392

235 306 340 343 atque
357 297 389 329 id
407 303 510 337 genus
524 291 685 323 homines.
737 289 871 321 Vossius.

279 358 401 383 cxxvi.
424 351 442 377 5
468 344 624 381 Postulat,
640 344 675 372 ut
693 340 801 379 jurent
822 338 937 380 omnes]

236 402 294 434 Ita
310 396 459 438 conjecit
485 394 562 425 Pet.
582 391 798 431 ciacconius,
825 395 861 422 et
888 391 936 435 ita

236 449 347 483 edidit
376 447 450 479 Jos.
476 443 641 484 Scaliger,
667 451 743 473 cum
766 442 798 472 in
828 440 937 473 Codd.

238 509 321 542 quos
341 497 510 534 viderant,
525 494 696 534 legeretur
709 492 878 532 postulunt,
902 492 937 521 ut

232 551 342 590 jurent
384 555 496 578 ornnes.
542 542 794 584 Antiquissimae
826 545 939 571 tamen

240 598 341 631 editt.
358 597 455 628 Rom.
470 595 558 625 Ven.
575 592 735 624 Beroald.
754 600 940 632 repraesen-

240 652 317 682 tant
340 647 479 688 postulat
500 647 534 676 ut
551 644 662 683 jurent
688 651 813 678 omnem
852 639 942 681 quod

240 697 422 731 manifesto
436 705 570 734 verum3
594 695 666 725 haec
681 694 770 724 enim
784 691 888 722 verba
901 690 942 720 ad

236 747 423 781 Petreium
449 746 557 777 solum
587 743 794 775 referuntur.
830 740 943 772 Datis.

242 797 417 829 Manutius
454 795 558 826 etiam
603 792 753 833 conjecit
795 790 945 831 postulat,

243 848 335 890 quod
351 852 402 879 est
428 848 461 877 in
486 846 596 885 Bong.
620 853 698 874 am.
726 852 795 874 sec.
820 846 855 873 et
881 840 945 872 Ed.

245 897 387 928 Mediol.
404 895 544 935 aliisque
562 891 811 923 vetustissimis.

287 950 307 977 7
342 947 450 977 Jurat.
496 944 567 983 Ipse
607 943 689 972 idem
716 939 949 980 jusjurandum]

247 996 458 1039 Elegantius,
487 998 525 1026 ut
561 993 719 1032 arbitror,
751 992 815 1022 hoc
848 990 948 1021 modo

247 1049 476 1088 distinguetur
499 1043 626 1075 oratio:
652 1042 804 1081 Princeps
830 1040 863 1070 in
885 1040 950 1069 hoec

248 1098 339 1130 rerba
345 1098 435 1137 jurat
444 1096 520 1136 ipse.
567 1095 656 1125 Idem
664 1091 883 1130 jus-jurandum
897 1091 951 1120 ad-

248 1151 311 1191 igit
326 1148 506 1188 Afranium.
551 1147 597 1177 Et
622 1144 710 1174 hanc
735 1151 815 1172 sane
840 1141 951 1171 Inter-

249 1201 469 1242 punctionem
493 1197 527 1227 in
551 1195 651 1226 editt.
676 1193 773 1223 Rom.
791 1189 952 1221 Beroald.

250 1250 368 1291 Steph.
380 1253 500 1289 postea
513 1241 730 1285 deprehendi.
748 1240 859 1272 Daris,
895 1239 952 1269 Ju-

250 1305 303 1331 rat
316 1300 395 1340 ipse.-
417 1299 510 1336 idem,
535 1297 587 1334 ⁸5⁶-
633 1293 688 1323 Ita
708 1291 882 1329 eleganter
899 1287 954 1318 ad-

251 1350 387 1382 modum
404 1358 447 1379 ex
465 1346 574 1377 Editt.
594 1344 690 1374 Vett.
706 1340 865 1372 distinxit
884 1339 958 1369 Da-

252 1400 368 1431 visius.
413 1396 566 1437 Scaliger
583 1398 618 1425 et
630 1390 867 1427 Recentiores‚
883 1397 957 1419 sen·

254 1459 291 1481 sn
319 1447 502 1481 admodum
532 1442 692 1483 languido
733 1444 769 1472 et
812 1439 958 1479 abjecto,

246 1502 360 1539 juram·
384 1499 454 1538 Ipse
468 1497 562 1535 idem,
575 1496 631 1534 ξε.
666 1492 775 1522 Clark.
820 1488 959 1520 Monuit

256 1551 299 1582 de
315 1560 357 1582 ea
372 1547 590 1580 distinctione
607 1545 640 1575 in
668 1541 806 1573 ineditis
831 1540 959 1571 Grute-

258 1611 336 1639 rus;
365 1609 467 1641 quam
483 1606 546 1637 ego
560 1606 580 1627 e
597 1595 680 1626 Mss.
699 1591 829 1624 admisi.

300 1654 321 1682 8
350 1646 590 1690 Jusjurandum]
613 1645 670 1676 Sic
690 1643 780 1674 bene
802 1639 960 1671 restitue-

258 1706 341 1734 runt
353 1700 468 1732 ciacc.
483 1697 621 1729 Hotom.
637 1692 810 1729 Brantius,
834 1694 868 1721 et
882 1689 962 1720 Sca-

260 1754 359 1794 liger,
373 1759 450 1782 cum
465 1748 569 1788 vulgo
583 1744 769 1776 adderetur
793 1738 963 1780 Praeposi-

263 1803 333 1840 ἕως
362 1804 401 1831 ut
430 1807 494 1829 vn.
520 1799 574 1827 67.
620 1793 696 1825 ‘Ad
729 1788 965 1832 jusjurandum

264 1848 420 1883 adactis?
479 1847 606 1878 Verum
638 1842 726 1875 Edd.
759 1840 891 1881 primae,
930 1842 966 1868 et

263 1903 350 1933 Mss.
386 1907 502 1931 omnes
528 1899 656 1937 praeter
684 1892 820 1924 unicum
851 1889 965 1920 Palat.

265 1961 333 1983 non
350 1950 537 1990 agnoscunt
552 1946 603 1976 ad.
649 1943 764 1976 Quare
787 1940 888 1972 etiam
917 1947 967 1969 re-

265 2005 359 2033 mota
381 2001 528 2030 maneat.

310 2053 349 2081 11
372 2049 414 2080 Ut
424 2042 629 2088 producatur]
653 2039 849 2081 Elegantius
862 2037 970 2068 multo

268 2111 288 2133 a
299 2096 479 2132 Petaviani
493 2093 577 2127 Cod.
592 2101 693 2124 manu
719 2091 837 2132 prima,
854 2093 890 2121 et
906 2088 970 2118 Pa-

270 2154 329 2184 lat.
356 2151 407 2182 uti
435 2154 470 2180 et
502 2146 647 2179 Dorvill.
677 2144 774 2175 abest
802 2141 894 2173 istud
925 2144 969 2171 ut.

269 2202 359 2234 Vide
375 2201 417 2232 ad
436 2201 476 2232 B.
493 2199 537 2231 G.
555 2208 606 2230 lv.
624 2200 674 2229 16.
721 2196 884 2228 Ceterum
905 2203 973 2234 pro-

271 2254 383 2285 ducant
416 2256 470 2282 est
494 2250 527 2281 in
554 2250 666 2280 Palat.
693 2248 795 2278 Voss.
834 2245 971 2276 Hotom.

274 2303 333 2345 qui
349 2311 417 2333 non
431 2301 519 2332 male
533 2298 669 2340 probat,
684 2301 720 2328 et
738 2294 825 2327 Edd.
844 2294 973 2335 primis,

274 2354 356 2385 item
372 2350 569 2383 Beroaldin.
582 2349 732 2389 producat
745 2344 975 2377 Petav.Leid.

277 2413 346 2435 sec.
359 2403 480 2433 Brant.
496 2401 577 2431 Lov.
593 2399 705 2438 Bong.

321 2455 361 2484 12
384 2451 445 2482 Sed
460 2451 620 2490 plerosque
643 2448 668 2478 ii
689 2456 764 2487 quos
786 2443 979 2486 receperant]

277 2502 368 2535 Illud
383 2501 408 2532 ii
430 2510 496 2531 non
518 2499 600 2530 satis
627 2499 752 2538 placet.
800 2496 840 2526 In
867 2495 978 2525 Palat.

279 2558 354 2586 erat
368 2552 522 2593 plerosque
536 2559 609 2590 quos
623 2550 810 2587 receperant.
858 2545 979 2575 Petav.

277 2605 435 2645 plerosque
475 2599 508 2630 hi
540 2608 612 2638 quos
652 2598 828 2636 receperant
867 2596 979 2625 celant.

283 2653 385 2685 Unde
402 2660 485 2682 eruo
508 2658 623 2680 veram
646 2647 841 2684 lectionem,
859 2650 895 2675 et
911 2644 981 2675 sine

285 2702 498 2735 dubitatione
531 2700 622 2739 lego,
665 2697 818 2738 plerisque
855 2695 901 2734 Ιιί,
931 2695 984 2735 qui

284 2754 473 2794 receperant,
495 2751 606 2781 celant.
658 2747 790 2780 Vossius.
852 2746 906 2777 Sic
936 2745 984 2776 di-

696 197 723 226 N
733 194 837 225 0⁷1*AE
870 192 1133 224 VARlORUM
1166 192 1217 222 IN

983 290 1074 318 uerte
1090 287 1156 318 Ms.
1182 286 1321 318 Norvic.
1337 289 1545 332 eandemque
1568 292 1684 325 lectiu-

985 346 1061 368 nem
1079 338 1111 368 in
1125 346 1184 367 sno
1198 337 1326 369 Codice
1350 339 1491 381 invenit,
1518 346 1555 373 et
1568 342 1684 374 inven-

987 392 1055 419 tam
1073 388 1228 428 probavit
1255 389 1351 419 Fulv.
1376 390 1530 423 Ursinus.
1574 392 1685 424 Miror

986 437 1102 478 igitur,
1119 438 1206 468 unde
1222 437 1363 476 factum,
1380 445 1417 470 ut
1435 440 1578 482 Dionys.
1603 442 1688 474 Vos-

988 487 1055 517 sius
1078 487 1127 517 ita
1149 487 1276 527 primus
1292 490 1488 521 emendasse
1511 491 1576 522 sibi
1594 491 1688 524 vide-

990 540 1094 566 retur.
1151 536 1190 566 In
1218 538 1330 579 vulgg.
1367 545 1441 570 erat
1473 541 1630 582 plerosque
1652 541 1689 581 ii,

990 594 1064 625 quos
1077 591 1266 624 receperant.
1293 588 1360 619 Ms.
1382 590 1495 621 Palat.
1527 591 1690 633 Plerosque

991 644 1066 675 quos
1088 639 1277 675 receperant.
1337 638 1444 670 Editt.
1474 641 1570 674 Rom.
1603 642 1691 674 Ven.

993 686 1154 717 Beroald.
1169 686 1289 727 steph.
1304 688 1447 729 Plerique
1456 700 1528 730 quos
1538 695 1695 732 ceperant,

994 739 1118 774 celarem
1154 738 1243 768 unde
1282 748 1346 769 non
1382 740 1468 771 male
1497 741 1564 781 legi
1589 741 1696 781 possit

992 788 1141 828 plerique,
1154 798 1228 828 quos
1237 794 1427 829 receperant,
1441 792 1551 822 celant.
1581 792 1696 824 Davis-

996 838 1138 869 Variant
1155 839 1311 870 Codices
1328 839 1412 871 Mss.
1437 841 1564 872 Eliens.
1583 847 1617 872 ct
1632 842 1698 873 Urv

998 888 1059 919 sini
1083 889 1255 930 exhibent,
1279 890 1438 930 plerosque
1453 891 1497 931 hi,
1512 891 1564 931 qui
1580 901 1699 932 recepe-

997 941 1083 977 rant,
1119 939 1230 970 celant.
1276 940 1361 972 Quae
1393 940 1512 971 Lectio
1551 941 1699 972 omnium

999 990 1129 1029 optima
1144 989 1290 1020 videtur.
1337 990 1405 1021 Ms.
1435 990 1517 1031 Reg.
1534 997 1570 1022 et
1589 990 1701 1022 Editt.

1002 1039 1131 1079 aliquot
1152 1039 1247 1070 Vett.
1273 1039 1424 1080 plerique,
1448 1050 1523 1080 quos
1544 1043 1700 1080 ceperant,

1000 1090 1105 1130 (lege,
1120 1090 1316 1129 receperant)
1331 1091 1442 1120 celant.
1475 1092 1560 1122 Quae
1583 1090 1703 1122 Lectio

1002 1140 1115 1179 priore
1133 1149 1198 1170 non
1215 1139 1321 1169 multo
1347 1138 1496 1171 inferior.
1525 1139 1592 1170 Ms.
1618 1127 1703 1171 unus

1002 1189 1125 1228 Vossii,
1149 1190 1317 1229 plerosque,
1343 1199 1416 1229 quos
1444 1193 1633 1230 receperant,
1659 1200 1705 1222 ce-

1004 1242 1081 1271 lant.
1117 1242 1203 1272 Quae
1221 1240 1339 1269 Lectio
1367 1238 1447 1269 ferri
1468 1249 1604 1281 quoque
1630 1250 1706 1280 pos·

1005 1294 1069 1320 set.
1118 1289 1268 1320 Pessima
1284 1294 1396 1319 autem
1414 1290 1573 1327 omnium,
1596 1293 1632 1320 et
1649 1289 1706 1320 vix

1008 1339 1142 1378 Latina,
1175 1349 1274 1381 quam
1305 1346 1441 1370 secutus
1465 1344 1517 1371 est
1544 1339 1710 1380 Scaliger,

1007 1400 1175 1432 quamque
1205 1390 1345 1422 exhibet
1372 1391 1455 1422 alius
1482 1391 1547 1421 Ms.
1575 1390 1709 1429 Vossii3

1005 1441 1160 1480 plerosque
1191 1440 1227 1480 ii,
1264 1451 1336 1481 quos
1376 1445 1566 1482 receperant,
1595 1442 1708 1473 celant.

1011 1491 1119 1521 Clark.
1163 1491 1329 1531 Plerosque
1343 1493 1366 1522 ii
1384 1493 1436 1522 vel
1453 1492 1497 1530 hi,
1512 1492 1564 1532 qui
1578 1502 1640 1523 rec.
1658 1496 1712 1523 est

1010 1540 1113 1572 etiam
1138 1541 1171 1571 in
1190 1541 1273 1572 Mss.
1290 1541 1417 1582 Scalig.
1433 1547 1466 1572 et
1483 1541 1578 1573 Leid.
1591 1541 1712 1582 primo.

1011 1591 1175 1631 Plerosque
1206 1600 1278 1632 quos
1307 1601 1369 1631 cep.
1404 1591 1511 1621 Dorv.
1550 1594 1585 1621 et
1616 1590 1711 1621 Leid.

1013 1650 1080 1671 sec.
1104 1641 1243 1680 plerique
1274 1650 1347 1680 quos
1385 1651 1412 1670 c.
1441 1640 1550 1680 Bong.
1581 1639 1714 1681 aliique.

1014 1691 1094 1722 Non
1122 1692 1224 1730 male,
1251 1691 1277 1722 si
1295 1693 1471 1731 receperant
1497 1699 1571 1720 cum
1589 1689 1664 1720 aliis
1680 1692 1717 1720 et

1015 1743 1155 1774 Hotom.
1196 1753 1235 1774 ac
1275 1743 1397 1773 Erant.
1439 1741 1567 1772 Codice
1609 1740 1716 1781 legas.

1015 1793 1163 1833 Plerique
1191 1793 1290 1823 celant
1321 1802 1381 1830 eos,
1412 1801 1486 1831 quos
1529 1793 1718 1831 receperant.

1016 1843 1165 1883 Vulgata
1178 1843 1292 1879 hodie,
1305 1842 1345 1872 ab
1362 1841 1601 1872 vetustissimis
1615 1840 1720 1880 scrip-

1017 1893 1061 1924 tis
1088 1892 1300 1931 confirmata,
1328 1901 1395 1922 non
1419 1901 1532 1922 rursus
1555 1891 1721 1922 movenda

1019 1950 1131 1974 tamen
1149 1948 1212 1974 est.

1063 1997 1102 2025 13
1138 1993 1192 2024 Sic
1226 1996 1327 2024 terror
1354 1992 1473 2023 oblatus
1501 1990 1641 2032 ducibus]
1679 1990 1721 2022 In

1019 2045 1191 2086 prioribus
1208 2043 1308 2075 editt.
1325 2049 1398 2074 erat
1415 2043 1459 2073 sic
1481 2046 1583 2073 terror
1603 2041 1722 2072 oblatus

1021 2105 1039 2126 a
1055 2094 1192 2125 ‹lucibus-
1218 2092 1318 2126 Quod
1342 2092 1467 2131 nescio,
1493 2100 1552 2122 cur
1569 2089 1721 2132 Scaliger

1022 2144 1183 2185 rejecerit
1198 2155 1206 2181 ;
1231 2152 1294 2184 ego
1306 2141 1436 2173 firmam
1452 2141 1636 2172 lectionem
1650 2150 1724 2172 esse

1021 2206 1089 2227 non
1106 2195 1235 2227 dubito.
1281 2194 1322 2225 In
1343 2194 1466 2225 Petav.
1497 2196 1584 2230 erat,
1607 2195 1726 2222 terrore

1023 2247 1123 2278 oblato
1136 2257 1155 2276 a
1169 2245 1314 2276 ducibus:
1343 2243 1461 2275 eodem
1486 2241 1587 2273 modo
1602 2241 1637 2271 in
1652 2249 1728 2272 nos-

1025 2303 1078 2329 tro
1096 2307 1126 2328 v.
1145 2306 1176 2328 c.
1198 2295 1264 2337 (sic
1281 2300 1317 2326 et
1341 2295 1375 2325 in
1399 2293 1540 2325 Norvic.
1565 2301 1604 2322 ac
1629 2289 1726 2329 editt.

1027 2348 1125 2379 Rom.
1149 2348 1237 2377 Ven.
1264 2343 1438 2383 Beroald.)
1481 2342 1594 2374 Palat.
1626 2345 1727 2372 terror

1026 2398 1147 2430 ablatus
1158 2407 1177 2428 a
1191 2396 1330 2428 ducibus.
1376 2395 1505 2426 Omnes
1517 2398 1631 2424 tamen
1643 2399 1728 2432 prae-

1029 2449 1228 2490 positionem
1253 2449 1450 2488 agnoscunt.
1482 2442 1616 2474 Vossius.
1663 2439 1727 2471 Ob-

1029 2502 1110 2531 latus
1125 2509 1143 2530 a
1168 2499 1317 2530 ducibus.-
1338 2497 1386 2528 ita
1409 2506 1451 2526 ex
1476 2494 1556 2525 Mss.
1573 2490 1728 2523 omnibus

1032 2556 1066 2583 et
1084 2551 1192 2582 Editt.
1209 2550 1305 2581 vett.
1320 2550 1494 2588 praeeunte
1512 2541 1643 2581 Vossio,
1657 2549 1731 2573 sen-

1032 2611 1138 2643 suque
1162 2601 1237 2641 ipso
1254 2596 1432 2630 manifesto
1448 2593 1653 2634 postulante,
1680 2599 1731 2621 re-

1033 2651 1141 2683 stitui.
1188 2646 1409 2680 Recentiores
1435 2642 1587 2674 nonnulli
1618 2639 1733 2672 edide-

1034 2704 1121 2736 rant,
1145 2699 1266 2730 oblatus
1286 2694 1424 2727 ducibus.
1469 2691 1570 2724 Quod
1594 2689 1733 2722 Vossius

1033 2750 1205 2790 Scaligero
1223 2745 1393 2779 attribuit.
1439 2743 1506 2774 Sed
1522 2741 1556 2772 in
1571 2738 1734 2781 Scaligeri
