1883 3121
284 198 396 242 1408

281 308 391 336 staret
416 304 555 336 evoluta.-
592 301 682 343 quod
712 308 826 334 tamen
853 306 986 334 contra-

280 357 381 395 rium,
403 364 466 386 nec
494 354 573 384 huic
599 353 675 384 loco
704 359 821 394 aptum
849 362 983 385 sensum

279 407 431 439 exhibet.
469 404 569 437 Unde
600 403 713 436 forsan
740 404 869 436 rectius
894 403 985 436 soret

280 458 452 495 convoluta,
479 461 516 487 ut
543 455 663 487 scribae
689 465 751 496 pro
778 466 793 486 c
826 457 848 487 i.
872 466 903 487 e.
929 467 985 487 con

281 506 455 538 exararint
483 516 511 537 e.
555 506 663 537 Immo
689 507 848 537 convoluta
876 512 985 538 restat

280 557 382 598 plane
405 557 440 587 in
463 555 548 588 Cod.
570 556 695 597 Scalig.
717 561 752 588 et
774 557 835 588 Ed.
854 556 986 588 Reste·

280 607 401 648 phani;
426 610 529 648 atque
545 606 594 638 ita
610 606 747 648 Lipsius
764 612 799 638 et
817 606 984 638 Aicardus

281 657 333 688 sui
349 657 427 688 libri
444 656 587 697 margini
604 657 870 698 adscripserunt.
909 657 983 688 Nec

279 708 371 738 enim
390 714 486 748 puto,
503 708 599 738 evolvi
616 708 701 739 sumi
724 717 822 749 posse
846 717 907 748 pro
923 717 984 738 om-

278 759 352 789 nino
368 759 488 790 induci:
510 763 550 790 ut
569 759 668 789 evinci
686 768 748 799 pro
764 758 899 789 omnino
916 759 984 789 viu-

277 808 323 849 ci,
340 813 376 840 et
392 808 525 840 similia.

323 868 376 890 ιιι.
396 862 414 889 5
439 858 643 899 Provehitur]
669 858 743 890 Hoc
761 859 982 899 compositum

275 909 437 952 frequens
469 919 541 940 esse
569 909 602 940 in
632 919 667 941 re
695 910 807 941 navali
839 910 983 941 vidimus

272 960 347 1001 jam
371 960 414 991 ad
438 960 478 991 B.
505 960 598 992 Gau.
620 970 653 991 v.
671 963 702 992 8.
725 961 734 977 ⁴
756 960 842 991 Leni
864 960 984 992 Africo

278 1011 486 1052 provectus.'
538 1011 668 1042 Verum
708 1011 984 1052 praepositionem

276 1071 334 1102 pro
360 1061 474 1103 reperi
504 1061 537 1092 in
565 1062 638 1093 solo
669 1061 849 1093 Vossiano.
895 1062 985 1093 Nam

277 1111 401 1143 Petav.
417 1111 542 1152 Scalig.
569 1111 690 1143 Leidd.
719 1112 844 1144 Lovan.
872 1112 984 1153 Bong.

276 1162 426 1194 Dorvill.
454 1162 619 1194 exhibent
646 1163 837 1203 pervehitur.
881 1162 984 1195 Quod

277 1212 388 1244 altero
403 1221 472 1244 non
487 1212 597 1243 minus
622 1212 655 1243 in
678 1221 739 1243 usu
762 1216 834 1250 est;
858 1217 896 1244 ut
911 1212 985 1253 jam

277 1261 404 1293 Lexica
431 1260 568 1293 docent.
607 1261 696 1293 Vide
719 1267 755 1293 et
783 1262 904 1294 Vellei.
922 1263 987 1293 Pa-

278 1316 363 1343 tere.
388 1320 428 1343 11.
451 1315 504 1343 55.
519 1316 555 1342 et
569 1315 623 1343 75.
658 1312 783 1344 Melius
800 1317 912 1343 autem
929 1312 984 1343 hic

279 1361 451 1399 convenit,
479 1370 579 1401 quam
604 1370 672 1401 pro.
728 1361 865 1393 Iudicat
896 1363 984 1394 enim

280 1411 407 1447 Caesar,
424 1419 501 1441 eum
524 1410 667 1442 navibus
689 1420 752 1452 per
768 1409 891 1443 fretum
907 1422 985 1444 vec-

280 1466 352 1491 ῑιιιιι
370 1469 455 1491 esse.
491 1460 624 1492 Passim
641 1467 769 1501 autem,
792 1466 829 1493 ut
846 1463 879 1493 iu
892 1467 984 1494 cete-

277 1511 321 1542 ris
337 1510 465 1551 verbis,
480 1510 530 1542 ita
552 1510 656 1543 etiam
678 1512 713 1544 in
736 1512 799 1544 hoe
824 1514 984 1554 praeposi-

277 1561 387 1593 tiones
415 1561 483 1593 iuae
512 1560 785 1594 confunduntur:
812 1564 905 1595 Mela
926 1573 983 1595 ιιι.

278 1614 309 1643 9.
327 1612 336 1629 ⁴
354 1612 425 1643 Per
439 1613 502 1644 hoc
526 1613 678 1654 pelaguS,
695 1618 734 1645 ut
752 1615 869 1656 Nepos
887 1613 983 1646 adfir-

276 1666 360 1703 mat,
390 1663 507 1694 Gades
546 1673 653 1704 usque
684 1671 868 1706 pervectus
902 1672 954 1697 est
966 1668 984 1697 :’

277 1713 333 1745 ubi
351 1714 417 1745 Ms.
442 1725 462 1745 a
483 1724 537 1746 me
550 1715 640 1746 visus
653 1720 826 1756 provectus.
865 1717 981 1749 Valer.

275 1764 371 1796 Max.
389 1774 413 1796 1.
431 1768 463 1796 5.
477 1765 496 1806 ς
510 1767 542 1796 4.
558 1766 568 1783 ‘
586 1765 756 1797 Navicula
772 1766 806 1797 in
829 1765 983 1799 Africam

277 1819 461 1855 pervectus
476 1814 498 1846 :’
520 1819 556 1847 et
575 1814 621 1846 ibi
641 1816 726 1847 Mss.
743 1816 879 1857 quidam
892 1827 980 1858 prov.

275 1864 335 1896 sed
353 1866 443 1907 Nep.
462 1865 495 1896 in
511 1865 625 1898 Alcib.
647 1876 677 1897 c.
693 1869 725 1897 4.
751 1868 760 1883 ‘
780 1867 856 1899 Hac
872 1867 983 1908 (navi)

274 1916 413 1948 Thunos
431 1917 464 1946 in
482 1916 615 1948 ltaliam
634 1917 838 1957 pervectus!
874 1918 983 1949 Resti-

276 1965 439 1998 tuendum
453 1967 516 1999 hoc
529 1967 631 1998 etiam
646 1967 792 2007 Apuleio
806 1968 828 1998 1.
842 1977 866 1999 ι.
879 1978 912 2008 p.
931 1971 983 2000 15.

275 2016 284 2032 ‘
301 2026 356 2048 me
368 2026 474 2058 usque
488 2017 530 2048 ad
544 2022 677 2058 portani
691 2027 757 2048 non
771 2019 869 2048 dorso
883 2019 984 2059 illius,

275 2065 336 2097 sed
351 2066 434 2097 meis
452 2066 590 2098 auribus
607 2068 794 2108 pervecto!
821 2069 878 2100 Sic
895 2069 982 2100 enim

277 2117 342 2148 Ms.
368 2117 499 2148 Bertin.
529 2127 597 2148 non
620 2128 708 2158 prov.
727 2128 760 2159 p.
780 2122 831 2151 17.
857 2121 865 2136 ·
883 2129 982 2161 equo,

277 2166 332 2207 qui
349 2176 402 2197 me
418 2171 555 2197 strenue
574 2169 753 2207 pervexit?
790 2169 879 2200 Ibid.
895 2170 983 2200 sca-i-

276 2216 388 2247 verius
416 2217 502 2247 malc
533 2217 642 2248 edidit
667 2229 752 2258 prov.
806 2219 872 2251 Hic
901 2230 981 2252 vcro

275 2265 310 2295 in
336 2265 447 2297 I'alat.
474 2271 526 2298 est
548 2268 757 2306 praeuehitur:
782 2269 869 2308 quod
886 2279 982 2310 cave,

275 2325 353 2347 cum
369 2316 520 2348 Grutero
537 2318 710 2350 admittas.
757 2319 795 2350 ld
814 2320 902 2351 enim
924 2330 982 2353 no·

276 2370 329 2396 tat
354 2367 602 2406 proeterrelzitur.
652 2369 736 2400 vide
772 2370 813 2400 ad
844 2379 900 2401 ιιι.
927 2374 980 2403 26.

274 2416 284 2432 ‘
304 2417 553 2457 Dyrrhachium
596 2421 883 2459 praetervehitur,'
927 2425 981 2455 vel

272 2467 478 2505 proevehitur;
495 2473 652 2510 amatque
667 2470 778 2508 potius
790 2480 901 2501 casum
919 2472 943 2503 A
951 2483 982 2503 c-

276 2516 478 2547 cusativum.
536 2519 696 2549 Nasidius
723 2526 834 2551 autern
862 2523 871 2538 ‘
890 2522 980 2554 freto

274 2569 319 2596 est
350 2567 556 2607 pervectus,'
587 2578 653 2600 non
674 2574 894 2610 prata-reclus
911 2574 980 2611 sre-

277 2619 353 2648 tum.

317 2669 336 2696 7
363 2667 416 2697 Ex
439 2669 596 2700 natalibus
618 2680 720 2702 eorum
735 2683 824 2703 mmm
841 2675 981 2717 deducit]

277 2716 383 2748 liditt.
403 2718 498 2750 Rom.
514 2721 602 2752 Ven.
620 2721 777 2754 Beroald.
796 2725 804 2739 ‘
823 2725 871 2754 [x
891 2725 981 2755 navi-

277 2767 336 2800 bus
352 2778 468 2801 corum
486 2780 584 2804 unam
600 2772 759 2813 dctlucit,'
784 2776 872 2807 unde
899 2781 980 2807 nata

756 206 897 237 NOTAE
929 206 1192 238 VARJORUM
1227 206 1278 237 IN

1033 303 1119 342 haec,
1135 313 1210 344 quae
1231 311 1321 334 nune
1343 302 1487 342 obtinet,
1512 302 1638 341 lecti03
1661 312 1736 335 uam

1035 363 1111 385 cum
1129 354 1222 384 Msto
1244 353 1382 385 Norvin.
1397 352 1648 384 rescribendum
1667 363 1740 384 ere-

1035 403 1179 435 diderim
1196 405 1205 420 ‘
1219 413 1261 434 ex
1274 402 1452 434 navalibus
1469 412 1585 434 eorum
1600 403 1739 435 deducit

1035 454 1177 485 navem!
1201 454 1256 485 Sic
1274 464 1302 485 c.
1316 456 1348 485 4.
1364 455 1373 470 ³
1391 455 1442 485 Ex
1465 453 1639 486 navalibus
1663 463 1739 495 pro·

1036 505 1156 536 ductas
1173 515 1275 537 naves
1287 504 1506 536 refecerant?
1543 504 1643 536 Hanc
1658 513 1739 535 sane

1035 555 1237 594 scripturam
1267 554 1408 586 Caesaris
1431 553 1587 593 ἀφελότης
1600 554 1741 585 videtur

1036 606 1221 645 postulare.
1246 605 1383 636 Davis..
1412 605 1466 636 Ex
1489 604 1663 635 navalibus
1693 614 1740 634 co-

1034 665 1116 694 rum,
1133 665 1251 686 navem
1269 655 1403 686 deducit.
1437 655 1538 686 Hanc
1558 654 1740 686 lectionem

1035 715 1078 737 ex
1096 705 1165 736 Ms.
1182 705 1308 736 Elieusi
1324 705 1439 735 intulit
1455 697 1626 736 Davisius.
1654 705 1743 736 Ean·

1037 755 1113 786 dein
1129 755 1268 787 exhibet
1278 760 1315 787 et
1327 756 1394 787 Ms.
1409 755 1493 795 Reg.
1518 755 1628 786 Editt.
1644 756 1741 786 Vett.

1035 805 1176 846 habent,
1202 801 1420 838 Ex‘iaavibus
1435 816 1550 846 eorum,
1573 815 1671 837 unam
1691 808 1743 838 de-

1035 856 1133 887 ducit.
1185 857 1271 889 Quae
1302 856 1407 888 lectio
1444 857 1581 888 tolerari
1613 862 1740 898 posset.

1036 907 1187 947 Scaliger
1202 912 1238 938 et
1254 907 1462 939 recentiores
1479 907 1672 946 ediderunt,
1690 908 1740 938 Ex

1036 958 1212 989 navalibus
1224 968 1340 998 eorum,
1353 968 1452 989 uuam
1472 958 1606 989 deducit.
1640 958 1742 990 Quod

1038 1007 1217 1040 admodum
1246 1015 1297 1039 est
1324 1009 1457 1048 durum,
1485 1014 1523 1040 et
1556 1009 1611 1039 vix
1651 1008 1744 1040 Lati-

1036 1067 1126 1089 num.
1152 1059 1262 1089 Clark.
1293 1057 1386 1090 Ante
1401 1059 1611 1100 Scaligerum
1628 1059 1744 1100 vulga-

1038 1112 1107 1139 tam
1131 1108 1310 1139 lectionem
1321 1109 1395 1149 jam
1413 1109 1639 1140 exhibuerunt
1653 1109 1740 1139 Ven.

1038 1160 1132 1189 1517.
1150 1157 1231 1189 Ald.
1252 1158 1392 1189 Vascos.
1416 1157 1534 1200 Steph.
1557 1158 1689 1200 Grypli.
1707 1164 1743 1191 et

1037 1208 1104 1240 alii.
1158 1209 1243 1240 Cum
1275 1209 1338 1241 Ed.
1367 1210 1509 1241 Mediol.
1538 1211 1640 1242 etiam
1674 1211 1742 1242 Ms.

1037 1259 1134 1290 Carr.
1150 1259 1253 1289 habet
1269 1269 1309 1290 ea:
1324 1260 1452 1289 naribus
1473 1270 1498 1290 e.
1515 1270 1608 1291 unam
1623 1262 1654 1293 d.
1673 1261 1740 1294 Ms.

1037 1309 1161 1348 Scalig.
1180 1309 1300 1340 Navem
1325 1319 1364 1339 ex
1387 1309 1548 1341 ‚meatibus
1563 1321 1590 1341 e.
1606 1311 1741 1342 deducit.

1037 1358 1158 1390 Petav.
1187 1369 1227 1390 ex
1254 1359 1413 1390 naz-atibus
1441 1369 1467 1391 e.
1498 1371 1591 1392 unam
1619 1363 1742 1394 deducit

1035 1418 1155 1439 navem.
1191 1408 1238 1440 At
1261 1409 1447 1441 Leidenses
1464 1416 1498 1442 et
1515 1411 1611 1444 Voss.
1629 1412 1740 1444 palat.

1036 1459 1143 1499 Bong.
1159 1469 1198 1490 cx
1213 1460 1373 1491 navalibus
1387 1470 1490 1492 eorum
1503 1463 1637 1494 deducit.
1660 1463 1690 1493 V
1694 1464 1744 1494 ul-

1037 1510 1124 1550 gatis
1140 1511 1391 1551 adstipulantur
1404 1512 1529 1542 Lovan.
1543 1516 1579 1543 et
1595 1513 1739 1544 Dorvill.

1034 1561 1187 1602 suspicer
1200 1561 1312 1602 potius
1336 1572 1443 1593 narem
1459 1571 1477 1592 e
1497 1562 1620 1594 Glossa
1635 1563 1742 1594 intru-

1034 1620 1103 1642 sam
1132 1621 1220 1650 esse,
1249 1611 1292 1643 ob
1320 1612 1482 1643 incertam
1512 1612 1586 1653 ejus
1612 1613 1742 1651 sedem,

1034 1663 1215 1705 malimque
1239 1665 1333 1705 sequi
1358 1664 1492 1695 Carrar.
1511 1664 1595 1696 Msti
1616 1669 1652 1697 et
1676 1666 1743 1696 ve-

1034 1719 1145 1746 terum
1173 1714 1260 1746 Edd.
1290 1715 1483 1746 lectionem.
1527 1716 1628 1747 Unam
1652 1716 1743 1748 exci-

1034 1765 1121 1796 disse
1149 1764 1303 1803 videtur3
1332 1765 1410 1806 quia
1441 1766 1604 1807 scriptum
1637 1765 1741 1798 fuerit

1033 1826 1097 1857 per
1118 1822 1234 1847 notam
1250 1817 1278 1847 Ι.
1298 1817 1423 1847 Forsan
1441 1817 1537 1848 dedit
1555 1818 1684 1857 Caesar,
1698 1827 1739 1849 n·

1032 1866 1162 1897 nur-ihus
1177 1875 1281 1896 corum
1296 1876 1402 1896 navem
1418 1877 1508 1897 mmm
1525 1868 1659 1898 diducit.
1687 1869 1742 1900 ln-

1035 1917 1133 1947 terim
1150 1917 1230 1957 quia
1246 1916 1327 1946 nihil
1346 1917 1432 1947 certi
1449 1919 1618 1950 extricare
1633 1919 1741 1960 potui,

1035 1967 1208 2008 vulgatum
1223 1967 1379 1998 obtinere
1408 1968 1522 1998 sedem
1549 1978 1641 1999 suam
1666 1979 1742 2009 pas-

1033 2027 1088 2047 sus
1105 2027 1188 2048 snm.
1232 2019 1333 2048 (snam
1354 2022 1465 2049 tamen
1491 2028 1556 2048 non
1580 2019 1741 2052 delerem.

1034 2077 1090 2099 ιιι.
1116 2071 1168 2099 23.
1198 2069 1208 2085 ‘
1226 2069 1355 2105 Naves,
1385 2072 1449 2100 sc.
1483 2074 1518 2100 ct
1549 2080 1648 2101 unam
1673 2070 1744 2101 fru—

1034 2123 1149 2150 mento
1164 2126 1318 2150 onustam
1336 2119 1496 2150 abducit!

1077 2179 1126 2200 ιν.
1140 2172 1158 2200 3
1174 2170 1340 2209 Remigum
1350 2170 1423 2209 gub«
1432 2174 1646 2210 mutorumque
1657 2181 1743 2211 mag-

1033 2230 1073 2250 ua
1097 2220 1185 2260 copia
1214 2219 1408 2260 suppetebat]
1440 2220 1603 2251 Ultimam
1624 2230 1740 2253 vocem

1033 2280 1149 2301 omnes
1165 2271 1327 2302 exhibent
1349 2271 1513 2308 Codices;
1538 2281 1611 2301 eam
1629 2276 1741 2302 tamen

1034 2321 1295 2363 expungendam
1322 2321 1455 2352 censuit
1477 2322 1550 2353 sos.
1577 2322 1739 2360 Scaliger.

1033 2371 1233 2412 Perper-am.
1257 2371 1313 2403 Sic
1336 2372 1376 2402 B.
1396 2372 1434 2403 C.
1462 2380 1485 2402 1.
1509 2374 1562 2403 49.
1584 2373 1592 2388 ‘
1611 2372 1737 2411 Magna

1033 2423 1132 2463 copia
1145 2422 1261 2463 pabuli
1274 2421 1503 2462 suppetebat!
1521 2422 1576 2452 lta
1588 2428 1621 2451 et
1640 2422 1678 2452 Β.
1692 2421 1738 2452 G.

1032 2482 1058 2504 1.
1090 2476 1141 2504 16.
1191 2474 1265 2504 Nec
1296 2473 1399 2504 etiam
1428 2471 1495 2502 dici
1523 2475 1648 2510 potest,
1675 2481 1738 2511 pro

1033 2534 1125 2555 more
1154 2524 1313 2561 Caesai·i5‚
1343 2532 1446 2553 naves
1470 2520 1573 2551 fuisse
1603 2524 1740 2552 armatas

1034 2575 1198 2615 remigum
1237 2575 1571 2614 gubernatoruinque
1617 2580 1740 2611 inagna

1033 2627 1151 2666 copia;
1176 2635 1231 2656 eas
1258 2624 1347 2656 enim
1379 2625 1516 2652 armatus
1538 2630 1670 2660 semper
1685 2631 1740 2651 vo-

1032 2681 1101 2714 cat,
1128 2686 1205 2707 cum
1234 2674 1330 2713 velis,
1360 2671 1505 2707 funibus,
1543 2670 1740 2712 reliquoque

1032 2730 1200 2766 apparatu
1224 2725 1442 2755 instruantur.
1481 2719 1569 2750 Vide
1597 2720 1638 2751 R.
1655 2721 1694 2752 C.
1715 2729 1739 2751 ι.

1031 2778 1083 2806 26.
1102 2780 1136 2806 ct
1162 2774 1242 2806 alibi
1265 2772 1402 2814 passim.
1441 2770 1607 2803 Quoniam
1625 2774 1739 2804 autem
