1872 3115
355 192 445 221 mu.
481 191 532 221 ιι.
565 191 671 220 cm‘.
700 181 742 222 7.
777 192 838 220 nn
877 193 1029 223 unum
1062 194 1290 226 GAmeo.

97 285 203 315 ‹lunt.’
256 286 422 317 Sui-cedere
449 288 560 316 autem
589 288 625 314 et
653 283 797 314 subruere

96 335 232 366 Sallust.
259 336 338 376 Jug.
365 336 405 366 B.
434 344 463 365 c.
483 338 535 365 57.
560 334 569 351 ‘
588 333 656 364 Alii
683 343 797 364 sncce-

97 385 191 423 dere,
208 395 246 416 ac
263 395 391 416 murum
406 384 505 416 modo
520 383 712 423 subfodere,
728 393 796 414 mo-

98 435 140 465 ‹lo
158 436 253 466 scalis
269 434 408 475 aggredi
424 434 444 465 :'
470 434 525 465 ubi
544 434 620 465 vide
632 434 796 465 Cortium.

139 490 158 515 8
178 487 257 517 Num
271 485 614 524 tantoewmfficiebunt,
627 486 797 525 iit—esset]

97 537 178 568 Mss.
196 538 280 576 Reg.
299 537 427 568 Eliens.
445 542 481 568 et
497 537 619 577 Vossii,
633 541 667 568 et
686 537 796 568 Editt.

95 587 190 618 Vett.
205 587 214 603 ‘
232 588 330 625 Nam,
341 597 408 618 cum
425 588 795 628 tanta—conjicerent:

97 641 213 668 —erat
226 636 246 667 :’
263 637 353 678 quod
369 638 511 678 perinde
524 642 592 668 est:
605 638 682 668 dein
696 637 797 669 iidem

98 686 204 718 Codd.
224 697 319 718 unum
347 688 501 718 nuncium.
550 688 658 717 Clark.
717 688 798 718 l’er-

95 737 174 769 inde
201 748 277 769 cum
305 739 360 778 sit,
390 739 546 770 revocavi
563 749 625 779 ego
642 749 714 769 earn
732 740 798 770 lec-

96 789 234 828 tionem,
257 800 355 830 quain
372 791 481 830 video⁷
505 791 538 821 in
565 791 650 821 Mss.
668 796 796 822 extare.

97 839 226 871 Omnes
242 840 331 870 enim
348 840 411 871 mei
430 845 464 872 et
483 840 569 871 Edd.
586 840 725 880 optimae
744 841 799 871 lia-

97 888 179 920 bent
208 900 299 930 quum
333 891 526 929 conjicerent,
556 894 635 930 erut,
672 895 800 931 prirter

95 938 207 970 Oxou.
232 945 267 970 et
291 940 386 971 Leid.
409 941 507 981 prim.
529 940 561 971 in
580 941 698 981 quibus
713 951 797 971 uum-

92 998 149 1028 que
166 989 257 1030 quod
281 1000 346 1021 non
372 991 543 1031 displicet.
590 992 677 1022 Vide
694 992 797 1022 etiam

93 1039 233 1071 Hotom.
259 1041 392 1071 Brantii
408 1047 444 1072 et
460 1041 560 1072 Bruti
588 1041 698 1072 varias
714 1041 798 1072 Lec-

94 1089 216 1121 tiones.

137 1142 177 1170 12
214 1140 369 1179 Proeerat,
400 1151 488 1179 unus,
517 1143 570 1180 850.
603 1141 730 1171 nuncios
758 1142 798 1171 ad

92 1199 161 1220 eum
175 1190 290 1230 mittit]
337 1190 510 1222 Ciacconii
530 1190 730 1231 conjectura
745 1196 799 1221 est

91 1242 237 1279 preerat,
264 1249 363 1281 quam
393 1240 595 1271 confirmant
625 1240 738 1272 Oxou.
762 1246 799 1272 et

93 1289 261 1329 Egmund.
307 1290 420 1321 Ceteri
434 1291 516 1322 Mss.
531 1300 645 1322 omnes
663 1296 699 1322 et
709 1291 796 1322 Edd.

97 1340 239 1380 priores,
265 1340 346 1371 item
371 1340 462 1380 Aldi,
488 1342 629 1372 Vascos.
654 1342 798 1383 Gryphii

94 1397 185 1433 post.
206 1393 323 1433 steph.
339 1393 530 1433 proefuerat':
546 1392 623 1422 dein
650 1393 797 1423 omnium

96 1443 211 1483 etiam,
232 1443 371 1482 marku,
386 1444 517 1484 meique
533 1443 641 1474 Codd.
659 1448 694 1473 et
710 1443 798 1473 Edd.

94 1492 213 1533 primae
230 1503 334 1533 usque
346 1493 387 1523 ad
403 1492 526 1523 Aldum
539 1502 632 1522 unum
643 1493 800 1531 nuncium,

97 1542 189 1584 qnod
214 1542 294 1583 quid
321 1543 376 1581 sit,
404 1551 529 1582 capere
556 1551 622 1572 non
649 1551 797 1581 possum.

96 1592 267 1624 Gruterus
283 1592 424 1632 putabat
446 1591 540 1632 praef.
553 1601 617 1622 esse
634 1591 798 1632 scriptum

97 1651 161 1682 pro
174 1641 341 1681 praefectus
353 1644 431 1680 erat,
445 1647 480 1672 et
494 1641 637 1672 nuncium
647 1651 664 1671 e
678 1641 799 1673 Glossa

96 1700 170 1722 esse
187 1691 353 1729 additum,
370 1691 428 1722 sed
446 1691 526 1732 quid
550 1696 620 1723 tum
637 1691 697 1723 fiet
714 1701 799 1723 voce

98 1751 203 1771 unum.
259 1741 312 1772 An
329 1740 394 1771 fuit
415 1741 424 1757 ‘
441 1741 530 1772 inter
546 1751 634 1780 suos,
650 1741 707 1782 qui
724 1751 799 1772 eum

100 1793 178 1830 (pro
192 1790 273 1831 tum)
287 1790 414 1831 oppido
439 1791 681 1831 praefecerant,
696 1801 798 1822 unum

96 1849 139 1870 ex
155 1840 208 1879 iis,
224 1842 287 1871 &m
305 1845 482 1881 venerant,
496 1840 539 1871 ad
555 1850 630 1871 eum
655 1840 763 1872 mittit
776 1841 798 1871 ?'

94 1889 151 1920 vel
188 1891 315 1930 ‘quem
346 1894 417 1921 tum
429 1889 450 1920 ?’
496 1890 595 1920 Prius
622 1890 728 1931 magis
756 1890 798 1921 ad

96 1939 266 1970 Mstorum
292 1939 427 1970 accedit
450 1940 644 1971 lectionem.
689 1941 799 1971 Mittit

96 1989 284 2029 elegantius
310 1990 377 2021 dici
406 1990 586 2021 subaudito
610 1990 719 2021 nuncio
743 1991 797 2021 vel

99 2040 220 2070 nunciis
231 2051 241 2070 :
276 2049 352 2070 nam
369 2040 482 2080 plures
498 2039 603 2072 fuisse
620 2045 717 2081 patet
733 2050 752 2072 e
768 2051 798 2073 c.

98 2098 169 2130 seq.
186 2089 329 2120 vidimus
345 2089 387 2120 ad
404 2099 428 2120 1.
445 2093 498 2120 34.

143 2142 183 2171 14
209 2141 282 2171 Nisi
294 2141 465 2172 subsidium
477 2141 537 2171 sibi
553 2141 714 2183 mittatur]
755 2143 800 2173 Ii-

99 2189 178 2221 dem
223 2190 366 2222 Codices
413 2191 623 2222 submittatur.
692 2193 799 2224 Clark.

100 2239 251 2279 Simplex
269 2240 406 2270 verbum
423 2241 548 2281 legitur
564 2242 597 2271 in
613 2242 708 2273 Leid.
733 2243 800 2283 pri-

100 2298 169 2327 mo,
197 2290 322 2329 scalig.
349 2295 383 2320 ct
414 2290 526 2322 Oxon.
558 2296 594 2322 ut
620 2302 697 2333 cap.
729 2303 799 2334 seq.

99 2339 109 2355 ‘
126 2338 276 2370 subsidio
306 2339 483 2379 oppidanis
507 2341 638 2372 mittit!
684 2352 717 2372 v.
748 2345 799 2374 15.

101 2389 110 2405 ‘
129 2388 240 2420 Missis
257 2389 405 2420 subsidio
422 2390 640 2423 cohortibus.’
685 2393 801 2424 Ceteri

101 2442 174 2470 tum
201 2439 316 2470 Ursini
342 2444 378 2470 et
405 2440 550 2479 Bramii,
577 2445 647 2472 tum
673 2443 740 2473 mei
765 2448 802 2474 et

102 2488 190 2520 Edd.
218 2489 336 2529 primae
361 2490 572 2522 submittatur.
630 2492 730 2523 Quod
755 2492 803 2523 id-

101 2539 194 2571 eirco
217 2540 362 2572 restitui.
407 2540 475 2572 Adi
493 2541 610 2572 Davis.
627 2541 669 2572 ad
691 2542 731 2572 B.
756 2542 801 2574 G.

103 2598 169 2621 vu.
185 2593 237 2621 85.
262 2600 303 2621 ιι.
320 2593 373 2622 25.
391 2594 399 2608 ‘
412 2592 604 2623 Subsidium
622 2592 712 2633 quod
727 2592 802 2624 sub-

104 2639 195 2670 mitti
221 2640 359 2680 posset!
401 2650 452 2673 lv.
481 2644 533 2673 26.
558 2643 627 2673 ‘iis
654 2642 804 2674 subsidia

103 2688 348 2722 submittebat:
371 2692 392 2722 Ι.
405 2701 440 2723 v.
457 2692 518 2724 inf.
534 2694 544 2710 ‘
562 2693 734 2725 submittit
750 2703 804 2724 co-

104 2738 218 2771 hoetes
232 2741 400 2781 equitibus
415 2742 586 2776 subsidio:
625 2744 669 2776 B.
685 2744 758 2775 Civ.
776 2753 801 2776 ι.

191 2792 304 2834 ΒεΙρΙι.
318 2797 350 2825 et
370 2795 444 2827 Vur.
462 2796 545 2828 Clas.

777 2798 884 2830 Caesur

1464 186 1547 228 977

847 289 899 318 -13,
938 287 946 304 ‘
974 287 1146 319 submissis
1191 287 1373 319 subsidiis)
1433 298 1464 320 c.
1497 292 1550 321 115.

847 337 855 353 ‘
873 337 1021 368 subsidia
1047 349 1065 369 a
1090 339 1253 369 lateribus
1274 338 1448 370 submitti)
1492 349 1549 370 ιιι.

846 390 898 417 62.
944 388 953 403 ‘
981 389 1137 420 cohortes
1174 390 1323 420 subsidio
1371 389 1548 421 submisit!

848 436 974 467 Forsan
991 438 1051 468 sibi
1067 439 1120 469 liic
1135 449 1222 480 quoq
1230 450 1270 471 ue
1283 440 1464 471 delendum
1485 444 1550 480 est,

849 496 910 526 per
934 496 968 516 se
994 487 1076 517 satis
1102 488 1447 529 subintelligendum:
1486 500 1552 521 sese

848 536 949 566 etiam
985 538 1143 577 rescripsi
1184 549 1246 578 pro
1279 550 1321 578 se,
1355 540 1551 571 auctoribus

848 586 979 617 cunctis
996 588 1080 618 Mss.
1099 592 1136 618 et
1151 589 1239 619 Edd.
1259 590 1443 631 plerisque.

891 645 956 667 vn.
974 640 994 667 0
1018 638 1172 679 Decessit]
1218 639 1258 669 In
1274 640 1376 670 editis
1399 641 1551 672 discessit.

849 687 920 718 Nos
945 692 1059 718 auten]
1080 689 1250 729 sequimur
1263 690 1495 730 conjecturam
1517 691 1552 724 J.

850 739 886 770 F.
905 738 1082 779 Gronovii,
1101 749 1200 780 quem
1216 739 1293 771 vide
1319 739 1361 770 ad
1390 740 1477 771 Livii
1502 750 1551 771 ιν.

849 791 879 819 3.
926 789 1037 820 Dacis.
1093 790 1264 831 Davisius,
1291 800 1332 820 ex
1357 791 1554 831 conjectura

850 839 1025 878 Gronovii,
1045 840 1163 871 scribit
1183 842 1323 872 decessit.
1369 842 1453 874 Quae
1472 843 1555 872 Lec-

851 888 896 919 tio
913 893 948 920 et
965 889 998 919 in
1014 890 1123 920 Vossii
1140 891 1206 922 Ms.
1223 891 1402 931 reperitur.
1444 892 1552 923 Clark.

848 938 897 970 At
926 939 1118 980 refragatur
1149 942 1321 973 Gronovio
1346 947 1382 973 et
1411 942 1553 974 Davisio

850 988 899 1020 Cl.
919 990 1055 1021 Cortius
1072 991 1114 1021 ad
1139 992 1278 1023 Sallust.
1296 992 1336 1022 B.
1354 992 1435 1033 Jug.
1454 1002 1482 1023 e.
1498 996 1551 1023 41.

848 1039 906 1070 ubi
923 1040 979 1071 ille
995 1045 1030 1072 et
1047 1041 1099 1072 Cl.
1114 1042 1264 1073 Wassius
1281 1043 1417 1082 docent,
1441 1044 1551 1074 Mstos

848 1094 1045 1121 constanter
1067 1092 1216 1123 retinere
1235 1092 1374 1130 formido
1399 1093 1554 1125 mentibus

847 1139 998 1170 discessit.
1055 1141 1100 1172 Et
1123 1146 1217 1172 certe
1232 1142 1286 1172 hic
1304 1152 1440 1183 quoque
1464 1144 1550 1174 Mss.

848 1199 965 1220 omnes
983 1195 1120 1222 servant
1137 1191 1298 1228 discessit;
1330 1193 1394 1223 nisi
1412 1194 1501 1234 quod
1517 1194 1552 1224 in

848 1239 1081 1271 recentissimo
1111 1241 1209 1272 Voss.
1246 1242 1349 1273 tertio
1391 1247 1553 1274 exaretur

847 1289 1002 1320 descessit.
1054 1291 1181 1322 Verum
1208 1302 1285 1323 cum
1311 1293 1363 1323 hae
1392 1294 1554 1334 praeposi·

849 1339 959 1370 tiones
990 1346 1158 1381 perpetuo
1185 1343 1218 1373 in
1250 1344 1448 1383 compositis
1475 1353 1554 1375 con·

848 1388 1048 1430 fundantur,
1066 1392 1145 1422 mihi
1164 1393 1270 1433 magis
1285 1393 1398 1432 placet
1413 1394 1554 1424 decessit.

849 1438 946 1470 Idem
962 1440 1100 1471 Sallust.
1115 1442 1195 1482 Jng.
1214 1452 1243 1472 c.
1260 1445 1312 1472 88.
1339 1443 1347 1458 ‘
1366 1442 1553 1483 Postquam

849 1489 976 1520 invidia
999 1490 1220 1522 decesserat.’
1267 1492 1442 1524 Quomodo
1472 1493 1554 1524 Mss.

849 1540 918 1570 illic
947 1541 1071 1572 habere
1103 1541 1205 1572 docet
1241 1542 1388 1573 Coi-tius.
1455 1543 1554 1575 Curt-

849 1598 929 1621 v111.
947 1593 976 1620 1.
1001 1591 1010 1607 ‘
1029 1595 1208 1631 postquam
1234 1592 1285 1622 ira
1310 1596 1424 1623 mente
1441 1592 1556 1624 deces-

849 1639 963 1670 serat.'
999 1639 1100 1671 Adde
1114 1641 1188 1672 Cel.
1200 1641 1317 1672 Burm-
1331 1642 1373 1673 ad
1388 1642 1552 1674 Quinctil.

847 1689 1005 1720 Declam.
1029 1699 1078 1722 VI.
1094 1693 1126 1721 6.
1150 1692 1159 1707 ‘
1178 1696 1356 1732 postquam
1381 1692 1446 1722 mei
1471 1701 1554 1723 cura

849 1739 1053 1771 discesserat
1067 1739 1088 1770 ι’
1118 1745 1154 1771 et
1182 1751 1257 1781 quae
1273 1751 1333 1771 nos
1349 1741 1552 1773 adduximus

848 1788 891 1818 ad
909 1789 1034 1821 Lucan.
1052 1799 1099 1821 [v.
1113 1793 1186 1821 284.
1211 1792 1219 1807 ‘
1239 1791 1397 1822 Recessit
1413 1791 1462 1822 ira
1474 1792 1554 1822 Vel-

847 1837 925 1868 leio'
957 1847 997 1870 11.
1020 1842 1074 1870 62.
1100 1839 1159 1870 sed
1195 1844 1232 1871 et
1265 1840 1331 1871 illic
1356 1841 1407 1872 Cl.
1434 1842 1554 1873 Burm.

849 1889 999 1929 conjecit
1021 1890 1159 1920 decessit.
1216 1889 1312 1921 Nihil
1338 1900 1403 1931 ego
1431 1891 1555 1922 adhuc-

849 1938 926 1969 dum
944 1939 1091 1971 defiuio:
1127 1950 1230 1981 quare
1257 1941 1461 1972 auctoritate
1485 1942 1555 1972 Ms-

850 1994 960 2020 torum
986 1994 1097 2020 motus
1127 1990 1278 2030 discessit,
1310 1991 1399 2032 quod
1424 1996 1554 2022 temere

848 2039 945 2069 nimis
961 2049 980 2070 e
997 2040 1163 2071 Gronovii
1185 2040 1387 2080 conjectura
1402 2041 1554 2082 ejecerat

849 2090 1022 2130 Davisius,
1050 2091 1196 2130 reposui.
1262 2091 1365 2122 Plura
1394 2093 1555 2133 exempla

850 2150 911 2181 pro
937 2142 1081 2172 decedere
1105 2140 1218 2172 adfert
1249 2141 1365 2172 Celeb.
1394 2142 1554 2173 Draken-

849 2191 999 2231 burgius,
1013 2196 1051 2222 ut
1062 2201 1171 2231 nuper
1187 2192 1396 2232 deprehendi
1409 2192 1451 2223 ad
1468 2193 1556 2224 Livii

850 2242 962 2272 locum
994 2241 1201 2279 indicatu1n;
1240 2242 1298 2273 ubi
1325 2243 1426 2283 vulgo
1455 2248 1491 2275 et
1519 2244 1554 2274 in

850 2293 949 2331 Mss.‚
964 2293 1013 2324 hae
1026 2293 1250 2323 sollicitudines
1264 2293 1439 2324 discessere.
1483 2293 1554 2325 Ad-

851 2341 892 2372 de
909 2343 1002 2374 Cort.
1018 2343 1059 2374 ad
1075 2343 1162 2374 Plin.
1180 2344 1245 2383 Ep.
1262 2352 1310 2374 v1.
1328 2347 1380 2374 20.

894 2395 914 2423 8
946 2393 1014 2428 Quo
1040 2394 1127 2424 adire
1148 2394 1309 2434 poterant]
1356 2395 1403 2425 Ut
1420 2404 1483 2426 vu.
1501 2398 1553 2426 14.

851 2444 860 2460 ‘
878 2445 980 2475 Vicos
1007 2449 1108 2485 atque
1135 2444 1278 2476 aedific'ia
1299 2445 1436 2477 incendi
1460 2456 1556 2486 opor-

852 2499 926 2526 tere
956 2495 1020 2526 hoc
1045 2496 1154 2536 spatio
1179 2506 1314 2537 quoquo
1339 2507 1464 2537 versus,
1488 2506 1553 2537 quo

851 2545 946 2576 adire
973 2546 1155 2586 poterant.'
1214 2547 1301 2578 Edd.
1328 2549 1425 2578 Rom.
1459 2547 1554 2578 Med.

851 2595 939 2625 Ven.
952 2605 1030 2635 quae.
1054 2597 1181 2628 Lovan.
1194 2598 1289 2628 Carr.
1302 2602 1338 2628 et
1349 2600 1379 2628 6.
1397 2597 1453 2627 alii
1469 2599 1554 2637 quot.

852 2643 901 2675 At
916 2646 1079 2687 Bougars.
1093 2647 1191 2688 prim.
1209 2658 1276 2679 sec.
1287 2648 1439 2679 Vossian.
1454 2647 1553 2687 prim.

854 2695 974 2727 Petav.
1000 2697 1168 2737 Egmund.
1193 2697 1289 2729 Leid.
1316 2702 1397 2729 tert.
1426 2702 1463 2729 et
1487 2698 1554 2730 Ed.

853 2744 992 2777 Incerta
1006 2757 1089 2786 quos.
1127 2747 1250 2785 Recte,
1262 2748 1297 2778 ni
1313 2747 1422 2779 fallor.
1455 2748 1554 2780 Adire

1392 2802 1466 2836 30
