1818 3131
347 188 438 216 mn.
475 188 515 216 v.
547 178 654 215 cAr.
683 175 755 215 25.
791 186 852 213 nu
889 186 1041 215 iii-:mo
1072 185 1300 217 cAmeo.

103 280 216 311 Primo
241 288 302 320 pro
322 280 403 311 hunc
417 278 540 310 liabent
560 278 645 308 Edd.
677 277 799 308 Roma-

101 340 156 366 ua,
186 329 326 360 Medion.
356 329 441 360 Ven.
468 338 558 359 nunc.
623 328 710 358 Dein
739 327 797 357 ini-

101 380 190 410 micis
204 380 273 418 jem
299 380 402 411 multi:
424 380 526 419 palam
553 379 655 409 etiam
681 384 734 409 est
765 379 797 408 iu

104 430 221 461 Petav.
246 428 367 469 scalig.
398 429 538 469 aliisque
569 438 668 469 quam
695 428 798 469 pluri-

103 478 176 516 mis,
200 483 236 509 et
263 477 326 509 Ed.
354 477 426 508 lnc.
465 479 550 508 Nam
581 478 674 509 Leid.
701 479 799 518 prim,

103 528 260 566 secunda,
288 527 399 558 Oxou.
437 527 550 558 Palat.
580 528 687 568 Bong.
718 532 797 558 tert.

103 584 138 610 et
154 578 248 609 Vos&
265 582 342 608 tert.
363 577 489 608 habent
510 577 646 608 Inimici.
693 578 799 608 Etiam

103 626 198 658 abest
212 626 253 657 ab
267 627 378 657 Oxon.
392 627 471 657 dein
487 631 516 658 et
532 628 570 657 iis
588 629 639 658 vel
657 629 705 658 his
715 631 797 658 auct.

103 682 158 709 est
168 677 200 708 in
212 678 295 709 Mss.
309 678 476 718 plerisque
490 682 525 709 et
541 678 601 710 Ed.
616 678 686 710 Ine.
702 689 741 709 ex
752 679 800 709 his

103 727 198 759 Leid.
215 737 283 758 sec.
298 728 402 758 multis
415 737 445 760 m
470 728 580 760 Palat.
605 728 645 759 iis
662 739 693 758 α.
713 728 798 758 Edd.

104 779 200 809 Rom.
220 777 313 808 Med.
339 778 425 808 Ven.
450 787 519 808 eum
544 777 650 814 interf.
670 777 800 808 addunt

102 828 231 859 eaedem
242 827 328 859 Edd.
343 834 378 858 et
391 832 516 868 praeter
527 828 650 858 citatos
664 837 683 857 a
700 827 801 858 Davi-

103 879 153 909 sio
172 878 255 909 Mss.
273 878 374 908 etiam
388 882 466 908 octo
479 887 640 909 meorum.
663 877 729 908 Sed
746 887 800 907 ne·

105 937 170 968 que
185 937 224 958 ex
239 927 279 957 iis
293 936 403 967 neque
420 937 486 957 eum
502 932 687 967 agnoscunt
704 927 800 958 Leid.

103 987 152 1019 pr.
165 978 250 1009 Scal.
261 987 370 1018 neque
381 978 448 1009 Ox.
473 979 586 1009 Nihilo
599 979 706 1009 minus
722 983 802 1018 pulo

108 1027 354 1058 restituendum
371 1037 446 1058 esse
475 1028 585 1058 locum
602 1029 665 1059 lioc
682 1028 800 1058 modo:

105 1080 114 1094 ⁴
131 1077 282 1108 Tertium
305 1077 378 1117 jam
405 1077 493 1107 hunc
516 1086 638 1107 annum
664 1086 804 1117 regnan-

109 1132 179 1158 tem
191 1127 332 1166 inimici,
347 1127 488 1166 sedjam
505 1126 620 1157 multis
637 1127 747 1167 palam
763 1136 804 1157 ex

108 1177 251 1208 civitate
266 1176 355 1206 necis
369 1175 573 1214 auctoribus,
600 1185 674 1206 eum
702 1176 804 1206 inter-

107 1225 284 1258 fecerunt!
320 1226 372 1256 Ex
387 1225 508 1256 inimici
522 1227 587 1264 sed,
602 1226 656 1256 vel
665 1226 718 1256 sod
724 1226 806 1265 jam,

109 1281 306 1317 corruptum
323 1282 375 1307 est
389 1275 524 1306 inimicis
538 1275 644 1306 etiam.
691 1276 742 1306 Ex
757 1284 806 1305 ne-

107 1329 153 1359 cis
175 1328 322 1367 aelapsa
337 1326 464 1357 restitit
477 1329 505 1356 et
524 1325 565 1355 iis
584 1325 681 1356 velet
695 1325 744 1360 is‚·
767 1330 806 1355 ut

109 1384 162 1409 est
184 1379 218 1409 in
233 1377 396 1408 Vossiano
419 1376 537 1416 primo.
583 1375 705 1405 Placet
727 1374 805 1404 mihi

109 1429 189 1459 hamc
212 1433 248 1459 et
273 1437 341 1458 cum
364 1426 463 1457 simul
489 1425 650 1463 scribere,
677 1433 744 1454 non
768 1429 806 1454 ut

110 1489 177 1510 eum
208 1488 271 1518 per
310 1477 541 1518 pleonasmum
579 1474 741 1513 abundet,
771 1480 807 1505 et

111 1530 191 1560 hunc
227 1527 352 1559 referas
389 1526 432 1557 ad
467 1525 674 1565 Tasgetium,
724 1524 807 1555 licet

112 1579 214 1611 sciam
231 1577 416 1618 saepissime
440 1576 521 1606 illud
549 1584 732 1615 pronomen
761 1576 809 1606 ita

112 1629 203 1661 addi.
247 1628 337 1659 Vide
362 1627 484 1658 citatos
510 1625 552 1656 ad
568 1633 647 1656 vm.
664 1627 694 1655 3.
740 1625 808 1656 Sed

108 1681 217 1722 jungo
232 1679 311 1709 hur-c
322 1687 435 1708 annum
446 1679 572 1706 tertmm
583 1687 593 1706 .·
617 1674 706 1716 quod
719 1674 809 1705 vide—

115 1734 171 1760 tur
187 1728 330 1759 sensisse
347 1726 448 1757 etiam
466 1726 508 1756 R.
524 1725 728 1765 Stephanus,
753 1725 809 1765 qui

114 1778 224 1810 edidit
241 1778 379 1808 Tertium
403 1776 480 1806 hunc
497 1776 576 1813 jam.
620 1775 685 1805 Sed
713 1775 811 1805 libra-

115 1828 182 1859 rius
194 1828 274 1858 hunc
282 1827 324 1857 ad
336 1825 533 1867 Tasgetium
545 1823 695 1855 referens
708 1825 811 1865 ejecit

115 1888 202 1915 eum,·
225 1877 312 1909 unde
329 1876 364 1908 id
387 1877 421 1906 iu
436 1875 605 1906 nonnullis
627 1874 811 1906 (lodicibus

117 1939 181 1961 non
201 1928 366 1969 adparet:
391 1926 440 1958 uti
457 1930 546 1957 recte
563 1930 681 1956 censet
708 1924 810 1955 Erud.

117 1979 290 2020 Wopkens
306 1978 396 2009 Tull.
415 1978 512 2008 Lect.
529 1985 583 2007 111.
598 1978 630 2007 4.
675 1975 743 2006 Alii
757 1984 811 2005 ve-

120 2039 158 2061 ro
195 2029 274 2060 hunc
310 2033 346 2058 et
371 2037 439 2058 eum
468 2036 533 2056 non
564 2025 812 2066 concoquentes

117 2089 197 2111 nunc
223 2078 484 2115 substituerunt,
509 2086 576 2106 nou
601 2075 687 2106 adeo
714 2075 813 2112 male,

111 2129 180 2168 jam
202 2139 306 2165 nuum
328 2137 403 2168 quae
430 2127 531 2157 etiam
559 2125 739 2166 particulae
764 2125 814 2155 ita

120 2188 211 2219 saepe
230 2179 429 2218 junguntur.
480 2176 574 2206 Hunc
603 2175 646 2205 ob
675 2184 814 2205 consen-

122 2238 195 2259 sum
222 2234 333 2259 tamen
358 2226 515 2258 codicum
542 2230 693 2266 praestat.
735 2225 816 2255 Sen-

122 2287 176 2309 sus
207 2282 270 2316 est,
292 2277 364 2317 jam
393 2276 434 2307 ab
463 2285 503 2307 eo
533 2280 686 2315 tempore
712 2273 815 2305 fuisse

121 2328 210 2359 hunc
233 2335 355 2357 annum
383 2325 530 2365 tertium,
555 2334 621 2366 quo
647 2329 814 2364 regnaret.

122 2379 200 2410 Hoc
214 2378 302 2409 enim
326 2385 524 2417 pronomen,
553 2374 698 2415 tempori
724 2374 817 2404 addi-

124 2435 207 2470 tum,
241 2428 389 2471 proxime
428 2425 621 2467 praecedens
648 2429 683 2454 ct
713 2423 818 2454 conti-

123 2488 225 2512 nuum
242 2484 375 2518 tempus
400 2480 510 2507 notat.
554 2474 642 2504 Vide
664 2483 747 2513 quos
772 2472 819 2503 ibi

123 2529 273 2562 laudavit
289 2529 339 2559 vir
362 2527 493 2564 doctus,
522 2531 556 2555 et
581 2525 632 2556 Cl.
660 2524 753 2555 Cort.
777 2522 819 2552 ad

125 2581 260 2612 Sallust.
276 2580 316 2610 B.
333 2578 411 2618 Jug.
428 2586 478 2608 xr.
495 2578 527 2606 6.
553 2576 562 2592 ‘
582 2574 644 2605 His
659 2572 820 2614 proximis

128 2630 222 2661 amris
235 2630 255 2660 :’
271 2635 306 2661 et
318 2629 359 2660 ad
374 2630 462 2662 ss.c.
480 2639 504 2661 1.
520 2633 552 2660 5.
565 2629 574 2644 ‘
586 2628 701 2668 lisque
716 2637 738 2657 v
756 2626 820 2667 pri-

129 2686 202 2712 mus
222 2680 362 2712 diebus:
404 2681 456 2711 Ex
485 2680 567 2710 Mss.
594 2680 710 2719 itaque
732 2678 819 2708 hunc

127 2732 239 2763 locum
254 2731 423 2772 constitui,
440 2740 505 2762 non
521 2739 619 2762 ausus
637 2734 752 2761 tamen
768 2729 821 2759 sed

1430 175 1541 215 1108

847 285 881 309 et
899 281 990 319 necis,
1018 282 1069 312 vel
1098 281 1125 310 si
1151 280 1182 311 id
1206 280 1540 319 n1avis‚'cae‹1izin÷e-

849 338 936 358 iere.

891 381 910 408 8
937 379 987 408 Ad
1001 380 1102 417 plures
1125 390 1173 410 res
1191 379 1379 420 pertinebat]
1405 380 1540 411 Nullam

848 437 999 458 caussam
1024 429 1146 467 title-03
1168 440 1228 460 cur
1258 431 1310 460 liic
1341 430 1542 461 retineamus

849 477 930 507 illud
947 487 1007 516 res,
1029 479 1245 517 praecedente
1260 491 1293 509 eu
1318 490 1375 519 res,
1400 485 1434 510 et
1451 480 1542 511 nullo

850 528 980 566 codice,
1009 529 1130 558 saltem
1161 539 1322 565 meorum,
1358 540 1419 560 nec
1447 532 1542 561 (jarr.

850 587 912 608 nec
934 578 995 608 Ed.
1020 578 1157 609 Incerta
1180 589 1252 608 eain
1270 589 1385 609 vocem
1407 580 1460 610 liic
1488 589 1544 619 ag-

848 633 1031 665 noscente;
1059 638 1258 668 quamquam
1297 629 1396 659 alicui
1435 629 1544 660 videri

850 683 964 718 posset
1001 678 1167 708 excidisse
1214 679 1257 708 ob
1295 678 1547 717 praecedentem

849 727 1010 768 syllabam
1028 727 1120 757 vocis
1131 728 1246 767 plures·
1281 727 1347 758 Sed
1364 737 1427 766 ego
1445 729 1545 758 Mstis

851 777 972 808 cedere
1004 778 1127 808 malim.
1182 778 1305 808 Statim
1337 786 1398 817 pro
1427 778 1549 816 inpulsu

851 829 987 859 Carras.
1012 834 1047 858 et
1070 827 1286 858 Dukerianus
1303 836 1378 857 cum
1400 826 1548 857 Aicardo

851 878 977 909 habeut
992 878 1178 918 inpulsione:
1203 877 1293 918 quod
1320 875 1483 916 praeferre
1500 876 1548 906 vi-

852 929 952 959 detur
979 929 1126 959 Brutus:
1167 932 1204 958 ut
1229 927 1461 957 contemtionem
1488 936 1548 966 pro

852 982 1015 1009 contemtu.
1075 979 1203 1008 Verum
1240 985 1355 1007 eorum
1393 975 1550 1006 codicum

853 1029 1037 1059 auctoritas
1053 1027 1134 1058 mihi
1150 1026 1236 1057 tanti
1252 1035 1318 1056 non
1335 1030 1398 1063 est,
1420 1030 1456 1055 ut
1472 1025 1548 1055 ideo

855 1088 873 1108 a
889 1078 1033 1118 vulgatis
1049 1077 1205 1108 recedam
1223 1080 1258 1106 et
1278 1075 1430 1105 sollemni
1455 1074 1550 1114 quasi

853 1128 1012 1165 formula,
1023 1137 1099 1164 meo,
1114 1129 1177 1161 tuo,
1192 1128 1256 1156 &c.
1280 1125 1411 1165 inpulsu.
1456 1124 1551 1154 Prae-

856 1183 952 1208 terea
989 1177 1130 1218 inpense
1155 1181 1246 1207 amat
1275 1176 1391 1206 Caesar
1421 1179 1552 1216 quartae

856 1227 1094 1258 declinationis
1109 1227 1252 1257 nomina.
1269 1236 1299 1256 c.
1317 1228 1369 1256 27.
1386 1225 1490 1264 missu,
1504 1234 1551 1255 co-

855 1280 946 1308 actu:
971 1276 1027 1307 ubi
1043 1276 1119 1307 vide
1134 1276 1254 1307 Brant.

899 1331 919 1358 9
943 1328 1021 1358 Cum
1037 1326 1170 1367 legione]
1193 1326 1304 1357 Oxou.
1323 1325 1398 1356 culti
1413 1324 1552 1364 legione:

856 1379 945 1409 nude
961 1378 1197 1418 suspicabatur
1211 1377 1262 1409 Cl.
1279 1377 1410 1415 Wasse,
1431 1385 1472 1406 an
1489 1385 1555 1406 non

857 1428 997 1468 legionis
1010 1437 1168 1458 numerus
1179 1427 1238 1458 sub
1251 1437 1291 1458 eo
1301 1428 1441 1458 lateret:
1457 1435 1555 1465 quam

858 1478 1083 1518 suspicionem
1102 1487 1225 1517 augere
1250 1480 1365 1516 potest
1386 1475 1557 1515 scriptura

859 1527 986 1568 codicis
1003 1526 1225 1567 Bongarsiani
1243 1525 1342 1565 primi
1354 1535 1420 1555 cum
1434 1524 1557 1563 religio-

1488 1573 1554 1604 Sed

861 1636 958 1667 quam
975 1627 1006 1657 ei
1021 1626 1186 1666 legionem
1203 1625 1352 1664 dederit,
1364 1634 1466 1665 supra
1479 1634 1558 1665 quo·

861 1687 926 1717 que
943 1687 1009 1707 non
1026 1676 1132 1715 addit,
1145 1686 1174 1707 c.
1191 1678 1242 1706 24.

905 1729 944 1757 12
966 1727 1097 1766 chatis
1108 1725 1378 1766 qnaestoribusque]
1405 1725 1557 1757 Doctiss.

863 1776 1061 1807 ciacconius
1091 1777 1155 1815 legi
1171 1776 1306 1806 volebat
1332 1778 1560 1815 quatumque,-

863 1826 1029 1866 quomodo
1060 1826 1106 1856 ait
1132 1826 1234 1856 scribi
1261 1826 1294 1855 in
1321 1825 1449 1855 duobus
1473 1825 1558 1855 Mss.

862 1875 1062 1907 Codicibus:
1087 1876 1165 1916 quia
1195 1876 1226 1905 in
1258 1875 1398 1915 singulis
1426 1874 1560 1916 provin-

863 1927 923 1957 ciis
939 1935 1024 1957 unus
1042 1931 1172 1956 tantum
1188 1930 1262 1956 erat
1277 1928 1421 1964 quaestor.
1467 1924 1560 1955 Hinc

863 1977 997 2018 quidem
1013 1978 1136 2008 multos
1153 1978 1283 2016 legatos
1299 1976 1418 2007 habuit
1434 1976 1562 2015 Caesar,

864 2027 923 2057 sed
939 2037 1039 2058 unum
1055 2031 1247 2066 quaestorem,
1265 2028 1319 2068 qui
1336 2035 1356 2057 a
1371 2027 1509 2067 populo,
1522 2031 1560 2056 ut

859 1586 915 1607 uc.-
954 1576 1047 1617 quasi
1078 1575 1198 1607 fuisset
1224 1585 1294 1605 cum
1322 1583 1359 1604 vr
1383 1575 1442 1613 leg.

864 2077 961 2116 legati
977 2077 1019 2107 ab
1045 2077 1263 2116 imperatore,
1289 2075 1502 2116 legebantur.
1536 2084 1563 2106 1.

864 2130 916 2157 51.
935 2130 943 2144 ‘
962 2127 1100 2168 singulis
1124 2126 1314 2167 legionibus
1341 2126 1491 2165 singulos
1514 2126 1561 2156 le-

865 2182 961 2217 gatos
991 2181 1025 2207 et
1056 2182 1260 2217 quaestorem
1285 2174 1439 2215 praefecit
1453 2174 1472 2205 2'
1503 2175 1561 2205 ubi

866 2227 962 2267 plura
977 2227 1134 2258 Ciaccou.
1150 2235 1197 2256 tv.
1215 2228 1266 2257 31.
1289 2227 1297 2241 ‘
1315 2225 1463 2256 Consilio
1485 2234 1561 2255 cum

865 2277 986 2316 legatis
1021 2282 1057 2307 et
1093 2281 1260 2317 quaestore
1294 2274 1563 2306 communicato!

867 2327 950 2367 Cap.
967 2336 1071 2367 praec.
1088 2327 1210 2357 multos
1225 2326 1353 2365 legatos,
1375 2324 1434 2355 sed
1460 2334 1562 2355 unum

866 2380 1044 2416 quaeseorem
1060 2376 1216 2407 Crassum
1233 2375 1383 2405 nominat
1397 2385 1405 2404 ε
1428 2379 1464 2404 et
1481 2373 1563 2404 alibi

867 2427 1000 2466 saepius.
1046 2426 1092 2456 At
1109 2427 1142 2456 in
1159 2426 1242 2456 Mss.
1260 2424 1410 2465 plurimis
1425 2430 1459 2454 et
1473 2422 1563 2455 Edd.

867 2477 963 2507 Vett.
988 2477 1089 2507 etiam
1106 2477 1248 2507 Roscius
1266 2480 1406 2506 vocatur
1430 2477 1563 2514 quoestor

869 2535 898 2556 c.
909 2528 961 2556 53.
979 2525 1039 2556 sed
1053 2526 1100 2557 ibi
1117 2526 1205 2556 vide.
1222 2526 1305 2556 Mss.
1317 2530 1430 2556 tamen
1445 2523 1511 2554 mei
1527 2526 1563 2552 et

868 2575 1007 2607 aliorum
1023 2581 1220 2607 constanter
1231 2576 1395 2606 exhibent
1407 2573 1564 2615 quaestori-

869 2628 936 2667 bus,
962 2628 1024 2658 nisi
1040 2627 1130 2669 quod
1157 2628 1190 2658 in
1208 2627 1303 2658 Vos«.
1327 2625 1473 2656 secundo
1496 2631 1564 2659 non

870 2682 1066 2717 compareat
1080 2686 1147 2716 que.
1192 2674 1282 2707 Quid
1298 2683 1377 2714 ergo
1393 2671 1583 2703 dicemus?-

870 2731 1106 2768 corruptunme
1136 2735 1210 2756 esse
1236 2724 1366 2755 locum?
1389 2722 1438 2753 sic
1467 2725 1563 2753 certe
