1818 3131
331 206 423 235 uin.
459 205 521 234 vi.
553 202 657 233 οΛΡ.
680 192 748 232 14.
780 202 844 232 Du
879 204 1032 235 annuo
1064 204 1291 236 oAumco.

87 299 143 339 qui
159 297 264 329 fortes
281 299 405 329 animas
421 297 576 339 belloque
598 301 780 337 peremtas,

89 348 256 380 Laudibus
273 349 305 378 in
322 349 465 389 longum,
488 351 593 384 vates,
609 346 779 377 dimittitis

86 408 207 437 aevum,
222 398 373 428 Plurima
389 397 499 429 securi
514 396 647 427 fudistis
660 398 778 428 carmi-

87 458 129 479 na
140 448 270 479 Bardi!
315 448 379 479 Ubi
397 452 490 478 vates
505 457 638 488 quoque
661 448 778 488 appel-

85 499 132 529 lat
148 508 215 537 eos,
239 498 272 529 id
299 502 363 537 est,
384 496 523 534 ποιητάς.
569 498 777 529 Druidarum

76 548 325 589 philosophiam
354 552 533 588 spectant,
552 558 627 590 quae
664 550 777 580 Caesar

81 602 243 630 memorat
280 598 323 629 de
357 598 552 630 atter-nitate
578 600 776 638 animarum,

81 649 224 690 aliaque,
262 658 336 690 quoe
364 650 506 688 ethica3
543 660 620 682 nam
642 651 775 691 talibus,

79 699 188 740 inquit
215 699 340 739 Caesar,
364 701 516 732 homines
547 702 556 719 ⁴
573 703 718 734 maxime
733 703 775 734 ad

75 748 239 781 <virtutem
255 750 545 792 excitariputant,
573 757 665 784 metu
690 762 774 784 mor-

80 798 121 830 tis
135 799 316 840 neglecto.’
363 801 495 834 Vossius,

120 855 142 883 9
181 852 301 884 Groecis
332 854 433 886 literis
460 856 603 896 utantur]
646 857 774 888 Vocem

80 902 202 933 Groecis
226 912 291 934 non
319 904 390 936 sine
412 914 529 937 caussa
555 907 691 938 videtur
718 907 775 948 eji-

72 961 156 983 >cere
178 954 424 987 Hotomannus.
468 957 597 988 Tamen
632 958 774 989 retinuit

77 1004 242 1035 Graecus:
282 1015 343 1046 ego
377 1006 599 1039 adulterinam
637 1017 773 1046 censeo,

76 1057 135 1085 aut
155 1054 181 1085 si
207 1054 261 1086 cui
285 1056 446 1088 audacius
472 1058 506 1089 id
535 1058 681 1099 videtur,
707 1068 773 1089 non

75 1110 204 1137 temere
235 1105 492 1139 admittendam.
524 1109 656 1141 Vossius.
699 1110 773 1142 Jos.

76 1156 227 1196 Scaliger
252 1156 360 1196 Epist.
382 1166 457 1188 ΧΠ.
503 1159 558 1190 Fr.
583 1159 772 1190 Hotoman-

76 1214 138 1236 nus
156 1209 192 1236 et
215 1206 353 1238 Vossius
375 1207 517 1248 primam
543 1219 662 1241 vocem
693 1219 771 1241 cen-

76 1260 152 1288 sent
174 1256 408 1290 inducendam.
452 1259 541 1291 Rob.
567 1260 680 1292 Titius
706 1262 770 1293 loc.

75 1306 236 1338 Coutrov.
271 1308 293 1339 l.
321 1317 371 1340 xv.
398 1310 534 1349 reponit
559 1311 660 1351 caecis,
684 1311 771 1343 Sam.

75 1359 188 1387 autem
226 1357 361 1389 Petitus
399 1358 484 1391 Obs.
523 1369 547 1391 1.
583 1363 614 1391 7.
651 1361 772 1401 crassis,

75 1405 176 1436 rudes
191 1405 396 1447 intelligens,
413 1418 487 1448 quae
513 1409 711 1440 Graecarum
736 1414 772 1441 et

75 1456 300 1488 Romanarum
314 1458 519 1499 elegantiam
536 1469 601 1491 non
617 1460 771 1502 adaequa-

75 1505 169 1537 bant.
212 1507 280 1538 Sed
312 1518 387 1539 cum
418 1519 532 1540 omnes
559 1509 636 1541 libri
658 1512 771 1551 vulga-

73 1562 144 1587 tam
174 1557 355 1589 lectionem
383 1559 577 1599 exhibeant,
602 1561 681 1591 mihi
704 1571 772 1592 om-

73 1606 155 1638 nino
185 1607 320 1639 videtur
351 1610 541 1641 retinenda.
587 1610 770 1642 Massiliam

73 1655 236 1688 coloniam
264 1658 480 1690 deduxerunt
510 1660 653 1692 Asiatici
682 1661 771 1693 Pho-

72 1716 231 1746 caeenses,
259 1709 382 1740 Graeco
409 1720 564 1742 sermone
596 1711 668 1742 usi:
702 1712 712 1729 ‘
729 1712 770 1743 ab

70 1755 121 1787 his
137 1760 241 1788 autem
263 1758 355 1790 Galli
379 1770 474 1791 usum
501 1760 580 1792 vitae
607 1761 771 1801 cultioris,

72 1806 228 1848 deposita
250 1813 286 1840 et
314 1810 544 1842 mansuefacta
572 1811 770 1842 barbaria—

71 1857 289 1898 didicerunt,'
311 1864 349 1890 ut
370 1859 475 1891 tradit
489 1860 647 1893 Justinus
662 1868 768 1892 xmn.

70 1909 103 1939 4.
142 1908 287 1941 Omnino
302 1910 407 1950 igitur
423 1910 640 1951 crediderim,
658 1911 768 1942 Gallis

71 1962 172 1990 antea
188 1960 314 1991 nullum
330 1960 433 1992 fuisse
454 1961 643 1993 litterarum
660 1972 768 2003 usum,

70 2007 236 2050 adeoque,
266 2019 342 2041 cum
367 2020 425 2042 eas
453 2020 473 2041 a
503 2011 768 2044 Massiliensibus

70 2059 279 2099 acceperint,
301 2060 383 2091 nihil
405 2062 525 2093 mirum
551 2062 655 2094 fuisse
671 2063 767 2095 Grae-

72 2117 142 2139 eas.
187 2109 278 2140 Hinc
306 2109 435 2142 factum
461 2116 527 2152 est,
555 2117 593 2143 ut
614 2113 671 2144 ‘in
698 2123 768 2144 cas-

72 2157 134 2188 tris
174 2157 408 2192 Helvetiorum
453 2161 577 2193 tabnlae
622 2169 768 2204 reperta:

72 2207 142 2239 sint
153 2208 285 2240 Graecis
301 2211 428 2242 litteris
441 2212 630 2252 confecta—,¹
655 2223 769 2254 quem-

71 2257 252 2290 admodum
279 2260 379 2292 docet
406 2266 523 2292 noster
545 2262 587 2293 B.
614 2263 656 2293 G.
672 2272 696 2293 1.
714 2266 767 2294 29.

71 2309 153 2340 Non
168 2309 256 2340 enim
281 2311 419 2343 ibicum
445 2312 544 2344 Joan.
569 2313 768 2345 Rhellicauo

71 2359 233 2390 Graecum
248 2369 450 2401 sermonem,
465 2361 523 2392 sed
541 2362 672 2393 litteras
695 2367 768 2394 tau-

70 2413 142 2441 tum
158 2410 298 2442 Graecas
316 2411 552 2452 intellexerim,
571 2422 634 2444 nec
652 2413 769 2445 Gallos

71 2460 149 2491 ullis
172 2461 244 2491 aliis
278 2466 347 2492 tum
373 2463 534 2502 temporis
559 2473 636 2495 usos
666 2462 769 2496 fuisse

69 2509 297 2542 manifestum.
353 2512 419 2543 Sed
458 2513 486 2543 si
529 2513 660 2544 tabulas
693 2514 767 2545 illas

69 2558 192 2598 Graeco
223 2569 377 2592 sermone
404 2561 578 2594 confectas
604 2564 768 2595 conceda-

71 2617 156 2648 mus,
177 2609 252 2641 fieri
274 2620 341 2642 non
368 2617 495 2652 potest,
511 2617 548 2643 ut
564 2612 683 2644 eadem
704 2614 768 2653 sig-

72 2658 264 2692 nificatione
286 2662 339 2693 hic
366 2663 473 2693 locum
497 2663 665 2703 obtineat,
691 2675 767 2696 cum

72 2717 188 2740 omnes
202 2711 343 2743 Druidae
355 2713 503 2754 linguam
522 2714 679 2747 Graecam
700 2725 767 2747 non

73 2759 260 2801 callereut;
279 2763 471 2796 Diviciacus
484 2766 585 2808 enim,
600 2767 659 2809 qui
681 2777 767 2798 unus

155 2812 270 2855 Delph.
282 2818 314 2847 et
332 2816 407 2849 Var-
424 2818 509 2851 Clas.

739 2822 846 2854 Coesar

1420 197 1530 238 1153

831 296 896 328 suit
913 307 931 327 e
950 299 1102 340 Druidis,
1118 302 1224 332 veluti
1239 304 1383 333 testatur
1408 302 1528 335 Cicero

831 347 873 377 de
892 348 1007 380 Diviu.
1038 360 1061 382 1.
1085 354 1138 382 41.
1168 352 1357 392 interprete
1372 362 1457 393 opus
1474 353 1530 384 ha-

831 396 915 436 buit,
933 404 969 429 ut
986 409 1061 430 cnm
1089 402 1226 432 caesare
1254 402 1527 444 colloqueretur;

829 448 886 488 qui
919 449 1043 480 (iraece
1070 450 1135 482 fuit
1160 452 1394 492 peritissinnffl.
1439 453 1528 486 Vide

830 498 872 529 B.
897 499 939 529 G.
965 508 988 530 1.
1023 504 1072 530 19.
1119 501 1195 532 Non
1224 508 1276 533 est
1306 503 1406 534 etiam
1436 503 1526 545 quod

828 559 903 580 cum
932 550 1149 582 Hotomauno
1179 553 1390 593 Francogass.
1431 563 1460 584 c.
1495 556 1526 584 2.

828 599 1016 641 arbitreris,
1030 602 1178 642 phrasin,
1193 612 1290 643 quam
1306 603 1442 635 adhibet
1457 605 1530 636 Cae-

828 660 892 688 sar,
938 660 1003 682 non
1041 652 1148 683 solum
1186 653 1365 693 elementa,
1411 663 1527 685 verum

827 701 930 732 etiam
967 711 1154 733 sermonem
1191 703 1298 742 ipsum
1335 704 1526 736 necessario

827 751 1012 783 denotare:
1051 752 1259 784 contrarium
1292 753 1380 783 enim
1416 754 1526 794 liquet

826 811 868 832 ex
878 802 980 832 Plinii
998 802 1086 834 Hist.
1098 803 1181 834 Nat.
1192 811 1257 834 vn.
1270 805 1322 834 57.
1334 803 1342 819 ‘
1354 803 1527 834 Gentium'

825 852 934 894 inquit
950 853 1018 893 ille,
1037 854 1045 870 ‘
1057 863 1241 885 consensus
1257 853 1384 884 tacitus
1398 854 1526 894 primus

825 902 970 933 omnium
987 902 1208 944 conspiravit,
1236 908 1273 934 ut
1290 903 1399 934 Ionum
1411 904 1526 934 litteris

823 952 1005 984 uterentur!
1050 953 1126 985 Scio
1153 953 1302 994 quidem,
1330 963 1445 985 vocem
1479 955 1529 985 Io-

823 1013 895 1034 num
933 1003 1005 1034 viro
1040 1004 1233 1035 doctissimo
1263 1005 1525 1045 expungendam

824 1052 943 1093 videri,
973 1053 1032 1084 sed
1064 1054 1283 1085 vehementer
1311 1055 1448 1094 erravit,
1486 1060 1526 1086 ut

823 1103 964 1143 pulchre
1001 1103 1152 1136 ostendit
1188 1105 1240 1135 vir
1275 1114 1421 1136 summus
1448 1105 1524 1137 J05.

824 1152 977 1194 Scaliger
1008 1154 1042 1184 in
1069 1153 1181 1186 Anim.
1217 1154 1343 1185 Euseb.
1368 1154 1409 1196 p.
1449 1158 1524 1187 104.

823 1203 935 1235 Dacis.
982 1204 1102 1235 Groecz‘s
1131 1204 1190 1245 qui
1219 1204 1349 1236 habent
1386 1214 1523 1245 suspec-

823 1259 906 1295 tam,
920 1256 1085 1297 eosjuvat
1098 1256 1183 1288 Cod.
1199 1257 1296 1287 Voss.
1313 1265 1381 1288 sec.
1396 1256 1430 1287 in
1456 1265 1523 1297 quo

823 1306 984 1337 scribitur
1027 1306 1200 1337 rationibus
1233 1306 1389 1345 gerendis.
1456 1306 1525 1338 Sed

823 1357 958 1388 omnino
990 1357 1089 1387 male.
1147 1357 1275 1387 Groecus
1299 1357 1422 1387 litteras
1447 1366 1525 1388 cum

824 1407 965 1437 Davisio
982 1407 1190 1447 interpretor
1206 1407 1409 1447 scripturam
1428 1408 1524 1439 Grae·

823 1465 908 1496 cam,
937 1461 973 1488 ct
1000 1457 1190 1488 litterarum
1216 1456 1351 1497 formas,
1375 1467 1440 1488 non
1464 1458 1525 1489 lin-

823 1517 921 1548 guam
938 1512 973 1538 et
986 1517 1193 1539 sermonem:
1210 1508 1259 1538 uti
1274 1518 1299 1540 1.
1317 1511 1368 1539 ⁶29.
1408 1508 1523 1550 Atque

822 1557 871 1587 ita
885 1558 1024 1589 Tacitus
1041 1558 1083 1589 de
1098 1559 1186 1590 Mor.
1200 1560 1316 1591 Germ.
1332 1569 1361 1590 c.
1379 1562 1409 1591 3.
1426 1561 1434 1576 ‘
1450 1560 1524 1591 Mo-

823 1614 1053 1650 numentaque
1070 1614 1104 1640 et
1122 1611 1265 1641 tumulos
1291 1609 1450 1651 quosdam
1465 1619 1522 1641 ex-

822 1662 914 1690 stare
952 1659 1084 1690 Graecis
1115 1660 1240 1692 litteris
1278 1660 1452 1701 inscriptis
1488 1661 1523 1693 in

823 1709 967 1740 continio
985 1710 1176 1741 Germauiae
1196 1711 1407 1753 Rhoetiaeque
1421 1711 1439 1742 ε’
1463 1712 1522 1743 ubi

821 1759 898 1790 vide
916 1759 1079 1799 Lipsiuni.
1124 1760 1216 1791 Hinc
1232 1766 1326 1791 recte
1344 1760 1525 1801 distinguit

820 1808 946 1840 Justin.
965 1818 1024 1839 xx.
1043 1814 1074 1840 5.
1100 1812 1109 1826 ‘
1126 1810 1254 1850 Nequis
1268 1811 1527 1852 Carthaginien-

820 1857 864 1888 sis
893 1863 952 1889 aut
974 1859 1100 1890 litteris
1132 1860 1262 1891 Graecis
1290 1866 1349 1891 aut
1377 1861 1523 1892 sermoni

820 1908 989 1947 studeret,
1014 1918 1056 1939 ne
1074 1913 1133 1939 aut
1149 1909 1239 1950 loqui
1257 1919 1332 1940 cnm
1349 1909 1446 1942 hoste
1463 1915 1524 1942 aut

820 1957 970 1990 scribere
986 1959 1059 1990 sine
1071 1959 1260 1999 interprete
1276 1959 1413 2001 posset!
1456 1961 1524 1992 Im-

819 2019 873 2039 mo
911 2009 954 2040 de
983 2010 1091 2041 Gallis
1129 2011 1233 2042 tradit
1264 2011 1399 2051 Strabo,
1431 2012 1523 2053 quod

819 2063 1056 2091 contractuum
1071 2059 1231 2092 formulas
1254 2062 1405 2094 scribant
1427 2063 1523 2100 ἑλλη-

820 2107 922 2148 νιστί;
947 2120 1046 2151 quem
1075 2111 1225 2143 citaruut
1254 2112 1327 2142 Viri
1356 2113 1447 2144 docti
1477 2112 1522 2144 ad

820 2168 852 2190 v.
882 2163 934 2191 48.
971 2161 1098 2192 ‘Hanc
1129 2161 1262 2193 Graecis
1292 2163 1523 2204 conscriptam

820 2210 944 2242 litteris
960 2211 1102 2242 mittit?
1126 2213 1183 2243 ubi
1211 2218 1324 2244 tamen
1348 2214 1452 2246 etiam
1477 2215 1522 2246 de

818 2261 894 2301 ipsa
923 2263 1039 2303 lingua
1066 2263 1186 2302 capio3
1218 2264 1298 2295 licet
1325 2274 1392 2295 nou
1420 2267 1522 2306 plane

818 2321 959 2344 necesse
985 2313 1039 2345 sit.
1085 2314 1176 2345 Nam
1207 2315 1357 2347 Druides
1393 2321 1427 2347 et
1461 2316 1523 2356 illi,

817 2361 875 2402 qui
890 2362 1009 2395 abesse
1032 2374 1052 2394 a
1078 2363 1168 2395 bello
1193 2365 1362 2405 solebant,
1388 2366 1523 2398 litteras

817 2422 874 2443 eas
889 2414 1074 2453 callebant,
1100 2425 1164 2446 nou
1182 2416 1300 2456 vulgus
1317 2416 1475 2448 militum.

860 2466 899 2493 10
935 2464 975 2494 In
1005 2465 1130 2505 vulgus]
1179 2467 1264 2497 Mss.
1295 2466 1362 2497 mei
1391 2476 1521 2506 omneS‚

816 2513 898 2544 item
913 2514 1004 2546 Edd.
1020 2515 1171 2556 Incerta,
1188 2517 1331 2557 Stradae,
1344 2517 1521 2558 Stephani,

818 2564 1029 2607 Gryphiique
1066 2567 1220 2607 Vulgum:
1259 2569 1347 2608 quod
1387 2573 1520 2598 mutare

817 2623 884 2646 non
906 2615 1095 2648 debuerant
1118 2618 1266 2649 editores
1288 2619 1354 2649 alii.
1398 2619 1522 2648 Varro-

817 2674 894 2696 nem
937 2667 1039 2707 enim,
1076 2668 1284 2706 Sallustium,
1323 2667 1519 2706 Horatium,

817 2716 1001 2756 Nepotem,
1016 2718 1167 2759 aliosque
1183 2719 1232 2749 sic
1247 2719 1310 2748 hoc
1326 2727 1447 2749 nomen
1463 2717 1520 2748 de·

816 2765 972 2810 clinasse,
987 2772 1105 2800 notum
1129 2772 1194 2799 est.
1239 2766 1307 2799 Adi
1329 2767 1381 2798 cl.
1397 2767 1516 2800 Burm-

1352 2822 1373 2852 4
1396 2821 1429 2852 D
