1818 3131
206 227 319 274 1032

205 338 266 370 bus
291 337 373 369 locis
395 336 547 374 inducor,
575 334 663 367 idem
689 345 796 377 prope
822 336 904 368 Car-

204 386 456 429 thaginensibus
473 385 551 426 ἱερὸν
565 384 666 424 λόχον
681 385 798 426 fuisse,
814 387 904 427 quod

205 438 294 478 apud
331 437 497 468 Romanos
531 436 754 476 praetorianus
785 437 903 468 miles:

204 492 300 518 certe
327 486 476 517 videmus
500 486 676 528 utriusque
704 487 902 528 religionem

203 535 322 575 fuisse,
345 537 411 566 imo
436 535 532 567 nefas
555 536 793 577 imperatorem
810 538 903 568 dese-

205 595 293 617 rere.
343 585 475 617 Vossius.
521 586 716 617 Florentina
733 587 838 618 editio
854 598 904 618 sa-

203 635 252 667 tis
275 635 414 677 antiqua
430 636 628 667 Adiuneimus
651 637 760 668 habet.
817 637 904 669 Aliae

205 691 352 726 veteres,
365 687 570 718 Adiatunnus.
613 687 805 727 Legendum
824 697 905 719 vero

203 736 390 767 Adiatomus
422 746 464 767 ex
497 737 641 768 Nicolao
682 738 907 778 Damascene,

203 796 305 827 quem
326 788 410 818 citat
426 787 610 818 Athenaeus
628 796 641 816 x
654 795 678 817 ι.
705 789 755 817 13.
781 797 814 827 p.
832 789 906 819 249.

204 836 383 875 Ἀδιάτομον
409 836 464 866 τὸν
489 838 550 866 ’τῶν
574 837 734 867 Σωτιατῶν
759 835 906 874 βασιλέα,

203 886 288 918 ἔθνος
303 886 336 918 δὲ
350 887 443 917 τοῦτο
460 885 621 922 Κελτικὸν,
635 885 806 924 ἑξακοσίους
822 885 908 925 ἔχειν

204 935 344 975 λογάδας
365 936 433 976 περὶ
460 936 562 975 αὑτὸν,
586 935 637 966 οὓς
660 937 820 967 καλεῖσθαι
846 936 906 967 ἀπὸ

205 988 366 1026 Γαλατῶν,
391 987 432 1027 τῇ
457 986 572 1025 πατρίῳ
598 986 738 1027 γλώττῃ,
764 986 907 1018 Σιλοδού-

204 1046 283 1067 vous·
310 1037 403 1066 τοῦτο
428 1035 453 1066 δ’
480 1035 565 1066 ἐστὶν
592 1036 802 1074 εὐχωλιμαῖοι.
854 1038 905 1068 Ex

205 1095 274 1127 quo
290 1085 470 1117 videndum
488 1095 529 1116 an
546 1087 635 1126 apud
654 1087 821 1118 Caesarem
839 1088 906 1129 legi

205 1136 331 1168 debeat
346 1135 518 1168 Solidunos.
563 1136 651 1167 Item
679 1147 720 1168 an
745 1138 818 1169 haec
837 1148 906 1169 ver-

206 1187 263 1227 ba,
275 1197 348 1229 quae
366 1192 444 1228 post
461 1188 593 1228 longam
613 1189 839 1228 parenthesim
857 1200 906 1220 re-

205 1242 383 1277 petuntur,
400 1237 545 1268 delenda
559 1239 637 1272 sint,
649 1249 717 1269 cum
734 1239 774 1269 iis
786 1240 907 1270 Adeun-

203 1291 347 1318 mannus.
409 1287 550 1319 Ciuccon.
619 1289 708 1319 Cave
751 1290 908 1320 Solam-ios

205 1346 283 1368 cum
304 1338 375 1370 viro
392 1339 525 1369 erudito
541 1343 649 1369 mutes
674 1339 707 1369 in
725 1339 907 1376 Solidunos;

204 1395 282 1418 nam
309 1393 345 1418 et
373 1388 463 1428 apud
481 1388 683 1420 Athenaeum
710 1389 908 1429 Σιλοδούρους

206 1445 288 1467 vera
302 1441 356 1468 est
371 1437 486 1476 lectio,
513 1442 550 1468 ut
577 1447 620 1469 ex
646 1439 825 1471 Eustathio
852 1440 909 1471 do-

203 1491 260 1517 cet
288 1486 334 1518 Is.
362 1487 577 1519 Casaubonus
603 1488 714 1520 Anim.
740 1490 806 1520 col.
832 1492 907 1522 436.

198 1536 307 1569 Quod
333 1543 447 1569 autem
471 1539 662 1579 suspicatur
698 1538 908 1580 Ciacconius,

205 1587 239 1617 in
252 1593 367 1620 nostro
381 1588 484 1620 verba
498 1589 653 1629 quaedam
668 1599 739 1621 esse
753 1590 909 1630 delenda,

204 1637 239 1668 id
258 1647 337 1670 vero
357 1639 429 1679 jam
445 1638 694 1671 confutavimus
711 1640 752 1670 ad
768 1640 908 1681 hujusce

205 1688 282 1719 libri
299 1698 329 1721 c.
345 1691 397 1721 20.
443 1690 531 1721 Vide
546 1696 581 1721 et
595 1690 629 1722 J.
643 1691 681 1721 F.
698 1691 907 1722 Gronovium

206 1738 248 1768 ad
266 1739 385 1771 Senec.
403 1739 445 1770 de
461 1738 509 1770 ira
525 1748 550 1770 1.
567 1742 597 1770 3.
642 1741 751 1772 Daris.
809 1741 909 1772 Adia·

204 1791 305 1819 tomus
320 1788 369 1820 ita
382 1789 560 1828 legendum
573 1789 721 1820 ostendit
738 1790 907 1822 Davisius.

205 1837 330 1877 Vulgo,
342 1838 595 1870 Adcuntummus.
623 1838 690 1870 Ms.
707 1838 794 1880 Reg.
811 1840 908 1871 Adia-

205 1891 310 1918 tunus.
350 1888 432 1919 Mss.
449 1888 772 1929 Vossii,A‹11·atonus.
813 1890 906 1922 Edit.

205 1938 306 1970 Rom.
320 1938 526 1970 Adiatonnus.
574 1939 682 1970 Clark.
737 1940 818 1972 Mss.
841 1950 908 1972 me-

206 1988 319 2026 liores,
345 1988 532 2026 Adiatunus,
555 1989 763 2031 Adiatunnus,
787 1991 841 2022 vel
863 1993 907 2023 „4-

204 2038 370 2069 diatonnus
391 2048 466 2070 cum
496 2039 584 2071 Edd.
614 2040 741 2080 primis.
786 2041 910 2083 Vulga-

208 2094 278 2120 tum
304 2094 439 2121 servant
461 2091 588 2122 Lovau.
614 2091 724 2122 Oxou.
753 2096 788 2124 et
811 2092 908 2125 Leid.

208 2140 308 2179 prim.
328 2149 403 2171 cum
420 2141 536 2181 Cujac.
552 2151 656 2182 quare
680 2142 763 2174 nihil
779 2148 907 2176 temere

207 2194 312 2220 muto.
334 2190 563 2222 Ἀδκαντούῖνος
576 2193 700 2224 Graeco
714 2193 908 2235 interpreti.

208 2239 308 2270 Celso
333 2241 550 2273 Adiaeerinus.
604 2243 718 2274 Ceteri
745 2244 827 2275 Mss.
852 2255 909 2275 va-

207 2289 317 2332 ri-ant3
341 2291 400 2321 sed
424 2300 484 2331 pro
500 2303 515 2322 c
531 2292 658 2324 habent
674 2298 868 2325 constanter
885 2295 907 2326 i.

208 2340 257 2371 At
273 2340 436 2372 lubricum
462 2347 525 2381 est,
551 2343 584 2373 in
607 2342 698 2374 hisce
722 2343 909 2376 nominibus

209 2390 296 2421 certi
313 2391 393 2431 qnid
409 2396 559 2423 statuere
576 2393 646 2423 sine
664 2393 716 2424 vel
739 2394 908 2426 Mstorum

208 2440 261 2471 vel
279 2440 423 2481 plurium
441 2447 617 2473 auctorum
633 2451 809 2475 consensu.
854 2444 908 2475 AE-

211 2499 277 2531 que
293 2491 381 2521 enim
401 2492 514 2523 Nicol.
544 2493 775 2523 Damasccuus
798 2495 908 2534 potnit

209 2548 283 2571 esse
297 2547 490 2582 corruptus,
512 2551 551 2573 ac
573 2547 707 2573 noster:
733 2553 847 2584 quare,
871 2550 909 2576 ut

207 2590 293 2630 dixi,
311 2601 386 2622 cum
409 2591 603 2631 Ciacconio⁷
619 2593 753 2633 Ursino,
777 2599 811 2624 et
827 2595 908 2625 Vos-

210 2641 270 2679 sio,
289 2651 355 2672 non
379 2651 480 2673 ausus
505 2651 576 2672 sum
604 2643 756 2683 recipere
782 2644 911 2676 Adiuto-

210 2700 297 2726 mu⁸;
331 2695 370 2722 ut
393 2690 478 2723 fecit
506 2692 558 2722 (ΣΙ.
576 2691 710 2731 Clarke,
727 2694 812 2724 male
835 2704 908 2726 eam

211 2741 482 2773 emendationem
520 2742 660 2773 Davisio
702 2743 908 2776 adscribens.

213 2788 334 2821 Hoeret
356 2790 458 2822 etiam
487 2790 724 2823 Casaubonus:
757 2792 769 2822 ἰ
799 2798 908 2825 tamen

667 238 810 270 NOTAE
841 238 1106 269 VARIORUM
1140 238 1192 270 ΙΝ

953 336 1027 368 loco
1041 339 1098 368 τοῦ
1110 348 1126 368 c
1143 338 1279 370 videtur
1295 346 1365 368 esse
1381 335 1641 368 admittendum.

997 393 1014 419 5
1052 389 1093 420 Se
1118 390 1265 420 amicitia?
1291 387 1480 428 dediderint]
1525 387 1579 419 Sic
1605 396 1656 419 re-

954 440 1073 479 scripsi
1109 449 1127 470 e
1163 439 1271 470 Codd.
1307 439 1405 477 louge
1436 437 1587 478 plurimis
1616 446 1656 468 ac

954 489 1048 519 Vett.
1068 489 1155 520 Edd.
1171 490 1353 520 dediderunt
1369 489 1477 519 minus
1493 488 1579 518 bene
1592 487 1657 519 Ed.

955 539 1072 569 Davis.
1099 544 1134 569 et
1161 539 1318 579 quaedam
1341 540 1426 571 alia‘.
1473 539 1658 579 l‘erperam

955 593 1067 618 autem
1093 587 1291 619 Ciacconius
1318 588 1495 628 legendum
1514 589 1659 629 conjicit

955 638 1161 671 ‹lemn-erunt,-
1195 637 1275 677 quia
1291 638 1407 669 statim
1436 639 1483 669 sic
1510 639 1659 680 loquitur

957 687 1093 717 Caesar:
1131 697 1246 718 verum
1272 688 1344 718 haec
1373 697 1490 719 caussa
1511 689 1659 721 debebat

956 737 987 767 ei
1011 735 1127 777 fuisse,
1151 747 1211 769 cur
1235 737 1316 768 nihil
1341 742 1508 777 mutaret3
1540 749 1580 769 ne
1609 738 1659 770 bis

957 786 1045 817 idem
1064 786 1251 819 inculcaret
1278 787 1417 818 verbum
1433 788 1519 819 citra
1545 797 1659 819 neces-

957 836 1106 868 sitatem.
1167 837 1330 878 Ejusdem
1357 842 1469 868 autem
1493 837 1660 878 significa-

958 885 1058 918 tionis
1089 897 1162 918 esse
1191 888 1228 917 τὺ
1257 888 1378 926 dedere,
1412 897 1508 918 nemo
1538 888 1659 920 nescit.

958 936 1080 968 Dedere
1105 947 1135 968 se
1155 938 1262 975 alicui,
1285 939 1410 978 patrico,
1426 938 1504 977 reip.
1531 938 1663 971 locutio

957 985 1114 1028 frequens
1140 993 1190 1018 est
1216 988 1392 1028 Terentio,
1418 988 1586 1028 Ciceroni,
1606 989 1661 1020 Li-

958 1038 1024 1076 vio,
1040 1039 1182 1079 Nepoti,
1199 1039 1353 1079 aliisque.
1407 1039 1518 1070 Unum
1543 1039 1659 1081 itaque

959 1086 1103 1118 sufficiat
1139 1089 1331 1128 exemplum
1362 1088 1451 1119 And.
1490 1098 1514 1119 1.
1548 1092 1577 1120 l.
1607 1091 1660 1121 36.

958 1138 967 1154 ‘
987 1137 1068 1168 Cum
1097 1138 1217 1179 quibus
1245 1143 1318 1170 erat
1348 1149 1490 1180 cumque
1520 1149 1597 1178 una,
1620 1140 1661 1171 iis

959 1196 1033 1218 sese
1051 1187 1198 1227 dedere3
1222 1188 1346 1219 Eorum
1363 1189 1482 1219 studiis
1497 1189 1659 1230 obsequi:

959 1237 1119 1268 adversus
1136 1237 1284 1268 uemini.'
1329 1237 1442 1279 Atque
1464 1239 1510 1269 ita
1535 1249 1552 1269 e
1578 1239 1660 1271 Mss.

959 1286 1211 1317 rescribendum
1223 1287 1343 1328 judico
1357 1288 1390 1318 in
1405 1289 1531 1329 Ncpot.
1542 1289 1659 1321 Them.

960 1347 989 1368 c.
1008 1341 1036 1368 l.
1060 1338 1068 1354 ‘
1087 1342 1195 1368 totum
1211 1347 1246 1368 se
1264 1338 1396 1369 dedidit
1415 1339 1498 1378 reip.
1517 1339 1661 1379 diligen-

960 1387 1025 1418 tius
1042 1388 1169 1427 amicis,
1193 1387 1359 1429 famaeque
1382 1389 1533 1420 serviens
1548 1389 1569 1420 :’
1604 1390 1661 1420 ubi

959 1437 1036 1468 vide
1055 1438 1159 1469 Doct.
1173 1437 1339 1469 Juvenem
1357 1437 1396 1468 Α.
1408 1447 1471 1468 van
1483 1438 1661 1471 Staveren.

1002 1489 1022 1518 0
1047 1488 1131 1518 Mori
1147 1488 1318 1528 recusaret]
1356 1488 1412 1520 Sic
1427 1488 1516 1528 apud
1533 1489 1659 1521 Justin.

960 1546 984 1568 1.
1009 1540 1060 1569 10.
1087 1540 1095 1555 ‘
1112 1547 1249 1578 regnum
1279 1542 1316 1569 ut
1343 1539 1514 1579 eriperent
1542 1539 1662 1580 Magis,

959 1588 1044 1618 mori
1068 1596 1134 1618 non
1161 1589 1382 1620 recusarent!
1427 1589 1523 1620 Curt.
1540 1599 1588 1621 lv.
1609 1594 1661 1622 14.

958 1639 1011 1668 22.
1037 1639 1046 1654 ‘
1067 1638 1133 1669 Pro
1159 1637 1280 1679 quibus
1306 1639 1379 1678 ipse
1401 1639 1486 1669 mori
1515 1648 1582 1670 non
1608 1649 1662 1672 re-

959 1697 1041 1718 cuso
1055 1686 1076 1718 :'
1110 1691 1145 1718 et
1167 1688 1215 1719 ita
1244 1697 1321 1718 cum
1338 1687 1511 1720 infinitivo
1529 1690 1659 1722 millies.

958 1738 1086 1768 Verum
1102 1738 1186 1769 Mss.
1210 1739 1339 1779 antiqui
1368 1743 1404 1769 et
1430 1739 1659 1779 integerrimae

957 1787 1036 1818 fidei
1071 1787 1195 1820 Audin.
1225 1789 1337 1819 Oxon.
1369 1794 1404 1819 et
1432 1789 1528 1820 Leid.
1561 1791 1659 1830 prim.

958 1837 1043 1868 dant
1058 1841 1206 1869 mortem:
1229 1844 1266 1869 ut
1284 1838 1371 1869 idem
1387 1840 1481 1871 Curt.
1500 1849 1531 1870 v.
1548 1844 1578 1872 9.
1596 1842 1612 1881 ξ
1628 1844 1658 1872 l.

957 1890 965 1906 ‘
981 1888 1167 1919 Victoriam
1184 1895 1220 1919 ut
1237 1898 1423 1928 speremus,
1435 1895 1576 1921 mortem
1594 1900 1660 1922 non

958 1938 1172 1970 recusemus!
1225 1938 1339 1970 Valer.
1370 1938 1463 1970 Max.
1496 1947 1552 1971 111.
1583 1942 1615 1971 2.
1645 1941 1660 1980 §

959 1989 1039 2020 Ext.
1057 1992 1087 2020 8.
1111 1990 1120 2006 ‘
1138 1988 1224 2019 filios
1242 1994 1385 2020 mortem
1413 1999 1478 2020 non
1502 2000 1659 2022 recusan-

959 2038 1034 2069 tes!
1088 2037 1184 2069 Infra
1208 2039 1247 2069 B.
1273 2038 1347 2069 Civ.
1375 2047 1430 2070 111.
1449 2041 1500 2070 33.
1525 2041 1534 2057 ‘
1552 2041 1661 2072 Recu-

958 2098 1031 2119 sare
1048 2088 1190 2119 munus!
1248 2089 1323 2120 Nec
1340 2097 1436 2119 secus
1453 2089 1508 2120 alii
1525 2090 1659 2129 passim.

959 2140 1105 2170 Consule
1128 2139 1201 2170 Cel.
1223 2139 1336 2170 Burm.
1354 2139 1395 2169 ad
1421 2139 1558 2170 Phaedri
1576 2140 1659 2172 Fab.

959 2197 1014 2220 ιιι.
1035 2192 1084 2220 13.
1109 2190 1117 2205 ‘
1138 2188 1214 2220 Non
1232 2194 1444 2220 recusassent
1458 2189 1585 2221 fidem!

1004 2242 1044 2270 12
1069 2239 1219 2279 Repulsus
1237 2239 1271 2269 in
1293 2239 1439 2279 oppidum
1465 2243 1509 2270 est
1525 2250 1534 2270 .·
1552 2241 1599 2272 uti
1614 2244 1660 2272 ta·

961 2288 1042 2328 men]
1067 2289 1120 2320 Sic
1135 2289 1236 2329 vulgo
1259 2289 1433 2320 exhibent.
1478 2289 1544 2321 Sed
1572 2291 1657 2322 Mss.

961 2345 1032 2370 tum
1049 2339 1202 2377 aliorum,
1227 2344 1298 2370 tum
1326 2340 1405 2379 mei,
1431 2344 1562 2371 tantum
1591 2350 1657 2373 non

960 2398 1087 2428 omnes,
1103 2394 1138 2420 et
1155 2389 1242 2420 Edd.
1270 2389 1342 2421 Inc.
1370 2389 1544 2430 Stephani,
1567 2390 1658 2421 aliae-

960 2449 1026 2480 que
1039 2440 1196 2480 praebent
1219 2440 1367 2480 repulsus,
1388 2442 1490 2470 tamen
1513 2439 1572 2479 uti,
1594 2441 1657 2472 otc.

960 2490 1064 2530 quod,
1096 2496 1132 2521 ut
1154 2490 1260 2521 multo
1289 2489 1489 2529 elegantius,
1527 2489 1658 2522 idcirco

959 2541 1106 2580 reposui.

1003 2599 1112 2622 xxiii.
1155 2589 1325 2629 Vocatium]
1359 2590 1415 2621 Sic
1447 2594 1539 2621 recte
1573 2590 1657 2631 legit

960 2641 1114 2671 Graecus.
1161 2640 1201 2670 Iu
1219 2640 1390 2680 plerisque
1407 2640 1487 2670 Mss.
1504 2644 1539 2671 et
1554 2640 1656 2672 editis

959 2691 1121 2722 habemus
1143 2690 1365 2721 Vocontiorum.
1409 2689 1477 2720 Sed
1501 2689 1572 2721 haec
1588 2690 1657 2721 lec-

959 2741 1007 2772 tio
1023 2744 1141 2780 aperte
1167 2744 1220 2771 est
1243 2738 1347 2770 falsa:
1373 2749 1449 2771 cum
1475 2739 1565 2771 enim
1585 2740 1658 2772 Cae·

959 2800 1014 2822 sai·
1040 2789 1229 2832 Aquitanos
1254 2789 1344 2820 intra
1368 2788 1491 2821 flumen
1513 2789 1656 2823 Garum·
