1872 3115
382 225 473 255 mn.
506 224 537 254 1.
570 209 767 251 CAP.4·‘3.
802 218 864 248 nn
901 216 1056 247 nunno
1090 215 1316 245 GAmeo.

123 330 151 353 c.
169 323 221 352 17.
237 322 273 351 et
288 318 368 350 Oct.
386 318 516 348 Ferrar.
531 315 563 344 in
578 313 686 344 Elect.
701 321 724 342 1.
741 315 791 342 19.

168 375 203 404 ll
230 371 258 403 A
274 369 422 401 Romanis
435 377 489 408 pro
504 365 648 397 maximis
664 365 819 394 hominum

123 423 231 464 officiis
245 420 428 452 consuevisse
443 418 539 448 tribui
553 416 692 457 docebat]
720 415 817 445 Otio-

125 483 170 504 sae
186 475 264 503 sunt
279 479 379 501 voces
395 479 413 498 a
431 467 589 506 Romanis,
603 472 639 496 et
663 466 786 496 absunt
803 474 822 494 a

125 524 286 563 Bongars.
304 530 352 561 pr.
370 530 438 550 sec.
452 519 573 550 Petav.
597 519 720 548 Lovan.
738 517 824 547 Nor-

124 573 188 603 vic.
205 577 240 602 et
266 571 338 602 Pal.
386 571 452 600 Eas
481 569 586 609 igitur
611 568 744 599 omniuo
768 566 824 596 de-

122 622 239 653 lendas
255 630 388 659 censeo,
401 630 474 651 cum
490 629 555 650 nou
571 619 676 649 minus
691 617 823 659 perfec-

124 677 158 702 ta
171 671 342 712 magisque
357 670 500 701 rotunda
512 670 574 700 lioe
591 669 692 700 modo
709 668 824 700 futura

124 724 168 755 sit
180 724 296 755 oratio.
328 723 438 754 Daris.
465 731 535 753 cur.
554 731 621 752 sec.
642 722 719 752 Nou
736 730 824 751 com-

124 779 246 815 parent
257 773 297 804 τὰ
309 784 326 803 a
341 772 487 803 Romanis
496 772 596 803 etiam
610 772 642 802 in
657 771 824 812 Egmund.

125 824 286 863 Gottorp.
302 823 446 853 Dorvill.
465 822 561 852 voss.
577 825 658 853 tert.
674 826 709 851 et
728 820 824 851 Leid.

125 879 205 905 tert.
228 882 267 904 ac
286 873 398 904 Ursini
415 872 522 910 libris,
545 880 653 913 neque
679 871 712 901 iu
739 870 825 902 Edd.

122 923 222 955 Rom.
241 923 334 954 Med.
351 923 435 953 Ven.
456 922 596 953 Incerta
613 922 763 962 aliisque.
785 920 826 951 In

123 973 287 1004 Vossiano
313 974 420 1014 primo
444 977 480 1003 et
504 972 613 1003 tribus
637 971 710 1002 aliis
734 975 786 1002 est
808 981 827 1001 α

125 1023 274 1055 Romanis
286 1024 448 1064 proximis.
493 1023 597 1054 Certo
612 1022 737 1053 indicio
753 1022 826 1052 haec

124 1083 197 1106 esse
219 1075 421 1115 glossemata
436 1084 443 1104 ι
477 1073 555 1104 dein
586 1073 669 1103 Mss.
698 1072 827 1111 Ursini,

124 1126 258 1167 meique
283 1129 335 1157 16.
356 1135 431 1157 cum
455 1125 572 1156 iisdem
596 1124 828 1155 Edd.l1abent

123 1176 264 1215 magnis.-
287 1176 377 1217 quod
395 1185 454 1207 cur
471 1175 527 1206 alii
543 1185 585 1206 ex
609 1175 673 1206 hoc
698 1174 753 1205 vel
770 1175 828 1205 illo

127 1226 243 1258 codice
268 1227 433 1258 mutarint
461 1226 589 1258 nescio.
649 1226 829 1256 Praeterea

125 1276 358 1318 Bougarsiani‚
371 1276 539 1316 Vossiani,
556 1276 754 1315 Leidenses,
767 1276 829 1306 Lo-

125 1337 200 1359 van.
229 1327 351 1359 Petav.
383 1328 494 1360 Oxon.
527 1327 651 1369 aliique
677 1330 714 1357 et
741 1326 828 1357 Edd.

126 1376 259 1409 veteres
289 1379 459 1419 pleraeque
484 1387 659 1414 consuesse;
680 1381 718 1408 ut
748 1376 828 1407 alibi

124 1429 258 1467 crebro,
282 1439 385 1470 quare
401 1433 524 1459 cuncta
536 1438 555 1458 e
572 1428 656 1458 Mss.
679 1426 827 1466 restitui,

127 1479 302 1509 consuerint
318 1488 350 1509 c.
366 1481 418 1510 44.
443 1483 478 1509 et
503 1487 541 1509 11.
566 1481 617 1510 14.
642 1488 681 1509 ac
704 1487 752 1508 ιν.
776 1479 829 1508 33.

124 1545 173 1567 vi.
191 1539 243 1568 27.
266 1538 428 1567 consuerat
443 1544 491 1566 ιν.
505 1538 536 1566 6.
560 1539 595 1566 et
611 1544 643 1566 v.
658 1538 686 1566 1.
706 1536 830 1565 v11.50.

127 1596 174 1618 lv.
188 1590 240 1618 24.
263 1595 296 1618 v.
311 1589 365 1618 21.
381 1588 434 1617 2⁷.
451 1588 503 1616 56.
528 1587 677 1616 v1.l.43.
702 1587 830 1615 x·11.21.

126 1637 167 1669 B.
185 1637 257 1668 Civ.
275 1645 316 1668 11.
332 1639 385 1668 40.
402 1639 453 1667 41.
466 1637 506 1666 Β.
525 1635 631 1666 Afric.
649 1645 676 1666 c.
693 1637 746 1666 73.
764 1645 832 1665 con-

127 1691 253 1719 suerunt
269 1693 303 1718 et
326 1690 516 1718 consuerant.
562 1687 607 1717 Et
630 1686 677 1717 sic
706 1686 831 1726 passim

127 1737 253 1769 Livius.
266 1738 309 1767 V.
322 1737 433 1768 Drak.
448 1736 489 1767 ad
506 1746 554 1768 1v.
571 1739 624 1768 46.

170 1790 209 1818 14
229 1787 442 1818 Consecutum.
455 1785 593 1817 Docebat
601 1784 709 1825 etiam]
722 1785 831 1816 Mem-

127 1837 242 1868 branae
258 1835 403 1867 Andinae
421 1840 457 1867 et
473 1834 687 1866 Oxouicnses
703 1846 729 1866 c.
746 1837 831 1866 doce-

127 1888 189 1920 bat.
250 1887 417 1926 Referebat
456 1887 562 1918 etiam.
622 1887 723 1918 Unde
753 1897 831 1918 cum

128 1940 463 1972 Grutero'crederet
479 1939 562 1981 quiS,
583 1938 724 1970 verbum
746 1940 832 1970 ‹loce-

129 1991 181 2022 bat
197 1992 251 2023 vel
268 1990 321 2022 hie
335 1992 389 2022 vel
406 2000 524 2032 supra,
545 2000 619 2022 esse
641 2001 659 2021 e
682 1991 804 2021 Glossa
821 2001 829 2021 z

129 2049 194 2082 quo
231 2040 361 2073 faciunt
389 2050 442 2081 ea,
473 2051 548 2082 quae
579 2040 750 2080 congessit
781 2040 831 2072 Cl.

130 2092 266 2124 Cortius
282 2093 323 2124 ad
340 2093 478 2125 Sallust.
503 2093 542 2123 B.
566 2092 666 2124 Catil.
686 2095 739 2123 47.
758 2093 775 2132 ζ
802 2095 830 2123 1.

129 2143 256 2174 Verum
272 2153 338 2174 non
360 2153 437 2174 raro
463 2143 579 2175 Caesar
603 2143 689 2173 solet
714 2142 831 2182 paucis

131 2192 322 2233 interjectis
335 2193 423 2223 idem
436 2193 598 2224 adhibere
615 2192 832 2223 vocabulum.

130 2251 185 2273 111.
202 2243 249 2273 3.ι
262 2247 385 2273 natura
398 2243 463 2273 loci
475 2242 695 2274 confidebant
707 2242 727 2273 ε’
746 2247 782 2274 et
798 2242 832 2273 in

130 2291 250 2323 eadem
275 2292 417 2333 periodo
432 2293 441 2309 ‘
459 2292 584 2324 diutius
602 2292 693 2333 apud
709 2302 744 2323 se
759 2302 828 2323 mo-

129 2342 198 2374 rari
225 2351 324 2384 posse
353 2342 593 2374 confidebant.'
618 2343 708 2374 Vide
728 2343 832 2374 etiam

131 2393 173 2424 ad
190 2403 220 2425 c.
237 2396 289 2425 44.
303 2393 402 2434 hujus
419 2393 509 2424 libri.
526 2403 566 2424 11.
581 2397 634 2424 25.
651 2394 684 2424 in
697 2394 780 2425 Mss.
798 2399 834 2424 et

130 2444 216 2476 Edd.
265 2444 393 2486 primis,
431 2446 439 2461 ‘
472 2443 714 2484 impedimento
758 2453 832 2475 esse

128 2494 235 2526 vidit'
252 2499 288 2526 et
314 2495 390 2525 dein
407 2495 416 2510 ‘
436 2504 506 2525 rem
528 2494 561 2525 in
590 2498 733 2535 angusto
760 2504 832 2525 esse

131 2543 247 2576 vidit?
278 2545 377 2585 vulgo
404 2545 498 2585 prius
528 2545 677 2585 ejiciunt.
705 2554 754 2576 iv.
779 2548 833 2576 21.

132 2593 144 2611 ‘
161 2595 228 2626 Eos
243 2594 378 2626 domum
393 2595 550 2635 remittit,
561 2600 596 2626 et
611 2605 687 2626 cum
704 2595 754 2625 his
768 2605 835 2626 una

133 2644 330 2687 Commium,
345 2649 409 2678 &c.
439 2647 571 2678 mittit.'
615 2647 723 2677 Immo
745 2655 777 2677 V.
806 2650 834 2678 1.

135 2696 145 2711 ‘
160 2692 289 2736 leg‘atos
311 2697 467 2735 mittunt,
485 2697 541 2738 qui
570 2697 730 2734 doceant,
754 2695 835 2726 nihil

134 2753 168 2785 p.
192 2744 319 2776 factum
346 2747 497 2786 consilio,
526 2756 668 2788 seseque
700 2750 836 2787 paratos

132 2803 206 2827 esse
220 2794 471 2830 demonstratz’
496 2798 554 2830 ubi
571 2799 740 2831 Gruterus
770 2797 837 2829 vel·

1488 203 1574 244 953

873 319 922 349 let
951 319 1175 357 demonstrant,
1200 323 1236 348 et
1262 317 1340 347 dein
1377 316 1578 355 demonstrat,

874 379 1005 410 quoque
1024 370 1174 409 cjicere;
1200 379 1275 399 curu
1298 367 1382 398 nihil
1407 376 1491 407 opus
1521 365 1576 397 sit.

874 419 973 449 Adde
998 428 1029 449 v.
1047 422 1097 449 28.
1114 424 1148 449 et
1166 419 1246 450 Yar.
1265 416 1466 448 Lectiones:
1493 416 1576 446 item

875 479 906 500 v.
934 472 986 499 41.
1016 472 1248 499 commemorant
1287 473 1321 498 ‹et
1352 467 1430 498 dein
1458 467 1576 498 dicunt.

875 530 904 551 c.
920 522 974 550 47.
989 519 1172 559 perscribit:
1196 520 1300 548 docet.-
1332 519 1368 548 B.
1387 519 1426 549 C.
1441 526 1464 548 1.
1479 519 1510 548 7.
1523 515 1575 547 bis

875 572 1024 611 queritur.
1057 570 1126 600 Alii
1141 575 1252 601 autem
1269 569 1375 599 Codd.
1390 569 1517 608 volunt,
1534 567 1580 597 al-

876 628 986 653 terum
1001 631 1074 652 csse
1087 621 1335 661 supposititium
1350 631 1356 650 :
1375 630 1451 650 nam
1463 618 1578 650 Ursini

876 673 919 703 V.
951 672 989 703 C.
1023 677 1058 702 et
1085 671 1180 702 Leid.
1211 681 1261 711 pr.
1289 670 1417 700 habeut
1448 669 1580 708 (licebat,

877 724 960 754 item
978 721 1154 762 Cujaciau.
1173 731 1248 752 cum
1265 720 1388 751 Glossa
1411 719 1450 749 al’
1469 718 1579 756 refere-

877 774 941 804 ime.
980 772 1087 803 Immo
1104 772 1136 802 in
1149 771 1303 802 Vossiani
1317 769 1416 810 primi
1427 768 1578 809 margine

878 823 1008 864 scripta
1038 821 1176 862 offendi,
1206 822 1238 852 ia
1268 824 1311 851 est
1342 818 1507 859 referebat,
1534 819 1581 849 rel

877 873 1011 905 (licebat.

922 928 959 955 15
987 924 1088 958 Quam
1103 922 1492 963 ceteres‚quamquejustoe
1508 919 1581 960 eta]

877 973 977 1005 AEdui
1002 974 1157 1004 nimirum
1176 973 1274 1013 primi
1299 982 1317 1003 e
1334 971 1442 1003 Gallis
1469 970 1584 1002 amici·

879 1025 961 1056 tiam
974 1024 1203 1055 Romanorum
1216 1027 1294 1054 sunt
1310 1021 1467 1062 amplexi.
1490 1020 1583 1051 Stra-

878 1077 920 1107 bo
941 1077 1066 1118 Geogr.
1088 1077 1146 1107 lib.
1171 1085 1218 1107 ιν.
1248 1086 1283 1117 p.
1313 1078 1387 1106 192.
1416 1075 1455 1105 C.
1486 1074 1525 1104 Οἱ
1548 1071 1583 1104 δὲ

877 1128 992 1158 Ἐδοῦοι
1007 1126 1057 1158 καὶ
1075 1127 1238 1166 συγγενεῖς
1249 1124 1402 1164 Ῥωμαίων
1410 1122 1582 1164 ὠνομάζον-

877 1189 926 1215 το,
956 1177 1007 1208 καὶ
1035 1179 1148 1218 πρῶτοι
1187 1178 1248 1207 τῶν
1272 1175 1371 1217 ταύτῃ
1405 1176 1582 1215 προσῆλθον

878 1227 953 1268 πρὸς
980 1227 1038 1265 τὴν
1061 1227 1169 1268 φιλίαν
1195 1227 1246 1259 καὶ
1272 1225 1462 1266 συμμαχίαν.
1514 1225 1583 1256 Τ3-

880 1279 968 1309 citus
999 1277 1122 1310 Annal.
1152 1288 1204 1309 Χῖ.
1236 1281 1289 1309 25.
1317 1278 1326 1294 ‘
1350 1276 1457 1308 Primi
1481 1275 1582 1307 AEdui

878 1329 1081 1360 Senatorum
1103 1329 1137 1359 in
1162 1328 1247 1359 urbe
1268 1329 1325 1369 jus
1347 1326 1466 1368 adepti
1494 1330 1584 1357 sunt.

880 1380 1010 1410 Datum
1027 1379 1062 1410 id
1073 1378 1192 1410 foederi
1211 1379 1365 1419 antiquo,
1380 1382 1416 1408 et
1430 1376 1508 1418 quia
1525 1375 1586 1406 soli

882 1430 1057 1461 Gallorum
1089 1429 1315 1461 fraternitatis
1349 1437 1472 1459 nomen
1509 1436 1584 1458 cum

883 1480 1007 1520 populo
1021 1480 1063 1510 R.
1080 1479 1270 1520 usurpant?
1300 1478 1355 1510 Ad
1371 1479 1460 1509 hunc
1473 1479 1586 1509 locum

882 1529 981 1568 plura
1007 1529 1152 1569 Lipsius,
1175 1538 1275 1569 quem
1304 1527 1438 1559 videsis.
1469 1527 1585 1558 Dacis.

881 1583 920 1609 ut
947 1583 983 1609 et
1011 1579 1212 1610 Eumenium
1236 1579 1323 1609 Pan.
1342 1587 1396 1609 111.
1414 1588 1444 1609 c.
1459 1580 1490 1609 4.
1504 1580 1535 1609 1.
1551 1583 1587 1609 et

881 1628 967 1659 Pan.
985 1637 1036 1659 VI.
1054 1631 1107 1659 22.
1123 1631 1156 1660 4.
1181 1629 1278 1668 Idem,
1295 1638 1367 1660 cur.
1384 1638 1454 1659 sec.

924 1680 964 1708 21
990 1677 1048 1708 Sui
1075 1677 1169 1717 nihil]
1214 1677 1304 1710 Quia
1341 1677 1510 1708 Gruterus
1552 1678 1585 1709 in

882 1728 1121 1768 Bongarsianis
1135 1727 1278 1767 duobus,
1291 1727 1340 1758 uti
1358 1732 1395 1758 et
1411 1728 1533 1760 Petav.
1548 1737 1586 1759 ac

881 1779 994 1810 Palat.
1022 1778 1199 1810 invenerat
1221 1778 1296 1819 suis,
1318 1777 1468 1818 conjecit
1494 1778 1587 1817 olim,

882 1828 1059 1868 scripsisse
1098 1829 1269 1859 Caesarem
1307 1828 1428 1867 solum,
1462 1831 1497 1859 ut
1528 1838 1587 1858 non

881 1879 968 1909 modo
993 1888 1061 1909 suos
1080 1878 1159 1909 nihil
1174 1879 1226 1909 d..·
1249 1882 1284 1909 at
1306 1887 1373 1908 non
1390 1877 1588 1918 persuadet,

881 1930 964 1961 licet
977 1931 1042 1961 suis
1064 1935 1175 1961 exstet
1194 1939 1328 1971 quoque
1344 1929 1377 1959 in
1396 1930 1525 1961 Lovan.
1548 1938 1587 1960 ac

883 1991 942 2012 sex
956 1981 1030 2012 aliis
1053 1991 1130 2012 cum
1152 1979 1240 2011 Edd.
1258 1979 1387 2020 primis.
1443 1978 1587 2010 Rectius

883 2030 1045 2071 conjicias
1062 2040 1077 2062 e
1108 2031 1182 2071 suis,
1209 2030 1342 2062 scilicet
1369 2029 1473 2060 bonis.
1517 2028 1587 2060 Sed

882 2093 949 2114 uon
962 2092 1046 2123 opus
1061 2086 1131 2113 cst:
1149 2092 1225 2112 nam
1241 2082 1290 2112 sui
1307 2081 1457 2112 retinent
1470 2081 1587 2112 oxon.

882 2132 975 2164 And.
992 2132 1089 2164 Lcid.
1108 2142 1158 2172 pr.
1181 2131 1275 2163 Voss.
1292 2141 1343 2172 pr.
1363 2140 1433 2162 sec.
1452 2130 1588 2162 Duker.

883 2187 919 2214 et
935 2183 1072 2214 aliorum
1089 2183 1174 2213 Mss.
1198 2183 1351 2213 Frontin.
1375 2191 1425 2213 lv.
1443 2184 1474 2212 3.
1500 2182 1517 2221 ᾧ
1535 2184 1588 2212 15.

883 2234 892 2250 ‘
908 2233 989 2264 nihil
1003 2243 1044 2264 ex
1057 2233 1161 2264 tantis
1173 2232 1340 2263 manubiis
1350 2232 1384 2263 in
1396 2242 1492 2263 suum
1509 2240 1589 2263 con-

883 2284 987 2315 vertit
1001 2283 1021 2314 :’
1047 2283 1105 2315 ubi
1117 2283 1254 2323 vide‚et
1269 2282 1407 2324 passim.

926 2338 967 2367 22
989 2334 1126 2374 Auctos]
1154 2335 1209 2366 Ita
1224 2333 1409 2365 ediderunt
1424 2332 1525 2373 primi
1540 2331 1590 2362 in-

884 2394 1082 2426 pressores3
1117 2384 1242 2415 deinde
1283 2383 1406 2423 Aldus,
1445 2383 1589 2414 Vascos.

885 2435 1071 2476 Gryphius,
1104 2435 1309 2475 Stephanus,
1340 2434 1467 2474 aliique
1498 2433 1591 2464 exhi-

884 2486 1030 2516 buerunt
1051 2486 1216 2524 auctiores,
1229 2485 1290 2516 sed
1317 2489 1395 2525 post
1420 2484 1588 2515 Falernum

884 2539 991 2567 auctos
1008 2535 1160 2576 reposuit
1176 2535 1341 2575 Scaliger,
1359 2543 1398 2564 ac
1415 2544 1489 2564 cum
1507 2532 1590 2563 alio-

886 2595 983 2626 rum,
1001 2592 1072 2617 tum
1098 2586 1165 2616 mei
1196 2585 1335 2616 codices
1358 2583 1509 2614 nonnulli
1533 2581 1590 2612 fir-

885 2644 989 2667 mant.
1049 2636 1267 2676 Integerrimi
1296 2641 1408 2665 tamen
1439 2632 1522 2663 Mss.
1551 2639 1590 2664 ut

886 2687 1049 2727 Bongars.
1079 2687 1176 2727 prim.
1204 2686 1301 2716 Voss.
1328 2694 1379 2724 pr.
1412 2682 1506 2714 Leid.
1533 2692 1587 2723 pr.

888 2735 999 2768 Oxou.
1015 2741 1052 2767 et
1065 2739 1096 2768 4.
1121 2735 1178 2766 alii
1201 2735 1354 2765 auctiores
1377 2738 1588 2773 agnoscunt.-

889 2796 992 2828 quare
1005 2786 1040 2817 id
1057 2784 1214 2817 revocavi
1228 2795 1236 2815 :
1260 2783 1369 2824 augeri
1392 2783 1514 2823 honore,
1530 2783 1587 2814 im-
