1818 3131
313 208 405 238 Lln.
440 209 502 239 lv.
534 208 640 238 CAP.
670 196 740 238 24.
775 207 1027 241 DE-RELLO
1059 211 1287 244 GALLICO.

82 299 128 331 B.
145 299 218 333 etv.
232 310 273 332 n.
291 304 343 333 84.
367 302 376 318 ‘
388 301 582 342 priusquam
605 300 709 331 telum
727 299 783 330 ad-

79 349 145 389 jici
163 355 274 390 posset
285 351 305 382 ι’
333 351 388 382 ubi
412 351 494 382 Mss.
511 350 604 382 abici.
621 351 660 381 B.
677 349 782 381 Afric.

88 410 118 431 ‹·.
134 404 186 432 66.
209 402 294 442 ‘quo
311 402 414 432 telum
440 400 566 441 adjici,’
590 401 674 433 Mss.
691 401 784 441 abici,

83 451 92 467 ‘
105 461 171 483 non
182 456 298 493 posset
309 452 331 482 :¹
349 456 384 483 at
400 452 441 483 B.
455 452 528 483 Civ.
540 460 596 484 111.
610 455 663 483 51.
680 457 715 483 et
728 455 780 483 56.

85 500 172 533 Mas.
197 506 392 532 constanter
421 501 504 532 dant
529 503 623 533 telum
649 506 781 533 tormen-

83 554 186 582 tumve
197 551 303 590 adigi,·
326 561 388 582 nec
403 562 468 583 non
486 553 527 583 B.
551 552 661 584 Afric.
679 564 708 585 c.
726 556 779 585 72.

83 601 91 616 ‘
106 599 168 631 Cui
184 601 274 641 parti
290 602 442 642 corporis
466 603 570 634 telum
595 603 685 644 adigi
706 614 782 645 pos-

82 649 153 681 sit!
199 650 411 683 Confusiouis
437 663 555 685 caussa
585 659 636 685 est
651 654 783 686 crebra

84 701 290 740 permutatio
318 702 509 735 litterarum
534 714 551 734 c
577 709 613 735 et
635 714 672 744 g.
724 704 782 736 Sic

80 751 218 783 subicere
247 757 282 784 et
307 753 447 793 subigere
471 753 725 787 confunduntur
748 756 782 787 in

83 802 213 834 Lucan.
231 813 295 835 vn.
312 808 387 836 574.

126 856 164 886 14
193 855 235 886 Ut
250 865 299 887 res
312 856 476 888 maritimae
489 857 696 898 postularent]
720 858 782 889 Le·

82 903 226 943 gendum
256 909 291 936 ut
322 908 490 938 maritimae
504 918 554 939 res
572 908 781 948 postulabant.

72 953 177 986 Ordo
196 955 372 988 verborum
386 962 439 989 est
454 968 474 989 a
490 958 604 990 Mstis.
667 959 780 991 Daris.

81 1012 153 1035 cur.
170 1013 240 1036 sec.

71 1084 75 1088 .
122 1057 161 1086 15
189 1055 234 1085 Ut
257 1065 324 1095 quoe
345 1057 472 1088 celerem
492 1061 583 1098 atque
606 1058 782 1089 instabilem

79 1106 193 1134 motum
207 1103 368 1145 haberent]
415 1107 471 1138 Ob
495 1112 598 1138 aestus
611 1112 647 1138 et
664 1112 780 1138 vento-

79 1161 152 1184 rum
167 1153 443 1188 inconstantiam.
490 1157 546 1188 Fr.
562 1157 698 1198 quidem
712 1157 782 1188 Ho-

80 1206 257 1235 tomannus
272 1210 308 1236 et
324 1205 366 1236 P.
384 1206 583 1239 Ciacconius
598 1209 730 1249 legunt,
746 1212 781 1239 ut

77 1253 218 1292 quoniam
233 1256 370 1295 celerem,
387 1259 451 1289 ἃς.
482 1258 576 1289 Malo
593 1263 706 1290 autem
722 1268 779 1290 ex-

79 1304 190 1344 emplo
203 1305 409 1338 sollicitatur
420 1312 561 1349 recepta
576 1309 692 1349 lectio,
703 1319 780 1340 cum

79 1363 194 1385 sensus
209 1356 258 1386 rei
273 1356 319 1387 nit
331 1365 511 1397 congruns,
523 1362 559 1389 et
570 1358 678 1389 oratio
691 1358 779 1389 benc

78 1403 214 1436 Latina.
239 1406 339 1437 Idem.
379 1407 561 1447 Reponunt
579 1408 778 1439 Ciacconius

71 1458 113 1486 *et
144 1455 383 1486 Hotomannus
411 1460 446 1487 ut
475 1458 630 1497 quoniam.
683 1459 778 1490 Quos

76 1504 200 1535 merito
228 1506 342 1545 arguit
364 1506 425 1536 Vir
441 1506 658 1538 doctissimus
674 1508 778 1538 Davi-

77 1555 156 1595 sius,
175 1555 380 1586 sententiam
405 1557 620 1598 perspicuam
638 1557 778 1587 turban-

77 1609 140 1636 tes.
163 1605 199 1636 Si
217 1605 296 1646 quid
312 1606 521 1646 conjecturae
535 1606 778 1646 indulgendum

77 1658 178 1692 esset,
193 1654 341 1686 delerem
359 1655 515 1696 equidem
531 1656 623 1686 istud
640 1659 686 1695 ut,
704 1657 777 1696 jam

77 1704 213 1735 tertium
245 1704 279 1735 in
308 1704 427 1736 eadem
455 1705 624 1736 sententia
653 1706 778 1746 repeti-

78 1758 160 1785 tum.
186 1754 255 1785 Sed
267 1754 337 1785 sine
355 1755 529 1786 codicibus
546 1755 629 1785 nihil
644 1760 777 1786 mutan-

77 1802 168 1835 dum.
192 1804 301 1835 Clark.
345 1804 491 1835 Videtur
508 1809 620 1836 tamen
637 1805 690 1836 hic
707 1811 776 1836 tur-

70 1852 192 1884 ,batum
209 1862 302 1885 esse:
328 1864 405 1885 nam
428 1855 463 1886 in
487 1855 673 1887 Petaviano
696 1860 776 1896 post

76 1913 193 1936 vocem
227 1906 421 1945 postularent
459 1906 598 1937 additur
634 1907 775 1938 verbum

74 1953 284 1986 adhiberetur.
328 1955 399 1987 Pro
429 1966 495 1997 quae
519 1956 552 1987 in
585 1957 668 1988 Mss.
692 1957 775 1988 meis

76 2003 242 2045 omnibus,
266 2005 292 2036 si
309 2005 422 2037 forsan
438 2006 671 2038 Oxoniensem
687 2007 776 2038 exci-

74 2053 163 2093 pias,
176 2059 211 2086 et
228 2055 314 2087 Edd.
338 2056 481 2088 vetustis
495 2057 657 2088 scribitur
670 2067 776 2097 quom:

78 2103 169 2135 unde
197 2106 236 2136 R.
253 2106 446 2146 Stephanus
470 2106 555 2138 fecit
576 2107 660 2147 quia.
705 2107 778 2138 Sin-

79 2153 204 2193 gularis
229 2159 281 2186 est
305 2156 409 2187 lectio
438 2157 612 2188 Leidensis
635 2158 777 2188 secundi

77 2214 248 2244 quaequam
263 2216 290 2236 c.
313 2206 511 2246 postulabant
536 2207 640 2238 etiam
668 2207 776 2239 Hoto-

78 2264 218 2286 mannns
227 2256 342 2286 voluit.
358 2256 424 2287 Sed
437 2258 562 2288 rectius
574 2257 686 2289 forsan
699 2259 776 2290 hinc

76 2305 171 2345 legas
206 2305 215 2322 ‘
229 2306 425 2348 monuitque
463 2311 501 2337 ut
537 2317 564 2338 r.
595 2317 639 2338 m.
677 2309 778 2348 ratio,

76 2355 233 2387 maxime’
251 2357 304 2387 vel
326 2358 335 2373 ‘
354 2357 566 2398 maximeque
580 2363 618 2388 ut
642 2368 694 2389 res
708 2368 777 2390 ma-

76 2404 201 2437 ritimae
212 2407 397 2446 postulant,
409 2417 484 2448 quae
495 2417 593 2448 quain
608 2408 776 2448 celerem‚'

74 2456 139 2486 διο.
163 2457 315 2496 quamvis
331 2461 365 2488 ut
381 2468 459 2498 quae,
475 2458 502 2488 si
526 2458 559 2488 in
574 2458 661 2488 Mss.
678 2462 778 2498 esset,

77 2514 143 2536 nou
159 2505 327 2539 damnem.
374 2509 482 2539 Recte
509 2518 562 2539 mc
587 2509 777 2549 conjecisse

76 2558 244 2597 postulant,
272 2558 410 2589 videtur
440 2564 561 2599 patere
586 2568 605 2589 e
633 2559 718 2590 Mss.
742 2559 776 2590 in

77 2606 196 2646 quibus
228 2614 392 2640 exaratur
424 2610 506 2640 ratio
537 2613 594 2640 est.
652 2609 776 2641 Posset

77 2655 177 2687 etiam
191 2656 255 2697 legi
270 2659 330 2698 uti,
352 2659 400 2690 sic
423 2659 512 2690 enim
530 2659 642 2691 Oxon.
666 2659 714 2690 rei
734 2669 775 2690 m.

76 2706 360 2750 meiomaximeque
372 2709 423 2740 uti
441 2719 492 2740 res
512 2709 693 2750 nwritimae,
708 2719 775 2750 qua>

1419 204 1535 246 1065

835 311 860 331 c.
876 312 905 332 α.
930 303 952 334 i.
978 313 1018 335 m.
1041 304 1073 335 h.
1096 306 1137 335 ad
1152 315 1184 336 n.
1199 308 1231 337 et
1246 306 1285 336 ad
1301 308 1325 338 t.
1341 304 1379 336 ab
1395 305 1435 336 iis
1450 307 1534 338 adm.

834 352 974 382 resectis
988 356 1177 393 postularent
1194 359 1229 387 ut
1245 360 1280 386 et
1295 365 1397 386 omnes
1409 365 1467 388 res.

878 404 918 432 19
942 403 1048 433 Miltia
1059 414 1200 444 passuum
1217 406 1314 446 vnn]
1339 406 1407 437 Ms.
1427 406 1534 439 Norv:

832 450 936 482 habet
951 452 1048 483 millia
1061 464 1204 493 passuum
1221 465 1288 487 vn.
1306 466 1405 497 quam
1419 457 1535 489 lectio-

833 510 910 532 nem
928 507 1063 533 secutus
1080 510 1133 535 est
1149 505 1217 536 Jul.
1237 507 1353 537 Celsus
1367 507 1427 539 vit.
1444 506 1532 539 Caes.

833 560 866 591 p.
882 554 935 582 74.
982 552 1052 583 Pro
1070 562 1109 584 ea
1125 554 1158 584 in
1172 555 1269 586 editt.
1285 556 1384 587 Rom.
1399 562 1435 587 ct
1447 557 1534 588 Ven.

832 601 920 632 maie
936 602 1059 643 legitur
1075 607 1208 635 centum.
1253 607 1382 637 Vitium
1410 616 1428 637 a
1452 607 1534 638 scri-

833 652 936 683 bente
961 652 1116 685 Librario
1135 655 1308 696 profluxit,
1331 658 1387 697 qui
1404 658 1534 689 dictan-

834 708 901 734 tem
919 713 984 735 non
1008 705 1090 736 satis
1113 707 1255 738 audivit.
1301 708 1446 739 Graecus
1470 709 1532 740 hoc

829 753 865 784 in
875 754 949 786 loco
959 753 1084 787 στάδιον
1092 757 1231 788 ἐντεῦθεν
1241 757 1407 798 προέλθων.
1435 758 1472 789 M
1476 768 1533 790 en-

833 804 915 834 dose
946 805 1095 845 quidem,
1125 810 1163 837 ut
1193 811 1354 848 apparet:
1390 806 1531 838 Gothos.

832 859 945 886 tamen
961 854 1236 895 Jungermannus
1259 866 1295 888 se
1320 857 1451 897 nequiit
1477 866 1534 888 ex-

832 904 963 944 pedire.
1009 904 1234 936 Scribendum
1263 904 1374 936 στάδια
1404 905 1441 946 il,
1469 907 1533 938 hoc

832 960 897 994 est,
919 957 1158 996 quinquaginta,
1181 957 1239 998 qui
1262 957 1446 988 stadiorum
1472 966 1534 988 nu-

831 1014 944 1036 merus
983 1005 1025 1036 ad
1062 1006 1166 1036 millia
1203 1016 1364 1046 passuum
1402 1011 1534 1046 septem

831 1059 962 1086 tantum
995 1064 1060 1086 non
1089 1057 1247 1097 assurgit.
1285 1057 1396 1087 Dat-is.
1446 1056 1534 1088 Mss.

831 1105 997 1145 Bongars.
1014 1105 1181 1145 Vossiani,
1195 1106 1394 1144 Leidenses,
1407 1106 1531 1137 Petav-

832 1156 959 1186 Lovan.
999 1156 1168 1196 Egmund.
1210 1157 1341 1187 Duker.
1383 1156 1532 1187 Dorvill.

831 1205 991 1245 Gottorp.
1008 1210 1043 1236 et
1059 1205 1122 1236 Ed.
1138 1205 1278 1236 Incerta
1295 1208 1390 1237 1473.
1415 1205 1533 1236 unani-

830 1255 932 1297 miter
948 1256 1110 1287 exhibent
1131 1259 1243 1297 septem
1259 1256 1312 1287 vel
1334 1264 1400 1286 vn.
1427 1265 1531 1296 quare

830 1305 873 1336 de
891 1315 930 1337 eo
954 1315 1093 1338 numero
1107 1315 1174 1337 non
1199 1306 1370 1345 dubitans,
1388 1315 1442 1338 vn
1459 1310 1532 1337 tan-

830 1360 901 1386 tum
918 1357 952 1387 in
969 1361 1065 1388 textu
1082 1356 1204 1388 excudi
1222 1356 1352 1388 curavi.

874 1415 976 1438 xxtv.
1010 1410 1030 1437 2
1068 1407 1113 1437 Et
1147 1405 1326 1445 essedariis]
1382 1406 1534 1438 Essedum

831 1456 967 1487 Gallica
997 1466 1075 1496 vox,
1104 1461 1143 1487 ut
1171 1460 1255 1487 vett.
1285 1455 1444 1495 produnt.
1490 1454 1533 1485 In

829 1505 953 1546 glossis
977 1506 1122 1539 veterib.
1148 1506 1296 1545 invenio,
1318 1506 1445 1536 Adseda
1461 1505 1533 1535 sella

829 1555 1038 1596 quadrijugis.
1075 1556 1128 1587 An
1145 1556 1249 1596 igitur
1265 1560 1301 1586 et
1316 1556 1451 1586 essedum
1467 1563 1533 1585 vox

829 1606 951 1636 Latina
967 1606 1010 1637 ab
1038 1606 1230 1646 assidendo,
1254 1606 1307 1636 vei
1333 1603 1534 1636 insidendo?

827 1655 862 1686 Si
880 1655 998 1687 Servio
1014 1656 1198 1694 credimus,
1213 1657 1246 1688 in
1260 1655 1380 1696 Belgio
1395 1656 1534 1686 inventa

829 1709 908 1736 sunt
925 1705 1057 1743 esseda,
1075 1706 1164 1737 unde
1182 1706 1282 1737 Maro
1298 1706 1426 1737 dixerit
1444 1705 1532 1737 Geo.

828 1763 884 1784 111.
909 1754 1071 1794 ‘Belgica
1096 1756 1150 1786 vel
1176 1755 1270 1786 molli
1300 1755 1418 1786 melius
1442 1754 1533 1787 feret

828 1805 948 1836 esseda
970 1805 1082 1835 coilo.’
1126 1805 1193 1836 Ubi
1221 1805 1291 1844 ille,
1316 1806 1325 1822 ‘
1341 1805 1534 1836 Gallicana'

828 1853 938 1895 inquit
962 1855 970 1871 ‘
982 1854 1147 1885 vehicula.
1184 1854 1273 1885 Nam
1285 1854 1393 1894 Belga
1409 1854 1532 1885 civitas

828 1909 879 1935 est
897 1904 1030 1945 Galliae,
1043 1904 1077 1936 in
1099 1913 1167 1946 qua
1187 1904 1424 1944 hujuscemodi
1440 1903 1532 1935 velii-

828 1955 894 1986 culi
908 1960 1064 1996 repertus
1081 1959 1133 1986 est
1150 1954 1254 1985 usus!
1288 1954 1482 1986 Jornandes
1499 1964 1530 1986 c.

828 2008 859 2036 2.
893 2004 935 2036 de
962 2004 1063 2036 rebus
1081 2005 1213 2036 Geticis
1243 2003 1305 2044 ait,
1323 2014 1440 2035 vocem
1460 2005 1534 2035 Bri-

829 2055 1001 2087 tannicam
1018 2063 1105 2094 esse,
1122 2054 1210 2095 quod
1228 2055 1427 2086 tantundem
1450 2053 1533 2095 sere,

830 2115 868 2136 ac
899 2105 927 2135 si
957 2104 1126 2136 Gallicam
1155 2104 1260 2136 dicas.
1319 2103 1433 2134 Verba
1456 2104 1530 2144 ejus

822 2160 928 2187 sunt:
966 2155 975 2171 ⁴
999 2155 1130 2186 Bellum
1170 2154 1301 2195 gerunt'
1340 2154 1531 2196 (Britanni)

827 2206 836 2222 ‘
851 2215 918 2237 non
934 2210 1065 2237 tautum
1089 2206 1246 2246 equitatu
1261 2206 1316 2236 vel
1334 2205 1462 2246 pedite,
1475 2215 1531 2237 ve-

828 2265 902 2286 rum
915 2255 1012 2296 bigis,
1027 2256 1251 2296 curribusque
1271 2255 1419 2287 falcatis:
1445 2266 1529 2298 quos

828 2315 919 2337 more
943 2306 1076 2347 vulgari
1095 2306 1225 2338 Esseda
1241 2306 1387 2337 vocant!
1434 2307 1532 2338 Falli-

828 2361 885 2387 tur
899 2356 963 2387 nisi
979 2357 1068 2387 idem
1088 2361 1140 2388 est
1156 2358 1308 2388 Essedum
1325 2368 1364 2389 ac
1384 2358 1529 2389 Covinus.

830 2407 919 2438 Nam
953 2408 1060 2447 Mela,
1092 2417 1134 2438 ex
1165 2418 1232 2449 quo
1263 2409 1428 2449 pleraque
1454 2409 1528 2440 haec

827 2457 1021 2489 Jornandes
1046 2457 1247 2499 descripsit,
1279 2458 1431 2489 disertim
1462 2459 1527 2489 ait:

828 2516 888 2538 111.
915 2511 945 2539 2.
981 2509 1184 2547 ‘Diniicant
1207 2518 1272 2539 non
1292 2509 1445 2549 equitatu
1455 2518 1529 2539 mo-

830 2557 884 2597 do,
897 2562 955 2589 aut
969 2558 1097 2599 pedite,
1121 2569 1236 2589 verum
1252 2564 1288 2589 et
1304 2558 1388 2597 bigis
1401 2563 1436 2588 et
1452 2567 1526 2589 cur:

827 2607 935 2648 ribus,
957 2609 1091 2640 Gallice
1117 2609 1250 2640 armati.
1300 2608 1446 2640 Covinos
1472 2617 1529 2637 vo-

827 2663 917 2698 cant,
931 2669 1071 2701 quorum
1084 2659 1220 2691 falcatis
1233 2659 1352 2689 axibus
1366 2657 1529 2688 utuntur?

827 2709 1006 2748 Pintianus
1023 2720 1084 2752 pro
1107 2711 1213 2751 pedite
1241 2708 1428 2748 reponebat
1440 2707 1526 2748 pedi-
