1818 3131
235 205 342 244 1:350

227 307 401 338 librarium
429 314 470 335 ex
501 315 549 344 pr.
588 305 649 335 eid.
678 304 800 335 fecisse
827 305 931 344 pridie

227 360 290 397 qius
311 359 385 389 diei.
433 359 520 387 Sane
547 356 626 386 mihi
654 356 827 386 verissima
850 366 930 387 cou-

220 410 374 448 jecta-<w
407 406 576 436 videntur.
636 405 819 445 Perpende
857 405 929 436 loca

228 458 416 495 Ciceronis,
441 462 476 487 et
504 467 578 497 qnae
605 456 647 487 de
676 457 798 495 Numa,
825 461 929 497 atque

226 518 312 540 nuno
330 518 348 539 a
376 510 511 540 Caesare
540 508 697 539 ordinato
726 507 831 538 aiunt.
861 509 929 537 Vos-

222 561 297 590 sius.
345 560 430 589 Cum
450 559 632 598 Pompeius
660 567 702 588 ex
730 557 823 588 Urbe
852 568 928 598 pro-

224 608 449 646 ficisceretur,
461 618 526 638 nou
546 608 654 648 pridie
670 608 744 648 ejus
762 607 845 645 dici,
863 617 928 648 quo

224 659 372 689 sanctius
390 658 546 689 a‘rarium
564 663 653 689 esset
676 662 853 698 apertnm;
879 658 928 688 nti

225 719 265 739 ux
305 708 473 740 Cicerone
512 708 662 738 ostendit
701 707 926 738 Ciaccouius:

225 764 382 799 quaeruut
405 759 478 789 Viri
508 759 628 794 Docti,
654 767 694 788 an
722 767 787 787 nou
816 766 928 787 emcn-

225 809 372 840 dandum
390 810 445 847 sit,
466 809 569 849 pridie
590 808 672 839 Idus
689 819 728 839 eu·
756 807 849 845 l'rbe,
875 808 928 846 ὅγε.

224 860 292 892 Sed
309 861 389 891 nihil
407 870 502 900 opus.
550 860 637 890 Nam
655 859 694 897 si,
723 863 757 888 ut
775 858 929 898 plerique

225 911 434 949 existimant,
458 920 524 940 non
556 908 724 949 Pompeii,
762 908 821 938 sed
857 909 930 939 Ca*-

224 962 308 991 saris
336 961 431 1001 jussu
454 959 633 991 effractum
658 958 723 990 fnit
750 959 928 996 aerarium3

224 1012 306 1042 nibil
337 1012 469 1051 mirum,
494 1011 520 1041 si
550 1012 676 1047 Caesar,
707 1020 772 1051 quo
804 1010 858 1040 die
895 1010 928 1041 id

223 1060 352 1092 factum
376 1061 492 1100 fucrit,
517 1071 582 1091 non
607 1069 686 1091 vere
703 1060 927 1092 demonstret.

226 1112 333 1142 Clark.
379 1113 413 1143 Si
436 1112 538 1152 pridie
566 1112 641 1142 Idus
672 1111 826 1151 recipias,
859 1121 929 1142 rec-

225 1163 291 1193 tius
311 1162 591 1197 t'01·‹=tlmbue1·‹1t;
616 1167 652 1192 ut
678 1161 811 1192 addidit
833 1162 927 1192 (liac-

225 1213 358 1243 conius:
406 1223 510 1252 qnare
549 1213 596 1242 nil
637 1216 769 1242 mutare
808 1216 929 1243 contra

226 1263 350 1300 Mstos,
368 1263 473 1293 satius
492 1267 556 1293 cst.

270 1315 306 1343 ll
333 1314 482 1343 Lentulus
507 1313 645 1343 libertati
674 1312 850 1353 confirmat]
873 1312 927 1343 Sic

225 1373 277 1394 vv.
299 1373 352 1393 cc.
370 1363 536 1401 nonnulli,
553 1368 588 1393 at
604 1363 810 1393 Potavi-anns
824 1362 928 1393 habet

223 1415 262 1443 ad
286 1413 394 1450 ,[υιάιη
422 1414 566 1443 deductos
596 1412 745 1443 Lentulus
774 1412 930 1443 libertatis

223 1463 407 1505 cmfirmat;
431 1468 466 1494 et
483 1464 530 1494 sic
556 1463 761 1503 anacianus
783 1472 929 1504 quoque,

223 1515 287 1545 nisi
305 1514 394 1555 qnod
408 1524 469 1555 pro
485 1515 631 1545 deductos
657 1514 783 1545 retinet
810 1523 928 1545 vocem

220 1566 396 1605 productus,
419 1574 492 1606 quae
511 1565 542 1595 in
568 1565 712 1603 vulgatis
740 1569 804 1595 est.
852 1566 929 1606 Lip-

224 1615 290 1646 sius
305 1616 377 1646 Sat.
405 1625 429 1646 1.
458 1619 506 1647 1-1.
535 1616 739 1647 emendabat
767 1616 929 1648 Libertate

223 1666 393 1707 confirmat.
440 1666 539 1699 Quod
568 1677 634 1697 non
667 1667 785 1707 probo.
840 1668 928 1698 Sane

223 1717 303 1746 mibi
335 1716 465 1756 optima
491 1716 628 1747 videtur
658 1717 762 1748 lectio
793 1726 867 1757 qum
895 1717 927 1748 in

224 1767 345 1799 Petav.
363 1772 397 1798 et
415 1768 535 1808 anac.
561 1768 627 1798 Ms.
656 1773 727 1799 cst:
752 1769 864 1809 itaque
886 1769 929 1799 le-

225 1818 332 1858 gerim
363 1818 519 1849 libertatis
549 1819 728 1860 confirmat.-
754 1824 789 1850 nt
818 1819 928 1849 subiu-

225 1868 401 1908 telligatur
427 1879 573 1899 munere:
595 1869 658 1899 etsi
678 1878 742 1898 non
764 1869 927 1909 ignorem,

226 1927 326 1957 quam
356 1918 502 1959 insolens
534 1918 660 1949 Ca’sari
687 1918 758 1948 lime
784 1918 927 1957 phrasis.

227 1967 317 1999 Quin
336 1968 410 2007 ipsa
425 1967 565 2007 vulgata
582 1968 685 1998 lectio
714 1967 793 1998 mibi
821 1969 929 2008 Lipsi-

226 2025 290 2047 ana
322 2017 563 2048 emendatione
592 2017 698 2056 magis
729 2018 861 2057 placet:
887 2028 928 2048 au

225 2076 290 2096 nou
304 2066 419 2097 similis
433 2076 503 2097 mos
521 2072 574 2098 est
587 2067 770 2108 loquendi?
794 2068 929 2109 quando

225 2117 272 2147 ait
311 2117 382 2147 Cic.
422 2118 525 2157 epist.
555 2126 622 2148 vn.
659 2121 709 2150 13.
746 2118 786 2149 ad
821 2118 928 2150 Attic.

225 2169 234 2185 ‘
254 2168 460 2208 gladiatores
514 2169 696 2209 Pompeius
752 2170 929 2202 distribuit

224 2217 320 2248 binos
348 2219 484 2258 singulis
515 2219 670 2259 patribus
702 2219 928 2251 familiarum!

224 2267 294 2298 Ubi
311 2269 464 2299 similiter
477 2269 628 2300 dativum
647 2275 682 2300 et
698 2271 928 2302 acciuativum

224 2318 387 2350 videmus.
411 2321 540 2351 sossius.
568 2321 606 2351 In
623 2321 716 2351 Leid.
729 2322 835 2361 primo
851 2323 929 2352 scri-

226 2368 316 2400 bitur
326 2370 356 2400 in
368 2371 541 2402 libertatem
555 2371 651 2409 confi:
676 2372 843 2412 quomodo
856 2383 928 2413 pas-

224 2419 284 2449 sim
295 2422 439 2451 occurrit
454 2422 611 2453 vindicare
622 2423 652 2452 in
661 2422 834 2453 tebertaeem
845 2435 854 2453 :
869 2434 928 2462 pro

225 2480 292 2510 quo
308 2471 390 2501 Mss.
406 2473 556 2502 nonnulli
571 2472 711 2503 libertati
725 2472 810 2503 infra
827 2483 856 2503 c.
874 2476 926 2504 22.

224 2521 280 2552 ubi
297 2521 385 2553 vide.
430 2523 557 2553 Verum
575 2523 628 2553 hic
647 2523 711 2553 loci
737 2522 928 2562 profectum

225 2570 268 2602 ab
298 2571 582 2612 interpretatione
609 2573 756 2612 videtur,
776 2577 811 2604 et
828 2574 928 2605 veris-

223 2622 305 2652 sima
326 2633 398 2653 cst-c
413 2623 514 2654 lvctio
531 2633 611 2653 sane
626 2624 723 2654 (locta
742 2629 777 2655 et
793 2625 928 2665 elegans

225 2673 391 2710 libertatis,
408 2683 482 2714 quir
499 2678 605 2704 restat
622 2676 724 2705 etiam
744 2675 775 2705 iu
803 2676 926 2715 Scalig.

225 2727 261 2754 et
290 2724 503 2755 Lovaniensi.
551 2724 741 2765 Corfirmare
775 2725 930 2756 libertatis

223 2772 257 2803 id
276 2778 341 2815 cst,
365 2778 491 2812 certos,
516 2773 640 2816 firmos,
664 2784 800 2807 securos
825 2775 928 2807 liber-

693 211 838 241 NO'PAE
871 210 1138 242 VARmRUM
1174 212 1224 242 ΙΝ

984 305 1065 336 tatis
1103 315 1176 337 esso
1209 306 1333 346 jussit;
1366 315 1429 338 nec
1465 311 1596 339 tanturn
1626 318 1685 342 eos

982 355 1150 387 libertatis
1182 357 1367 397 admonuit,
1394 358 1451 388 sed
1484 359 1586 398 plene
1610 369 1686 400 pro-

983 406 1082 437 misit.
1128 407 1257 437 Similia
1288 408 1365 438 vide
1396 407 1436 438 ad
1463 417 1525 439 vn.
1552 412 1605 440 77.
1633 413 1685 442 80.

982 455 1377 487 Grauimaticorum‘filii
1405 457 1529 488 nodum
1554 464 1685 498 secant,

982 515 1046 536 uon
1086 507 1241 543 solt-unm
1283 508 1339 548 qui
1373 508 1587 549 Hypallageu
1613 519 1685 540 esse

981 555 1162 595 tingerent,
1180 566 1242 596 pro
1263 558 1370 597 quibus
1385 559 1560 590 libertatem
1576 560 1686 602 confir·

981 608 1054 635 mat.

1027 657 1064 684 17
1092 655 1215 685 Circum
1225 655 1404 692 fizmiliares
1417 663 1579 690 conrcntus
1593 662 1685 690 (Him-

977 704 1080 743 panioe
1103 706 1249 735 custodiae
1263 716 1368 737 caussa
1383 709 1561 748 distribuit]
1591 710 1685 741 Ursi-

982 763 1043 784 nus
1086 759 1121 785 et
1163 755 1364 787 Ciaccouins
1405 759 1535 799 legunt,
1570 761 1686 791 circum

974 804 1113 841 familia¹
1138 809 1244 844 patres
1272 812 1437 838 caru-culus
1468 811 1630 849 Campani,
1657 822 1685 843 c.

982 866 1008 884 c.
1025 856 1056 885 d.
1081 855 1162 886 moti
1191 856 1302 887 verbis
1329 857 1447 895 Tullii,
1473 869 1546 899 qnae
1572 862 1684 900 paullo

982 910 1060 935 ante
1090 905 1280 937 citavimus.
1329 909 1400 948 Ego
1419 909 1555 949 legerim
1571 910 1686 942 circum

973 954 1135 990 firmilias:
1158 963 1194 987 vt
1210 963 1330 997 postca
1344 959 1411 989 vidi
1427 959 1508 990 item
1527 960 1682 992 Rubenio

982 1005 1163 1044 placuisse,
1188 1017 1248 1047 pro
1277 1008 1457 1049 Campanioe
1480 1015 1518 1042 nt
1533 1012 1684 1050 Campani

982 1056 1206 1087 rescribamus
1221 1070 1227 1088 ι
1253 1058 1326 1099 ipsa
1344 1060 1429 1090 ratio
1446 1060 1576 1092 dictare
1593 1061 1685 1092 vide·

983 1111 1059 1144 tur;
1098 1117 1172 1138 uani
1203 1110 1390 1149 Campania
1426 1115 1461 1141 et
1497 1116 1685 1144 conventus

982 1158 1173 1197 Campanus
1203 1160 1291 1190 idem
1319 1166 1408 1192 sunt.
1437 1161 1571 1193 Vossius.
1619 1162 1685 1193 Im-

982 1209 1081 1249 plcxe
1099 1215 1133 1240 et
1160 1219 1290 1241 morose
1318 1212 1446 1242 dictum
1477 1212 1612 1243 videtur
1629 1213 1683 1250 sa-

980 1260 1118 1290 milinres
1161 1265 1324 1292 conventus
1368 1262 1557 1302 Campanioe.
1615 1263 1683 1296 Qui

980 1310 1070 1339 enim
1098 1310 1151 1340 isti
1178 1311 1276 1340 sunt?
1301 1311 1433 1350 Cicero,
1456 1314 1512 1353 qni
1539 1313 1572 1344 in
1601 1314 1684 1346 locis

980 1359 1097 1389 vicinis
1121 1365 1155 1390 et
1183 1364 1314 1390 tantum
1339 1371 1403 1392 non
1422 1362 1455 1393 in
1472 1372 1507 1394 re
1525 1366 1683 1403 praesenti

981 1407 1057 1447 suit,
1075 1409 1203 1450 liquido
1221 1410 1270 1440 ita
1285 1416 1413 1451 narrat,
1426 1416 1463 1443 ut
1479 1413 1681 1453 gladiatores

981 1458 1156 1490 distributi
1194 1461 1294 1491 modo
1322 1461 1390 1493 sint
1422 1463 1456 1493 in
1482 1463 1565 1495 urbe
1597 1464 1683 1504 ipsa.

980 1508 1096 1539 Verba
1112 1509 1182 1550 ejus
1198 1511 1307 1551 Epist.
1331 1511 1374 1542 ad
1399 1511 1509 1544 Attic.
1538 1522 1604 1546 vn.
1630 1517 1681 1546 14.

979 1560 1227 1592 ‘Gladiatores
1265 1562 1424 1600 Caesaris,
1464 1564 1521 1604 qui
1555 1565 1682 1605 capuae

980 1615 1072 1649 sunt,
1097 1621 1175 1642 saue
1205 1612 1380 1643 commode
1408 1614 1593 1654 Pompeius
1620 1615 1685 1645 dis-

980 1661 1112 1699 tribuit,
1131 1662 1226 1693 binos
1243 1663 1383 1703 singulis
1408 1665 1564 1705 patribus
1588 1664 1684 1696 fami-

979 1713 1123 1745 liarnm.'
1170 1716 1248 1746 Non
1265 1721 1347 1755 e†go
1363 1721 1492 1748 temere
1517 1717 1684 1748 credimus

980 1774 1042 1804 per
1058 1764 1140 1795 alios
1155 1772 1343 1798 conventus
1361 1765 1554 1807 Campaniae
1571 1768 1683 1799 distri-

981 1816 1091 1846 butos,
1139 1813 1222 1847 Mihi
1239 1822 1310 1848 stat
1322 1818 1437 1858 legere
1453 1818 1567 1849 circum
1584 1818 1683 1855 fami-

980 1866 1039 1896 lias
1066 1871 1228 1897 cem-entus
1258 1869 1421 1908 Campani.
1467 1869 1682 1901 Conventum

979 1917 1187 1956 campanum
1214 1918 1348 1957 accipio
1378 1919 1469 1959 ipsos
1490 1919 1617 1950 incolas
1647 1924 1682 1951 et

979 1975 1102 2006 corpus
1129 1967 1252 2008 Capuae
1284 1968 1387 1999 urbis.
1432 1969 1487 2000 Sic
1510 1970 1519 1986 ‘
1536 1979 1682 2000 conven-

981 2021 1050 2047 tnm
1085 2018 1294 2049 Uticensem'
1318 2019 1408 2050 infra
1436 2020 1607 2058 nominat;
1633 2021 1681 2052 sic

980 2068 1206 2098 ‘conventum
1245 2069 1512 2101 Cordubensem'
1544 2079 1583 2101 u.
1608 2073 1681 2101 19.:

981 2117 1028 2148 sic
1047 2117 1089 2148 de
1104 2118 1164 2149 bae
1180 2119 1253 2159 ipsa
1276 2120 1359 2150 urbe
1376 2129 1431 2150 111.
1449 2123 1502 2151 21.
1520 2121 1528 2137 ‘
1545 2121 1683 2152 Pericu-

980 2168 1047 2198 lum
1078 2169 1217 2208 veritns,
1253 2170 1342 2210 qnod
1370 2175 1558 2202 conventus
1589 2180 1683 2202 arma

980 2220 1143 2259 ceperat!
1190 2221 1278 2252 Vide
1305 2222 1444 2252 Festum
1470 2221 1513 2253 de
1538 2222 1601 2253 hac
1618 2222 1683 2263 sig-

979 2269 1172 2301 nificatione
1187 2272 1279 2303 vocis
1299 2275 1462 2303 conventus
1485 2277 1519 2304 et
1540 2271 1683 2303 Asconi-

980 2329 1034 2350 um
1073 2324 1175 2361 atque
1212 2322 1303 2353 alios
1355 2323 1432 2354 Jam
1462 2323 1637 2363 Campanus
1663 2331 1683 2352 a

980 2370 1098 2411 Capua
1112 2371 1288 2411 formatur,
1305 2381 1370 2403 non
1389 2373 1566 2413 Capuanus,
1590 2372 1680 2413 qnod

980 2421 1090 2452 Varro
1113 2422 1278 2454 imlicarit
1301 2423 1322 2453 l.
1352 2432 1402 2454 ix.
1426 2424 1494 2454 LL.
1519 2422 1680 2462 Virgilius

980 2471 1082 2502 etiam
1107 2476 1115 2490 ‘
1130 2474 1174 2504 Et
1201 2474 1326 2514 Capys,
1341 2473 1416 2504 binc
1440 2481 1560 2504 nomen
1584 2473 1681 2503 Cam-

980 2533 1076 2563 panae
1106 2525 1241 2556 ducitur
1267 2525 1367 2556 urbi.'
1415 2525 1499 2555 Haec
1528 2523 1589 2554 Pb.
1614 2525 1681 2555 Ru-

981 2573 1100 2606 benius
1117 2576 1228 2606 Elect.
1257 2585 1281 2607 1.
1306 2579 1337 2605 8.
1382 2574 1468 2605 Vide
1499 2578 1534 2604 et
1559 2575 1594 2606 J.
1624 2575 1679 2606 Fr.

980 2625 1188 2657 Gronovinm
1218 2626 1361 2657 observ.
1395 2633 1448 2655 111.
1479 2627 1530 2655 22.
1566 2625 1680 2655 Daris.

979 2676 1134 2706 Virorum
1152 2676 1328 2706 doctorum
1351 2675 1621 2705 emendationem
1646 2675 1680 2706 iu

981 2729 1113 2755 textum
1159 2725 1292 2765 recepit
1332 2725 1511 2764 Cellarius,
1537 2725 1681 2763 familias

979 2783 1064 2805 conv.
1095 2776 1257 2815 Cameni.
1304 2775 1381 2806 Nou
1408 2775 1524 2816 rejicio
1551 2780 1680 2807 temere
