1818 3131
181 185 293 227 13:36

181 297 327 327 maxime
340 296 557 327 vehementes
570 295 801 334 confirmasse,
816 305 885 335 seg-

182 346 294 377 niores
326 350 438 376 autem
479 345 660 383 incitasse3
698 347 750 376 vel
782 346 886 377 etiam

182 398 289 428 laudat
305 396 470 435 Pompeius
482 406 579 435 acres,
603 397 635 428 in
650 400 804 437 posterum
818 408 887 428 con-

175 447 307 489 firmat:
337 446 504 486 segniores,
525 448 577 485 ἔμ’.
626 446 677 478 Ac
702 447 787 479 hauc
806 457 887 479 sane

186 497 420 536 conjecturam
450 497 671 536 praetulerim.
723 498 884 529 Dari-rim.

185 546 362 586 promptos.
404 546 489 576 Mss.
518 550 553 577 et
580 547 801 579 Editt.Vett.
831 549 886 579 ha-

184 594 280 630 bent.
306 595 482 635 Pompeius.
526 596 627 629 Quod
656 601 692 628 et
719 596 801 628 ferri
829 607 884 638 po-

183 649 266 675 test.
313 645 436 686 Neque
465 646 553 677 euim
585 656 722 678 necesse
747 651 812 686 est,
848 652 885 677 ut

185 695 243 731 sit,
282 695 370 736 quod
415 698 459 735 τῷ
500 698 656 736 segniores
685 700 887 737 opponatur.

188 745 320 776 Laudat
347 746 532 787 Pompeius
561 757 698 785 omnes;
731 746 818 786 siqui
841 750 889 776 ta-

186 805 263 826 men
281 797 394 836 paullo
417 798 590 837 segniores
616 797 807 835 videantur,
828 795 888 826 hos

187 846 334 887 castigat
344 847 495 887 insuper,
507 851 610 887 atque
628 846 757 876 incitat.
782 845 889 877 Clark.

186 895 272 927 Post
287 900 456 937 opponatur
471 897 578 934 adde;
609 896 747 927 Tacitus
771 896 802 926 in
830 895 889 928 vit.

186 946 359 987 Agricolae
383 956 412 978 e.
440 949 494 977 21.
523 946 676 977 laudando
700 950 890 986 promptos,

188 1003 224 1029 et
250 997 432 1036 castig-ando
462 1006 594 1037 segnes.
642 997 716 1028 Nec
742 1007 781 1027 ea
810 1006 890 1027 saue

188 1048 387 1088 conjectura
405 1047 523 1078 melius
545 1046 729 1087 quidquam
755 1056 890 1087 possum

187 1098 409 1137 comminisci,
433 1097 495 1128 nisi
509 1096 635 1135 forsan,
655 1098 857 1138 promptiores
873 1107 892 1127 a

191 1149 335 1180 Caesaris
364 1158 465 1179 manu
491 1147 592 1178 fuisse
611 1147 755 1188 judices.
802 1148 891 1178 Dele

189 1201 259 1230 vide
275 1203 390 1238 tamen,
407 1200 458 1237 ὅτ.
476 1198 517 1229 ad
534 1197 636 1228 finem
652 1202 753 1228 notm.
779 1197 890 1228 Duris.

191 1259 266 1281 cur.
290 1259 357 1280 sec.
402 1249 566 1288 Pompeius
595 1248 721 1278 habent
746 1248 829 1278 Mss.
857 1252 892 1278 et

189 1299 280 1331 Edd.
307 1308 420 1330 omnes
451 1299 494 1329 ad
520 1298 732 1335 Scaligerum
761 1307 891 1338 usque:

191 1351 282 1392 quod
300 1350 447 1390 reposui,
470 1349 579 1380 donec
608 1349 814 1389 l’antagatlii
836 1354 894 1380 aut

190 1401 323 1434 Davisii
356 1400 556 1440 conjectura
595 1399 720 1429 certius
758 1399 894 1429 aliunde

191 1450 423 1483 confirmetur.
468 1448 577 1479 Taciti
596 1448 707 1478 locum
730 1448 802 1488 jam
826 1448 896 1478 lau-

191 1501 332 1532 daverat
353 1499 566 1531 Ciaccouius.
605 1498 745 1530 Clarkio
763 1499 897 1540 praeivit

193 1552 442 1583 Hotomannus.

234 1606 255 1633 (5
281 1602 458 1642 Cmnpletur
471 1601 546 1631 urbs
569 1601 669 1638 adjus
691 1600 896 1631 comitiorum.

196 1653 351 1684 Tribunos
362 1652 406 1692 pl.
425 1652 520 1681 Curio
536 1650 656 1690 evocat]
685 1650 751 1681 Ms.
769 1650 899 1690 Cujacii

195 1709 229 1734 et
248 1713 280 1734 v.
296 1714 324 1733 c.
342 1707 458 1733 noster
471 1701 597 1732 liabent
616 1704 645 1731 et
659 1700 712 1739 jus
727 1700 897 1730 comitium.

194 1754 249 1785 Sic
267 1758 301 1784 et
317 1753 382 1784 ΜΒ.
401 1753 509 1784 Norv.
555 1752 623 1783 Sed
649 1751 730 1792 quia
751 1751 823 1782 hanc
847 1760 901 1781 co-

194 1805 291 1836 mitia
314 1805 386 1846 jam
407 1802 622 1835 habebantur
640 1801 779 1832 ineunte
794 1800 900 1832 Janu-

196 1856 281 1891 ario,
305 1866 368 1886 nec
382 1856 451 1886 ulla
465 1855 531 1885 alia
546 1853 642 1885 brevi
656 1852 774 1884 futura
789 1856 900 1891 erant,

196 1906 459 1947 dispiciendum,
472 1914 514 1935 an
531 1913 597 1934 non
613 1907 794 1943 corruptus
808 1903 901 1933 loeus

196 1957 252 1987 sit.
295 1956 384 1986 Sane
401 1955 434 1985 id
456 1953 600 1994 putabat
616 1952 829 1991 ciacconius,
856 1952 902 1982 le-

197 2007 370 2046 gebatque
387 2006 554 2045 completur
568 2002 651 2034 urbs.
675 2004 726 2034 Ad
738 2003 795 2041 J'us
811 2002 904 2033 comi-

196 2058 312 2089 tiorum
338 2056 476 2086 tribunos
508 2056 553 2094 pl.
586 2055 623 2084 C.
663 2053 757 2084 Curio
787 2055 901 2083 evocat.

198 2108 247 2139 Ut
275 2106 357 2137 illud
382 2106 552 2146 completur
578 2103 620 2134 ad
644 2103 770 2135 milites
802 2103 902 2134 Pom-

200 2157 267 2198 peii
284 2156 466 2193 referatur,
489 2165 573 2196 quos
591 2155 708 2186 Caesar
722 2154 903 2186 arcessitos

198 2209 308 2239 dicit:
335 2208 443 2239 altera
471 2205 577 2236 verba
603 2205 770 2236 denotent
786 2204 904 2236 Curio-

198 2269 275 2290 nem
293 2268 452 2289 evocasse
465 2255 582 2287 Tribb.
598 2255 708 2296 plebis
727 2255 769 2285 ad
789 2253 904 2285 defen-

200 2309 349 2341 dendum
366 2307 527 2348 illudjus‚
552 2305 641 2347 quod
665 2305 790 2337 Caesari
809 2314 905 2345 supe-

200 2361 345 2393 rioribus
361 2359 506 2392 comitiis
524 2368 543 2389 a
559 2358 686 2398 populo
708 2367 904 2388 concessum

200 2417 286 2450 erat,
310 2412 359 2443 uti
376 2410 526 2441 absentis
557 2409 632 2452 ejus
661 2407 748 2439 ratio
765 2407 906 2439 habere-

201 2469 269 2495 tur.
315 2463 383 2494 Sed
411 2463 492 2494 mihi
517 2462 666 2493 insolens
698 2461 757 2491 illa
779 2460 905 2491 locutio

203 2515 349 2553 videtur,
372 2523 517 2545 evocare
535 2513 683 2553 aliquem
711 2510 753 2542 ad
770 2511 826 2551 jus
853 2521 907 2542 co-

203 2565 400 2602 mitiorum3
425 2573 487 2605 pro
515 2573 555 2594 eo
587 2562 675 2603 quod
704 2565 768 2600 est,
792 2566 829 2592 ut
847 2562 906 2602 jus

204 2615 419 2647 comitiorum
450 2611 638 2644 defendat:
678 2611 802 2643 deinde
840 2621 906 2653 quo

205 2664 364 2696 evocavit
391 2663 495 2697 tribb.
522 2663 644 2695 Curio?
676 2664 748 2703 Ego
775 2663 906 2701 scribo;

204 2716 372 2756 completur
380 2714 470 2746 urbs.-
485 2713 586 2751 adjus
599 2713 791 2744 comitiorum
804 2713 902 2744 eribu-

205 2776 260 2797 nus
283 2767 327 2807 pt.
356 2765 393 2796 C.
413 2763 507 2796 Curio
521 2768 689 2806 provocat.-
713 2762 765 2794 vel
782 2765 908 2804 comple-

652 194 793 225 NOTAE
826 194 1088 224 VARloRUM
1123 194 1173 224 ΙΝ

936 299 989 326 tur
1004 295 1097 326 urbs:
1120 296 1159 325 od
1179 294 1235 332 jus
1260 294 1451 326 comitiorum
1476 294 1570 326 tribb.
1590 298 1634 336 pl.

936 349 966 375 et
980 346 1074 376 Curio
1089 348 1254 385 provocant
1267 355 1278 381 ;
1299 354 1376 375 uam
1395 345 1442 375 uti
1466 355 1509 376 ex
1526 346 1637 378 Dione

937 394 1108 434 discimus,
1142 395 1243 426 Curio
1270 400 1350 427 tuuc
1381 394 1537 435 pontifex
1569 405 1636 428 nou

937 451 1034 485 erat3
1060 446 1121 476 nisi
1140 446 1309 476 tribunum
1334 450 1508 486 nuncupet
1524 447 1639 478 Caesar

938 505 1026 535 eum,
1063 496 1119 536 qui
1151 496 1209 527 illo
1240 497 1272 526 iu
1302 495 1420 527 ordine
1457 496 1638 538 aliquando

939 545 1013 577 fuit.
1053 546 1185 576 Vossius.
1233 547 1308 577 Nisi
1326 556 1378 577 me
1395 546 1526 578 animus
1540 546 1643 588 fallit,

939 595 1155 626 scribendum
1186 597 1363 636 Completw·
1390 597 1473 629 urbs.
1523 599 1575 629 Ad
1586 598 1642 636 jus

938 647 1133 678 comitiorum
1166 647 1316 678 Tribunos
1351 648 1448 687 plebis
1477 648 1512 679 C.
1546 648 1642 679 Curio

939 699 1066 728 advocat
1080 708 1091 734 ,·
1114 698 1186 728 liaec
1203 697 1290 728 enim
1304 707 1370 728 vox
1383 698 1425 728 ad
1435 699 1642 737 patrocinium

939 746 1046 787 κυρίως
1072 748 1234 788 pertinet.
1280 747 1391 778 Davis.
1436 748 1524 778 Vide
1545 749 1589 778 sis
1609 748 1644 780 J.

943 798 998 828 Fr.
1017 798 1222 828 Gronovium
1247 797 1290 828 ad
1318 797 1456 828 Senecae
1474 797 1517 828 de
1536 798 1645 829 Clem.

942 857 967 880 1.
993 852 1024 880 9.
1072 849 1171 888 Idem,
1195 858 1266 879 cur.
1288 857 1356 880 sec.
1402 847 1546 879 Rectius
1575 847 1645 879 sine

944 899 1048 929 dubio
1077 898 1315 938 distinguitur:
1358 898 1535 938 Completur
1561 897 1645 929 urbs.

944 950 1056 987 Adjus
1071 950 1276 989 comitiorum,
1291 951 1344 989 &a
1385 948 1562 982 Quomodo
1571 949 1646 989 jam

944 1000 1085 1032 Vascos.
1115 1001 1183 1031 Str.
1216 1001 1335 1041 Stepli.
1378 1000 1501 1041 aliique
1532 999 1650 1030 edide-

945 1055 1036 1090 runt,
1059 1060 1183 1092 eosque
1200 1056 1336 1081 secutus
1361 1060 1445 1081 sum.
1493 1049 1561 1080 Pro
1580 1059 1647 1080 ero-

943 1103 993 1130 cut
1008 1100 1068 1131 Vir
1083 1100 1203 1132 doctus
1215 1100 1365 1140 conjecit
1377 1105 1411 1131 et
1423 1103 1552 1131 sevocat.
1577 1099 1647 1130 Sed

945 1150 1070 1190 malim,
1094 1150 1119 1180 si
1145 1150 1179 1180 in
1203 1160 1243 1181 eo
1262 1150 1340 1191 quid
1358 1150 1568 1188 mutandum,
1595 1151 1649 1180 od-

944 1203 1052 1231 rocot:
1077 1201 1125 1231 uti
1157 1201 1248 1240 apud
1273 1201 1430 1232 Tacitum
1457 1200 1549 1231 Hist.
1566 1200 1587 1230 Ι.
1606 1209 1647 1230 11.

946 1260 1046 1291 quem
1069 1251 1189 1282 citavit
1214 1252 1287 1291 jam
1319 1251 1480 1282 Ciaccon.
1509 1250 1652 1281 ‘Tribu-

944 1310 1004 1331 nos
1021 1301 1129 1342 piebis
1158 1302 1189 1331 in
1214 1302 1374 1332 auxilium
1392 1306 1516 1342 spretae
1535 1305 1650 1341 potes-

947 1352 1027 1382 tatis
1054 1351 1260 1382 a‹lv0cavit.'
1308 1352 1401 1382 Nota
1431 1356 1510 1382 sunt
1541 1351 1652 1382 omnia

949 1401 991 1431 de
1021 1401 1188 1432 advocatis.
1244 1401 1372 1431 Verum
1403 1401 1503 1431 altius
1530 1401 1653 1431 vulnus

949 1451 1078 1481 auctori
1107 1451 1243 1481 insidet.
1290 1450 1409 1481 Petav.
1437 1450 1657 1490 Cujac.Sca-f

949 1501 1007 1540 lig.
1026 1500 1123 1532 Leid.
1146 1510 1196 1541 pr.
1226 1501 1349 1531 Lovau.
1378 1500 1489 1530 Pulm.
1517 1499 1652 1531 scliedae

949 1551 1078 1582 liabent
1110 1550 1190 1582 Urbs
1212 1555 1248 1582 et
1263 1551 1324 1581 Jus
1349 1550 1527 1581 comitium.-
1550 1555 1652 1591 atque

949 1601 999 1632 ita
1014 1602 1097 1632 Var.
1116 1602 1183 1632 LL.
1202 1601 1315 1632 Plant.
1333 1599 1396 1631 Ed.
1413 1602 1506 1631 1578.
1551 1599 1653 1630 Comi—

950 1652 1029 1682 tium
1054 1656 1106 1683 est
1135 1661 1266 1693 quoque
1294 1651 1329 1681 in
1356 1651 1466 1681 Palat.
1491 1654 1527 1681 et
1555 1650 1654 1682 Voss.

952 1702 1032 1741 Ejus
1046 1702 1079 1732 in
1098 1701 1159 1732 Ed.
1176 1702 1262 1732 Veu.
1282 1703 1375 1732 1494.
1422 1700 1512 1732 Dein
1534 1710 1596 1740 pro
1615 1701 1654 1731 C.

951 1752 1057 1791 Curio,
1081 1752 1137 1793 qui
1155 1751 1245 1792 apud
1268 1751 1405 1782 Celsum
1433 1761 1465 1790 p.
1484 1752 1558 1782 143.
1581 1759 1652 1781 cor-

949 1807 1051 1842 rupte
1068 1794 1213 1834 vocatur
1226 1802 1347 1840 Cicero,
1365 1801 1447 1831 Mss.
1463 1801 1541 1832 Pet.
1561 1800 1652 1833 Scal.

950 1853 1068 1893 Cujac.
1097 1852 1189 1884 Leid.
1220 1862 1271 1892 pr.
1301 1861 1366 1883 see.
1399 1852 1497 1882 Voss.
1526 1851 1655 1882 Lovan.

950 1903 1057 1942 Bong.
1094 1901 1178 1932 dant
1205 1900 1366 1939 Centurio,
1404 1910 1480 1931 cum
1518 1900 1652 1932 schedis

951 1952 1063 1983 Pulm.
1081 1956 1115 1982 et
1132 1951 1231 1983 variis
1251 1952 1317 1982 LL.
1332 1951 1448 1982 Plaut.
1473 1951 1572 1982 Unde
1586 1950 1654 1982 for·

950 2011 1009 2032 san
1026 2011 1090 2032 non
1108 2003 1226 2042 procul
1253 2011 1272 2032 a
1295 2011 1373 2032 vero
1397 2000 1564 2041 refingere
1582 2011 1656 2042 pos-

952 2062 1073 2084 semuS.
1120 2053 1299 2093 Completw·
1321 2053 1393 2084 urbs
1417 2056 1446 2083 ct
1467 2053 1531 2091 ejus
1547 2053 1650 2083 Comi-

950 2103 1029 2133 tium
1045 2103 1180 2134 tribunis
1204 2104 1269 2134 mic.
1311 2103 1566 2143 Centurionibus,
1589 2113 1656 2133 evo-

952 2154 1041 2186 catis.
1087 2154 1267 2188 Quomodo
1283 2155 1407 2195 partim
1432 2154 1476 2185 ad
1501 2154 1580 2185 libri
1605 2154 1657 2186 sui

952 2205 1136 2245 marginem
1160 2205 1390 2246 adscripscrat
1414 2205 1557 2246 Lipsius,
1598 2205 1657 2236 Co·

953 2255 1075 2286 mitium
1092 2255 1263 2287 addiderit
1280 2261 1414 2296 auctor,
1439 2256 1519 2297 quia
1540 2256 1603 2287 hoc
1624 2256 1659 2286 in

953 2305 1027 2337 foro
1043 2311 1117 2337 erat
1135 2315 1243 2346 prope
1265 2307 1413 2338 curiam:
1449 2306 1539 2338 uude
1564 2310 1659 2337 metu

954 2363 1161 2390 armatorum
1179 2363 1369 2398 senatores,
1393 2357 1535 2389 Caesaris
1558 2356 1661 2397 parti-

957 2410 1020 2440 bus
1037 2409 1160 2448 dediti,
1184 2409 1292 2440 libere
1317 2408 1522 2440 sententiam
1544 2407 1661 2438 dicere

957 2468 1022 2490 uon
1041 2459 1113 2490 ausi
1128 2458 1284 2490 fuissent.
1319 2458 1446 2490 Urbem
1459 2456 1661 2489 militaribus

955 2509 1039 2539 viris
1056 2508 1192 2549 plenam
1217 2508 1334 2548 fuisse,
1358 2508 1413 2538 alii
1435 2516 1567 2548 quoque
1594 2511 1661 2536 tra-

957 2560 1044 2591 dunt
1060 2560 1224 2591 historici.
1267 2559 1363 2590 Alias
1388 2566 1521 2599 quoque
1548 2557 1582 2588 in
1608 2562 1660 2587 tu-

956 2613 1066 2645 multu
1088 2612 1154 2643 hoc
1179 2610 1320 2642 factum.
1365 2609 1485 2641 Cicero
1502 2618 1563 2649 pro
1578 2608 1662 2638 Sex-

957 2663 1006 2693 tio
1023 2672 1053 2694 c.
1070 2665 1121 2693 35.
1151 2662 1159 2678 ‘
1178 2661 1299 2697 forum,
1323 2659 1507 2698 comitium,
1529 2657 1659 2689 curiam

957 2712 1095 2743 armatis
1116 2710 1305 2742 hominibus
1324 2707 1558 2749 implevisset!
1595 2707 1661 2738 Im·

956 2773 1010 2795 mo
1037 2762 1110 2804 ipse
1129 2762 1244 2793 Caesar
1260 2759 1447 2800 metuebat,
1471 2767 1524 2799 ne,
1549 2757 1575 2790 si
1593 2756 1659 2800 pri-
