1818 3131
353 204 859 247 1ΛΒ.ν.οΑΡ.44.οΕ
895 216 1050 247 nunno
1083 216 1313 247 GALLuun

106 317 147 346 ut
168 322 224 344 nec
240 312 352 344 valeat
379 314 407 342 et
430 320 479 342 ne.
531 308 586 340 Sic
603 307 635 338 in
653 307 735 338 Mss.
751 317 802 338 ne-

107 374 164 404 que
185 364 307 404 quidem
333 363 374 394 Β.
405 361 477 393 Civ.
504 367 558 389 ιιι.
574 360 627 390 47.
654 367 730 388 nam
749 367 803 388 vo-

106 415 183 445 cula
199 418 263 445 turn
280 422 345 444 non
359 415 535 452 comparet
551 410 584 440 in
609 410 692 441 Mss.
717 418 803 449 prae-

104 467 258 504 terquam
286 463 318 493 in
343 462 461 501 Cujac.
477 459 566 490 And.
591 459 682 490 Scal.
705 458 801 489 Leid.

105 523 154 554 pr.
172 518 207 544 et
223 513 334 544 Oxon.
380 511 419 541 ln
441 520 580 551 quorum
605 509 732 540 ultimis
753 513 802 539 ta·

103 573 180 595 men
207 564 314 594 locum
337 561 439 592 habet
459 561 649 592 incertum:
675 569 750 590 nam
768 558 801 588 iu

103 612 198 644 Leid.
214 615 278 643 tum
290 612 423 651 quidem,
446 611 479 642 in
495 610 609 641 Oxon.
625 615 659 642 et
677 609 740 641 Ed.
758 608 802 641 R.

101 661 219 703 Steph.
234 671 296 692 sese
308 665 372 692 tum
388 660 553 692 liabetur:
589 669 658 691 non
673 658 803 690 addunt

101 720 175 744 eam
191 721 324 754 quoque
340 712 426 743 Edd.
443 711 698 752 antiquissimae.
735 710 802 742 Sed

100 767 231 794 temere
248 763 281 793 in
297 767 366 793 tam
379 761 518 792 minutis
532 770 644 791 rursus
660 764 803 798 mutare,

101 822 215 854 operae
234 813 382 853 pretium
410 821 476 842 non
502 816 572 842 est:
602 815 638 841 et
654 810 734 841 mihi
758 810 803 840 vi-

100 863 201 895 detur
215 863 326 904 potius
341 863 395 893 hic
413 862 576 893 excidisse
594 865 628 892 et
647 861 690 892 ad
706 871 801 902 seqq.

99 914 254 945 Mediocri
266 913 406 953 delapsa
418 921 491 943 esse
505 911 627 943 vocula
639 914 704 942 tum
715 922 725 941 .·
743 910 801 942 ubi

101 962 190 994 vide.
234 963 354 994 Ubivis
370 973 407 994 ne
423 963 545 1003 quidem
561 963 594 993 in
608 972 662 993 nec
678 961 802 1002 quidem

100 1013 323 1054 depravatum
355 1018 418 1044 est.
463 1013 505 1044 V.
534 1013 585 1044 Cl.
617 1011 798 1043 Drakenb.

99 1062 141 1094 ad
158 1062 231 1094 Liv.
248 1071 274 1093 x.
292 1065 344 1093 10.

142 1116 182 1146 12
205 1112 430 1154 »subsequitum
452 1112 600 1144 mediocri
624 1112 728 1152 spatio
753 1121 799 1142 re-

97 1165 181 1196 licto.
197 1164 311 1206 PuIfio,
325 1164 394 1204 ξι]
421 1164 503 1195 Mss.
522 1164 608 1203 Reg.
621 1162 749 1194 Eliens.
764 1166 800 1193 et

98 1215 232 1247 Vossii:
260 1214 467 1254 subsequitur.
527 1213 618 1253 Tum,
652 1212 800 1243 mediocri

96 1266 197 1306 spatio
224 1265 344 1306 relicto,
366 1264 482 1306 Pulfio,
508 1265 561 1303 ὅτ.
619 1262 799 1296 Quomodo

98 1319 135 1347 et
151 1315 295 1348 Graecus
311 1315 465 1355 accepit:
505 1322 606 1345 sensu
622 1313 726 1344 nihilo
742 1313 801 1344 mi-

99 1373 161 1395 nus
173 1364 360 1396 commodo.
387 1364 496 1394 Clark.
554 1363 604 1393 Ut
620 1366 657 1392 et
673 1362 800 1393 Celsus.

102 1415 180 1445 Cum
207 1415 246 1445 ad
265 1414 386 1453 jactum
411 1414 467 1445 teli
489 1412 676 1453 pervenisset
699 1412 800 1443 Pullo.

98 1464 176 1496 Sive
203 1474 284 1506 ergo
311 1468 375 1496 tum
402 1465 456 1495 vel
482 1467 555 1494 tunc
588 1462 692 1494 addas
724 1472 801 1494 cum

99 1513 187 1545 Edd.
219 1515 336 1554 primis
366 1519 402 1545 et
431 1515 471 1546 R.
501 1513 620 1554 steph.
653 1522 692 1544 ac
715 1513 800 1543 Mss.

97 1563 182 1594 meis
209 1564 376 1603 omnibus,
411 1564 439 1594 si
466 1564 584 1604 Cujac.
612 1562 736 1594 Audin.
765 1567 802 1593 et

98 1613 213 1647 Oxon.
238 1616 403 1656 excipias.
440 1616 510 1646 sive
539 1615 692 1654 omittas,
723 1615 802 1656 quia

99 1666 279 1706 praecessit
295 1669 373 1704 tum,
397 1675 463 1706 quo
480 1665 555 1696 loco
579 1665 612 1695 in
641 1664 730 1696 hunc
746 1674 802 1696 ex-

97 1715 220 1747 cidisse
245 1720 340 1756 puto‚
367 1725 482 1747 sensus
506 1719 621 1745 tamen
647 1715 802 1755 requirit,

98 1765 236 1805 plenam
263 1764 517 1796 distinctionem
542 1762 648 1794 fuisse
675 1772 801 1803 ponen-

99 1814 176 1846 dam
192 1819 268 1855 post
282 1815 490 1855 subsequitur,
506 1819 541 1845 et
554 1814 688 1855 spatium
703 1814 800 1845 intel-

97 1863 271 1904 ligendum
300 1865 388 1896 inter
417 1865 528 1906 ipsum
552 1869 588 1895 et
614 1865 798 1896 Varenum.

97 1914 220 1956 Neque
254 1916 355 1947 aliter
391 1915 607 1956 distinguunt
645 1915 800 1957 plerique

98 1965 183 1997 Mss.
199 1970 235 1997 et
249 1966 355 1998 Editi.

141 2019 182 2048 12
206 2017 246 2048 In
271 2017 371 2048 hostes
395 2016 511 2058 mittit]
554 2017 717 2057 Bongars.
745 2026 799 2057 pr.

98 2076 167 2099 sec.
194 2067 291 2099 Voss.
319 2077 370 2108 pr.
393 2077 459 2100 sec.
481 2068 602 2099 Petav.
629 2067 704 2098 Pal.
735 2068 801 2108 Eg-

97 2117 213 2149 mund.
250 2118 347 2149 Leid.
386 2128 454 2149 see.
500 2119 626 2149 Lovan.
666 2118 799 2149 Duker.

98 2167 246 2199 Dorvill.
258 2171 294 2199 et
303 2167 390 2199 Edd.
409 2167 527 2208 primae
541 2177 616 2198 cum
630 2168 669 2198 R.
679 2167 798 2208 Steph.

98 2225 136 2251 et
164 2219 311 2260 Gryphii
333 2229 400 2251 sec.
428 2219 509 2250 dant
531 2219 676 2250 inmittit.
721 2220 800 2250 Non

97 2270 187 2302 male
215 2279 276 2310 pro
300 2270 408 2301 nostri
435 2270 537 2310 stylo,
563 2270 620 2311 qni
641 2274 800 2310 repetere

96 2320 360 2361 praepositioues
376 2320 462 2351 adeo
478 2324 578 2351 amat.
621 2320 709 2351 Vide
732 2330 800 2352 om-

97 2370 176 2401 nino
193 2370 236 2401 ad
259 2380 309 2401 w.
327 2373 357 2401 8.
381 2371 390 2388 ‘
408 2371 477 2411 pila
500 2371 532 2401 in
558 2371 670 2401 hostes
689 2370 800 2402 inmit-

98 2419 198 2451 tunt?
253 2420 320 2451 Sed
339 2425 449 2451 tamen
467 2420 539 2461 ipse
555 2426 674 2452 auctor
697 2429 722 2452 1.
745 2424 798 2452 25.

96 2469 232 2510 scripsit
253 2470 262 2486 ‘
279 2479 298 2500 e
322 2470 398 2501 loco
423 2470 599 2510 superiore
625 2470 700 2510 pilis
725 2471 800 2501 mis-

96 2519 174 2550 sis?
213 2519 303 2551 infra
328 2531 357 2552 c.
381 2523 434 2552 48.
460 2522 469 2537 ‘
486 2521 651 2561 tragulam
673 2520 800 2552 mittit!

98 2567 143 2599 B.
157 2568 229 2600 Civ.
256 2579 282 2600 1.
308 2573 361 2601 45.
385 2570 394 2586 ‘
411 2575 449 2602 ut
465 2570 594 2601 nullum
610 2569 736 2601 frustra
753 2575 800 2602 te-

99 2619 169 2650 lum
195 2619 229 2651 in
249 2631 305 2653 eos
334 2622 561 2653 mitteretur?
598 2631 637 2654 11.
664 2625 696 2653 6.
722 2623 731 2640 ‘
750 2623 798 2653 vis

101 2669 228 2701 eminus
250 2671 350 2702 missa
374 2673 517 2704 telorum
533 2673 554 2703 :’
599 2677 677 2705 c.9.
702 2674 711 2691 ‘
729 2675 799 2705 tela

100 2720 274 2751 tormentis
296 2722 394 2752 missa
406 2722 425 2752 :'
456 2723 536 2754 item
553 2724 648 2755 Hirt.
667 2725 707 2755 B.
724 2723 798 2755 Afr.

100 2778 132 2799 c.
148 2771 199 2800 1³.
216 2778 247 2800 c.
263 2772 314 2801 16.
340 2777 375 2802 et
397 2773 531 2813 passim,
553 2778 589 2806 et
610 2775 796 2817 saepissime

184 2821 296 2864 Delpla.
309 2826 340 2854 et
359 2824 433 2856 Var.
450 2827 533 2858 Clas.

764 2828 870 2859 Cctsar

1442 206 1554 249 1121

853 309 941 348 apud
981 311 1124 349 Livium,
1167 311 1352 350 Lucanum,
1389 314 1426 343 et
1459 312 1555 344 alios.

853 358 937 389 Tria
952 369 1034 397 ergo
1050 361 1149 401 mini,
1165 362 1281 401 emitti,
1292 366 1328 392 et
1351 361 1468 393 imina·
1487 363 1556 394 tela

855 414 950 440 recte
968 410 1137 450 dicuntur,
1164 418 1199 443 et
1227 412 1269 443 ab
1296 413 1464 444 Mstorum
1481 423 1558 445 auc·

854 458 992 489 toritate
1008 460 1078 490 sola
1099 462 1239 501 pendet,
1264 464 1344 503 quid
1372 473 1505 506 quoquc
1522 465 1557 496 iu

854 510 929 540 loco
957 509 1185 550 praeferamus.
1239 515 1390 554 Simplex
1419 514 1557 546 verbum

853 560 1103 591 restituendum
1142 567 1191 593 est
1229 564 1375 604 Vegetio
1414 574 1463 596 ιν.
1501 567 1555 597 22.

853 609 862 625 ‘
879 610 989 640 Tanto
1016 611 1147 650 spicula
1173 613 1302 650 longius
1327 614 1456 646 mittit!
1500 615 1556 646 Sic

854 660 942 690 enim
959 660 1042 690 Mss.
1057 661 1154 692 multi
1169 666 1204 692 et
1222 664 1443 694 vetustissimi
1462 674 1480 694 a
1503 674 1558 696 me

854 709 1013 749 consulti,
1040 719 1106 741 non
1138 711 1274 742 enauit.-
1322 712 1405 744 ibid.
1438 723 1469 744 c.
1503 716 1556 746 29.

853 762 862 776 ‘
879 761 1014 800 sagittae
1031 770 1164 802 quoque
1183 761 1329 792 arcubus
1345 763 1477 795 missae?

898 814 937 843 14
962 811 1030 846 Quo
1044 821 1188 852 percusso
1201 815 1231 844 et
1246 813 1439 853 exanimato]
1465 813 1557 845 Mor-

854 866 922 892 tuo.
988 862 1088 893 Corn.
1127 863 1244 903 Nepos
1278 864 1396 903 Epam.
1436 873 1488 895 lx.
1523 868 1556 896 4.

853 911 862 928 ‘
877 911 977 951 Tum,
993 910 1085 943 ferro
1101 917 1272 952 extracto,
1289 912 1468 945 confestim
1484 924 1558 945 exa-

852 963 988 994 nimatus
1015 964 1088 995 est!
1150 965 1278 996 Noster
1303 975 1353 997 w.
1382 970 1434 998 15.
1458 967 1467 983 ‘
1485 967 1559 998 Cir-

852 1015 1023 1045 cumventi
1048 1013 1183 1045 flamma
1211 1016 1430 1046 exanimantur
1453 1016 1558 1047 homi-

849 1063 936 1094 nes.'
982 1064 1071 1095 Vide
1087 1069 1123 1095 et
1138 1073 1206 1095 vn.
1223 1067 1274 1095 25.
1293 1074 1332 1096 ac
1349 1066 1426 1096 Val.
1446 1065 1558 1096 Maxi·

849 1123 940 1145 mum
957 1123 1009 1146 lx.
1025 1117 1076 1146 12.
1093 1118 1124 1146 2.
1170 1115 1284 1147 Datis.

893 1165 988 1196 Hunc
1013 1166 1110 1196 scutis
1140 1169 1310 1206 protegunt
1336 1166 1448 1205 hostes,
1470 1169 1499 1197 d
1525 1166 1557 1197 in

849 1215 935 1246 illum
951 1217 1097 1256 universi,
1108 1216 1178 1256 fisa]
1222 1217 1306 1247 Mss.
1325 1217 1410 1257 Reg.
1426 1217 1556 1248 Eliens.

851 1271 886 1298 et
916 1267 1040 1305 Vossii,
1065 1267 1144 1298 hunc
1165 1270 1353 1307 protegunt;
1386 1267 1419 1297 in
1441 1267 1558 1298 hostem

849 1317 997 1356 unica-si,
1012 1318 1064 1356 &a
1091 1317 1198 1348 Clark.
1245 1317 1357 1348 Etiam
1374 1317 1458 1347 Mss.
1475 1317 1557 1348 alio-

851 1375 924 1396 rum
940 1370 975 1396 et
991 1367 1057 1397 mei
1079 1371 1097 1396 5
1125 1376 1202 1397 cum
1218 1366 1305 1397 Edd.
1331 1365 1450 1406 primis
1472 1370 1557 1407 prot.

850 1415 883 1446 in
899 1416 1026 1447 hostem.
1051 1416 1185 1447 Duker.
1209 1417 1243 1446 in
1259 1416 1361 1446 hostes
1376 1417 1438 1447 telo
1454 1426 1557 1447 omues

850 1466 927 1505 conj.
973 1466 1051 1497 Siue
1069 1466 1171 1497 dubio
1196 1476 1214 1497 e
1243 1466 1365 1497 Glossa
1379 1467 1435 1496 τοῦ
1449 1467 1556 1503 illum,-

853 1515 941 1556 quod
958 1515 1044 1546 bene
1062 1520 1200 1546 servant
1219 1516 1337 1555 Cujac.
1353 1515 1445 1547 And.
1467 1516 1558 1548 Scal.

852 1565 950 1597 Leid.
975 1575 1026 1606 pr.
1053 1565 1166 1597 Oxou.
1195 1575 1271 1596 cum
1294 1565 1554 1606 Metaphraste:

852 1621 887 1647 et
901 1621 1016 1647 tamen
1037 1616 1148 1647 delevi
1165 1626 1239 1646 cum
1265 1626 1284 1647 e
1309 1616 1435 1647 ceten‘s
1452 1617 1558 1648 omni-

852 1667 926 1705 bus,
943 1672 1014 1698 tum
1031 1677 1049 1698 e
1067 1666 1165 1697 Leid.
1182 1676 1234 1706 pr.
1252 1670 1287 1697 et
1299 1666 1419 1706 Scalig.

896 1720 934 1748 15
959 1715 1186 1756 Regrediendi]
1207 1717 1264 1748 Sic
1282 1722 1317 1747 et
1333 1716 1506 1757 Metaphr.
1520 1722 1557 1748 et

852 1767 981 1798 Celsus.
1006 1767 1095 1797 Edd.
1111 1767 1207 1797 Rom.
1225 1766 1319 1797 Med.
1332 1766 1419 1797 Yon.
1444 1766 1556 1805 Ingre⁸

850 1817 954 1847 aiendi
970 1817 1052 1847 Mss.
1068 1816 1194 1855 Scalig.
1213 1816 1324 1846 Oxou.
1342 1815 1439 1845 Leid.
1457 1815 1555 1855 prim.

846 1866 1065 1906 progrediendi
1096 1871 1131 1896 et
1166 1866 1284 1905 Cujac.
1318 1866 1554 1905 progrediundi.

851 1916 980 1947 Postea
993 1916 1128 1946 demum
1151 1915 1266 1947 hostes
1290 1915 1477 1955 inpeditum
1495 1916 1557 1948 cir-

851 1966 1075 1997 cumsistunt:
1099 1965 1264 2006 quidquid
1281 1966 1336 2003 sit,
1358 1966 1557 1997 terminatio

852 2016 1018 2048 Gerundii
1031 2026 1050 2046 e
1068 2016 1183 2056 Cujac.
1201 2015 1398 2056 recipienda
1412 2014 1486 2047 fuit.
1510 2017 1554 2047 V.

851 2068 893 2099 ad
909 2079 940 2099 c.
957 2070 1010 2099 29.
1032 2067 1255 2109 interficiundi.

895 2121 935 2150 18
975 2117 1125 2149 Conantis
1159 2118 1302 2148 dextram
1339 2126 1380 2148 m.
1418 2117 1555 2157 manum]

850 2170 1013 2211 Bongars.
1041 2169 1140 2210 prim.
1163 2168 1289 2199 Audin.
1319 2167 1476 2200 Leidens.
1500 2177 1553 2208 pr.

851 2221 961 2252 Oxon.
979 2225 1015 2251 et
1041 2219 1103 2250 Ed.
1124 2219 1264 2250 Incerta
1287 2219 1430 2250 conanti.-
1464 2220 1554 2261 quod

850 2271 960 2302 voluit
998 2270 1100 2302 etiam
1136 2271 1304 2311 Bongars.
1335 2279 1405 2301 sec.
1431 2271 1554 2309 conati.

852 2321 1014 2362 Optime:
1057 2320 1147 2352 unde
1183 2321 1287 2351 etiam
1325 2326 1462 2352 enatum
1500 2327 1554 2353 est

851 2372 1049 2412 praecedens
1063 2372 1134 2402 huic
1151 2381 1214 2412 pro
1229 2371 1288 2403 lzic.
1336 2371 1484 2403 Dativns
1500 2372 1553 2404 hic

851 2422 1035 2463 saepissime
1063 2428 1117 2454 est
1143 2427 1326 2462 corruptus
1357 2422 1391 2453 in
1422 2422 1554 2454 Geniti-

849 2483 950 2511 vum3
983 2484 1125 2515 eumque
1152 2474 1334 2504 innumeris
1357 2474 1441 2505 locis
1457 2474 1554 2504 resti·

851 2527 988 2555 tuerunt
1016 2524 1080 2555 viri
1109 2524 1212 2556 docti.
1273 2523 1341 2554 Adi
1369 2529 1488 2555 notata
1510 2523 1553 2554 ad

851 2573 1003 2605 Frontin.
1019 2584 1070 2606 ιν.
1086 2580 1116 2607 5.
1135 2576 1216 2615 §la
1241 2577 1250 2592 ‘
1269 2575 1395 2605 Thraci
1417 2575 1552 2605 oculum

851 2624 940 2656 eruit
954 2624 974 2655 :’
998 2630 1034 2656 et
1050 2627 1150 2657 Misc.
1169 2625 1252 2657 obs.
1271 2625 1311 2656 V.
1326 2625 1366 2655 T.
1383 2628 1413 2655 2.
1432 2634 1465 2664 p.
1480 2627 1552 2656 194.

851 2673 892 2704 ad
911 2675 997 2707 Stat.
1019 2675 1129 2707 Theb.
1154 2685 1178 2706 1.
1205 2678 1279 2706 250.
1304 2676 1314 2691 ‘
1332 2674 1552 2714 Excussaque

850 2724 974 2764 gaudia
989 2726 1076 2766 patri
1092 2725 1113 2755 :'
1149 2730 1184 2756 et
1212 2733 1294 2764 quos
1311 2724 1427 2754 laudat
1444 2723 1550 2756 Doct-

850 2783 915 2805 van
940 2775 1106 2807 Staveren
1131 2775 1174 2806 ad
1201 2775 1292 2814 Nep.
1321 2773 1426 2804 Paus.
1461 2784 1491 2807 c.
1517 2777 1550 2807 4.

1393 2829 1413 2858 4
1435 2827 1464 2858 Β
