1818 3131
257 165 370 206 1040

258 267 335 301 tus!
380 268 480 299 Silius
510 268 650 299 Italicus
680 277 715 298 v.
742 270 815 298 242.
844 268 854 285 ‘
881 268 956 300 Nisi

257 329 356 360 quem
374 321 467 350 Deus
488 320 553 349 ima
573 320 726 350 colentum
753 320 956 352 Damnasset

257 369 385 409 Stygiae
410 368 527 399 nocti!
553 377 632 399 vni.
648 371 699 399 69.
743 370 752 386 ‘
769 369 844 400 Non
869 370 956 410 coeli,

257 428 324 448 non
356 418 410 447 illa
440 417 512 457 soli,
551 426 616 448 non
647 427 751 459 gnara
781 419 954 450 colentum:

257 470 341 500 Cum
358 470 430 499 ham.
447 469 538 500 vocis
554 474 706 509 potestas
723 470 826 502 fucrit
843 472 955 511 paullo

255 519 374 557 rarior,
396 519 541 549 Librarii
565 529 632 550 01·ae
658 520 820 551 Codicum
844 521 955 552 notius

256 579 297 599 (ιο
327 578 427 599 sensu
451 570 652 601 vocabulum
674 571 844 610 adlevere,
867 572 955 612 quod

256 619 394 658 tandem
423 621 456 650 iu
483 626 680 653 contextum
713 622 875 653 orationis
904 627 955 653 cst

256 674 445 710 receptum.
491 671 603 702 Daris.
649 672 766 703 Codex
787 673 886 703 ctiam
904 672 956 702 Ci-

257 719 399 758 act-onii,
423 725 459 750 et
485 721 690 753 membranae
717 722 877 762 Andinae,
908 727 956 753 at-

256 778 321 810 quc
337 770 552 802 Oxouicuscs
565 781 641 801 cum
656 771 719 803 Ed.
732 772 858 803 Clarkii
872 782 956 812 pra:-

256 817 371 850 scrunt
386 820 513 850 colendi.
560 822 604 851 Et
621 825 716 851 certe
741 831 838 852 nemo
856 831 955 852 sanus

255 869 445 907 negaverit,
483 870 607 909 passim
640 870 737 900 colere
775 880 956 902 occurrere

255 927 318 957 pro
348 918 549 958 inhabitare,
587 920 753 951 absolute.
827 922 954 952 Verum

255 977 322 997 non
352 968 461 998 minus
487 969 631 1001 eundem
663 980 757 1001 usum
788 972 889 1002 habet
918 972 955 1002 τὸ

253 1018 396 1059 incolere,
419 1021 609 1059 praesertim
634 1021 666 1050 in
695 1021 828 1052 Caesare
854 1023 893 1053 B.
913 1022 954 1053 G.

254 1076 280 1099 1.
299 1071 328 1098 l.
353 1069 362 1085 ‘
382 1068 448 1100 Qui
482 1074 574 1100 trans
604 1071 755 1101 Rhenum
783 1072 956 1104 incolunt!

255 1126 285 1148 c.
301 1121 330 1149 5.
353 1118 362 1134 ‘
379 1118 436 1159 qui
454 1122 545 1149 trans
564 1120 603 1149 R.
618 1120 848 1152 incoluerant.'
867 1131 907 1152 ιι.
923 1125 954 1154 3.

255 1168 264 1184 ‘
295 1168 350 1208 qui
393 1168 439 1199 cis
473 1169 626 1200 Rhenum
663 1170 854 1202 incoluutz’
898 1173 955 1203 ubi

254 1217 356 1248 ctiam
372 1218 450 1249 vide
475 1227 524 1250 lv.
540 1222 592 1249 20.
615 1219 624 1235 ‘
640 1225 776 1260 quantae
801 1221 955 1253 nationes

253 1267 474 1300 incolerent:'
498 1274 533 1300 ct
558 1269 688 1300 crebro.
737 1270 852 1301 Livius
878 1281 900 1301 1.
928 1275 956 1303 1.

254 1318 263 1334 ‘
282 1317 336 1358 qui
376 1318 466 1348 inter
497 1328 588 1348 mare
618 1319 790 1359 Alpesque
832 1321 956 1351 incolc-

255 1366 362 1398 bant?
386 1368 525 1399 Sueton.
544 1369 632 1399 Caes.
648 1379 676 1399 c..
693 1372 744 1399 25.
763 1370 771 1386 ‘
788 1369 846 1410 qui
863 1375 956 1400 trans

255 1416 409 1447 Rhenum
434 1418 608 1457 incolunt‚’
634 1423 668 1448 et
687 1419 811 1458 passim
829 1429 955 1451 omnes,

255 1466 392 1497 Curtius
417 1471 528 1498 HLO.
547 1471 596 1499 12.
621 1470 629 1484 ‘
648 1469 714 1502 Qui
747 1479 848 1510 super
872 1471 955 1501 Bos-

253 1525 358 1556 poron
377 1516 550 1548 incolunt.'
582 1518 637 1549 Sic
652 1523 744 1549 recte
757 1519 841 1550 Mss.
856 1520 955 1561 vulgo

254 1566 406 1606 Bosporo.
465 1567 640 1598 Acidalius
679 1569 754 1600 vult
783 1570 955 1609 Bosporum

253 1618 368 1648 colunt.
412 1619 516 1649 Nulla
542 1619 645 1658 igitur
671 1628 789 1650 caussa
806 1626 870 1659 est,
895 1631 956 1652 cur

255 1679 274 1700 a
292 1670 418 1710 vulgari
445 1671 590 1701 lectione
617 1671 660 1701 ob
680 1681 779 1702 unum
796 1673 954 1704 alterum-

253 1729 319 1762 que
343 1720 502 1751 Codiccm
520 1720 741 1752 discedanms.

297 1773 336 1800 15
361 1770 423 1800 Sed
439 1771 605 1801 unctionum
617 1774 739 1810 partem
764 1772 842 1803 lacte
863 1776 953 1813 alque

249 1830 357 1860 pecore
371 1821 492 1861 vivunt]
508 1821 548 1852 Id
566 1826 630 1861 est,
646 1823 782 1853 maxima
797 1834 836 1854 ex
850 1828 951 1863 parte.

252 1870 460 1902 Graecismus
477 1871 604 1903 (ja-sari
621 1870 805 1904 familiaris.
837 1873 950 1905 Infra:

253 1920 262 1937 ‘
281 1926 315 1952 et
333 1922 495 1961 reliquam
512 1927 643 1962 partem
660 1922 776 1952 hiemis
788 1932 822 1954 se
837 1933 951 1955 eorum

252 1970 358 2010 copiis
374 1971 553 2002 aluerunt!
585 1973 693 2013 Supra
710 1981 764 2002 ιιι.
785 1976 832 2003 12.
856 1975 865 1990 ‘
879 1974 952 2004 lia‘c

253 2029 293 2050 eo
321 2019 451 2051 facilius
480 2031 634 2060 magnam
665 2027 797 2062 partem
825 2024 951 2054 'aestatis

251 2069 446 2101 faciebant!
471 2081 501 2102 v.
526 2075 558 2102 7.
584 2074 592 2088 ‘
610 2073 675 2104 Qui
701 2082 853 2113 magnam
878 2083 951 2113 par-

254 2125 321 2152 tem
341 2122 448 2152 onmis
466 2123 626 2163 temporis
651 2123 683 2153 in
704 2124 754 2153 liis
772 2124 852 2155 locis
869 2123 950 2156 flare

252 2172 453 2203 consuevit!
480 2182 544 2204 ιἰι.
573 2177 625 2204 25.
673 2175 682 2191 ‘
710 2174 763 2204 Nc
791 2175 950 2214 majorem

253 2222 382 2252 aestatis
399 2228 530 2263 partem
548 2223 683 2255 flumine
704 2224 950 2264 impediretur)

252 2271 314 2302 Cui
338 2272 446 2303 simile
471 2279 523 2304 cst
547 2275 629 2305 illud
653 2275 827 2306 Ciceronis
843 2275 885 2306 ‹lc
903 2286 950 2307 re-

251 2321 323 2353 ditu
341 2333 399 2353 suo
415 2324 455 2354 ad
475 2326 635 2365 populum
650 2337 656 2356 :
680 2327 688 2342 ‘
706 2335 859 2363 wamiam
875 2337 948 2367 par-

251 2376 319 2403 tem
334 2375 434 2404 tectis
449 2384 486 2405 ac
504 2376 653 2406 tenebris
665 2377 949 2408 coutiiwlmnturff

249 2421 354 2452 Plura
395 2431 555 2463 suggeret
594 2426 792 2457 Gra-corum
823 2427 949 2466 schola,

249 2481 389 2513 quorum
408 2474 439 2504 id
469 2477 664 2515 proprium3
698 2476 778 2506 κατὰ
800 2477 887 2507 cuim
913 2477 948 2507 li-

248 2523 371 2554 benter
396 2525 593 2555 exaudiunt.
641 2527 757 2557 Brunl.
802 2527 888 2557 Vide
913 2533 948 2558 ct

250 2573 448 2617 Lambiuum
473 2576 513 2605 ad
544 2577 691 2606 Lucretii
712 2578 733 2606 l.
750 2586 803 2607 ιιι.
822 2587 852 2617 p.
872 2581 945 2608 297.

251 2624 316 2656 Ed.
347 2624 506 2657 Francos.
565 2627 677 2657 Daris.
738 2628 837 2658 Adde
872 2638 946 2668 quae

250 2673 342 2705 dicta
357 2674 399 2705 ad
418 2684 441 2705 1.
460 2678 507 2705 12.

293 2726 335 2755 20
362 2724 406 2756 Et
422 2724 550 2756 immani
565 2736 721 2767 corporum
736 2727 948 2766 magnitudine

728 173 870 205 NOTAE
900 174 1123 205 YARIORU
1133 175 1163 203 M
1201 174 1250 204 IN

1007 268 1115 310 efficit]
1153 268 1238 299 Mss.
1267 271 1300 298 ct
1331 266 1440 298 Editt.
1470 266 1567 298 vett.
1594 271 1623 298 et
1651 267 1709 298 im-

1006 320 1090 349 mani
1120 329 1279 358 corporum
1310 317 1525 355 nmgnitudine
1556 317 1707 348 homines

1007 369 1111 410 efficit.
1158 369 1256 402 Quod
1287 378 1347 399 cur
1373 378 1390 398 a
1414 367 1589 407 Scaligero
1605 370 1640 397 et
1657 375 1708 397 re-

1007 419 1211 449 centioribus
1241 422 1419 455 mutatum,
1452 415 1611 457 equidem
1639 425 1706 446 non

1008 470 1115 500 video.
1163 470 1306 501 Graecus
1337 469 1430 505 item,
1463 466 1515 498 καὶ
1543 466 1709 507 πελωρίους

1006 518 1164 558 μεγέθους.
1199 520 1371 549 ἈΝΔΡΑΣ
1409 516 1549 558 παρέχει.
1597 518 1706 548 Clark.

1010 570 1091 600 Msti
1108 569 1191 607 fere,
1215 569 1331 600 addita
1355 570 1486 605 vocula,
1513 568 1595 598 daut
1625 577 1710 606 mag-

1006 619 1146 648 nitudine
1167 619 1317 649 homiues
1343 619 1447 660 efficit,
1467 618 1517 648 vel
1544 617 1634 658 ‹fficil
1651 617 1708 647 lio-

1008 672 1124 703 mines.
1164 671 1230 701 Sed
1247 671 1383 701 verbum
1398 671 1533 700 homines
1548 670 1579 699 iu
1599 673 1709 700 vetus-

1007 721 1134 752 tissimo
1149 720 1359 753 Carraricnsi
1373 718 1437 750 fuit
1453 719 1626 749 inductum
1640 730 1648 757 ;
1672 723 1708 750 et

1005 772 1078 811 ejus
1094 771 1224 802 incerta
1249 770 1399 810 positura
1414 769 1510 807 facit,
1534 774 1571 799 ut
1594 768 1710 799 Libra-

1007 821 1064 851 riis
1096 821 1213 852 deberi
1244 820 1410 850 videatur.
1456 819 1548 858 cho
1573 822 1603 848 et
1626 819 1708 849 tiras

1006 872 1063 901 alit
1080 877 1113 902 et
1132 871 1307 901 immanem
1332 880 1489 909 corporum
1505 867 1708 905 magnitudi-

1007 932 1082 952 nem
1099 922 1202 963 ‹fficil-
1250 921 1326 951 Hoc
1343 919 1441 950 modo
1459 918 1567 949 nitida
1582 917 1620 949 fit
1636 927 1709 948 ora-

1007 972 1067 1011 tio,
1091 982 1166 1002 cum
1190 972 1427 1012 plerorumque
1453 968 1615 1000 Codicum
1641 968 1708 999 lec-

1008 1022 1055 1052 tio
1072 1030 1207 1061 prorsus
1223 1020 1386 1051 infrunita
1399 1019 1454 1049 sit.
1500 1018 1610 1049 Dacis.
1633 1026 1706 1048 cur.

1006 1081 1073 1103 scc.
1103 1072 1290 1111 Pcrpcrani
1315 1070 1468 1110 Scaliger
1498 1068 1624 1100 delevit
1651 1078 1708 1100 vo-

1007 1131 1080 1152 cem
1115 1121 1263 1160 homines,
1301 1131 1399 1161 quum
1435 1117 1708 1150 constantissime

1008 1175 1145 1202 servant
1162 1180 1277 1201 omnes
1299 1170 1445 1200 omnium
1463 1169 1595 1209 meique
1609 1167 1708 1199 Codi-

1007 1231 1063 1252 ces
1081 1226 1114 1252 et
1132 1221 1219 1252 Eud.
1267 1221 1341 1251 Nec
1365 1220 1445 1257 scio,
1470 1218 1638 1260 quomodo
1662 1218 1709 1249 in-

1007 1270 1136 1302 frunita
1153 1272 1257 1312 possit
1275 1271 1404 1301 audire.
1451 1270 1553 1300 Certe.
1569 1274 1622 1300 est
1645 1268 1709 1300 La-

1008 1321 1182 1359 tinissima‚
1220 1321 1356 1351 homines
1396 1319 1622 1359 magnitudine,
1657 1329 1707 1350 sc.

1007 1371 1155 1410 praediti,
1172 1370 1224 1400 vel
1242 1369 1498 1409 magnitudinis:
1523 1377 1627 1408 quare
1640 1377 1707 1398 non

1007 1431 1089 1461 opus
1107 1424 1202 1458 crut3
1226 1420 1325 1451 utel.
1344 1419 1501 1450 Perizon.
1518 1418 1707 1458 conjiceret

1008 1471 1222 1501 scribendum
1247 1471 1356 1512 afficit,
1378 1469 1419 1500 ad
1435 1469 1564 1500 Sanctii
1583 1468 1709 1500 Miner-

1007 1531 1081 1552 vam
1100 1530 1149 1552 iv.
1163 1523 1193 1552 4.
1211 1522 1225 1561 ξ
1243 1525 1271 1550 5.
1298 1519 1354 1551 ubi
1377 1520 1477 1560 plena
1494 1529 1592 1550 manu
1610 1518 1707 1559 hujus

1007 1571 1186 1602 locutionis
1216 1571 1320 1601 liabes
1347 1570 1516 1610 exempla.
1563 1569 1706 1600 Ovidius

1007 1622 1150 1652 Metam.
1172 1630 1210 1651 11.
1228 1623 1300 1652 639.
1325 1621 1333 1637 ‘
1354 1620 1408 1651 Fit
1434 1620 1534 1659 longo
1561 1628 1706 1659 corpore

1006 1672 1165 1712 serpens?
1209 1671 1275 1701 Sed
1298 1675 1334 1702 et
1351 1670 1438 1701 adde
1455 1669 1507 1700 (ΣΙ,
1523 1669 1705 1700 Burmann.

1005 1722 1047 1753 ad
1072 1722 1208 1753 Μηνᾶν.
1227 1731 1265 1752 ιι.
1286 1725 1316 1751 5.
1353 1720 1496 1751 ‘tunica
1522 1719 1618 1750 cirris
1648 1719 1705 1751 de·

1005 1772 1254 1812 pendentibus.’
1273 1780 1323 1802 νι.
1336 1775 1367 1803 7.
1385 1773 1393 1788 ‘
1408 1769 1549 1802 Difficili
1563 1769 1705 1800 transitu

1005 1821 1141 1861 flumen,
1165 1821 1312 1861 ripisque
1335 1819 1541 1863 praeruptis)
1569 1820 1609 1849 B.
1630 1819 1706 1851 Civ.

1004 1881 1060 1902 ιιι.
1084 1875 1135 1902 37.
1159 1871 1167 1887 ‘
1185 1871 1278 1901 rivus
1302 1869 1496 1900 difficilibus
1522 1867 1628 1908 ripis.’
1664 1869 1704 1899 B.

1004 1921 1112 1953 Afric.
1129 1932 1158 1952 c.
1176 1924 1229 1951 40.
1254 1921 1262 1936 ‘
1277 1929 1420 1960 corpora
1435 1917 1576 1949 mirifica
1589 1917 1704 1958 specie

1004 1970 1317 2013 amplitiulincquc.'
1378 1969 1484 2000 Immo
1527 1968 1577 1999 sic
1620 1969 1704 1999 Mss.

1003 2032 1051 2054 vi.
1073 2026 1122 2053 10.
1148 2024 1156 2039 ‘
1175 2022 1290 2051 silvam
1314 2019 1359 2051 ibi
1377 2027 1450 2050 esse
1468 2017 1600 2049 infinita
1614 2027 1704 2058 mag-

1002 2071 1184 2103 nitudinez'
1202 2075 1345 2103 etc.16.
1363 2073 1370 2087 ‘
1390 2070 1523 2100 immani
1537 2070 1702 2110 magnitu-

1001 2122 1079 2154 diuc
1093 2122 1289 2153 simulacra?
1308 2122 1347 2151 V.
1360 2121 1462 2151 etiam
1474 2121 1512 2151 B.
1528 2121 1600 2151 (Σίν.
1612 2123 1700 2152 1.6-1.

1043 2177 1083 2204 :23
1110 2175 1229 2212 Magna
1255 2176 1300 2204 (st
1325 2182 1398 2212 pars
1421 2171 1554 2211 corporis
1576 2171 1700 2211 aperta]

1000 2223 1087 2254 Vide
1105 2228 1210 2253 notat.
1228 2222 1269 2253 ad
1288 2223 1328 2252 B.
1345 2222 1388 2252 G.
1407 2231 1454 2252 vi.
1467 2225 1520 2252 21.
1565 2221 1679 2252 Dat-is.

1042 2274 1185 2314 Aperla,·
1222 2276 1250 2303 ct
1281 2273 1421 2303 laventur
1447 2272 1477 2301 2'11
1499 2271 1700 2312 fluminibus]

999 2323 1054 2353 Sic
1071 2323 1223 2361 Scaliger
1247 2327 1283 2353 ct
1311 2322 1527 2352 recentiores.
1564 2321 1648 2352 Mss.
1663 2326 1699 2352 et

1001 2373 1108 2404 Editt.
1132 2364 1227 2403 Vctt.
1245 2374 1380 2413 (aperta.
1431 2373 1471 2402 fit
1496 2372 1650 2401 lavantur
1666 2370 1698 2401 in

990 2423 1205 2463 staminibus.)
1254 2424 1338 2455 Qua*
1367 2422 1467 2453 lectio
1491 2431 1586 2461 mque
1614 2419 1696 2451 ferri

1000 2479 1124 2514 potest.
1171 2475 1280 2504 Clark.
1318 2470 1697 2504 Larc11em·asseroaldo

998 2530 1108 2556 ortum
1128 2526 1198 2566 jam
1224 2526 1315 2563 legas
1339 2523 1372 2553 iu
1400 2522 1636 2553 13dd.vcneta
1651 2521 1694 2552 Α.

1000 2578 1093 2606 1517.
1118 2575 1211 2613 Aldi,
1239 2574 1371 2614 Grypli.
1403 2572 1520 2612 steph.
1549 2571 1696 2611 Rossefi,

997 2625 1147 2655 Plautini
1161 2630 1196 2656 ct
1212 2624 1298 2654 aliis,
1341 2622 1408 2654 Sed
1422 2622 1453 2652 in
1468 2622 1551 2652 Mss.
1564 2621 1591 2652 si
1604 2620 1694 2652 forte

996 2684 1098 2706 unum
1130 2675 1341 2715 alterumque
1375 2672 1537 2713 excipias,
1577 2676 1629 2703 est
1651 2671 1696 2703 la-

996 2730 1119 2758 rantur.
