1818 3131
296 218 387 248 Lm.
420 217 504 245 vii.
536 214 643 245 cAr.
664 203 735 244 67.
770 214 832 243 nn
867 213 1021 243 unum
1053 211 1281 242 GALLICO.

63 311 106 343 de
122 311 258 343 militari
279 314 447 344 conventu
464 311 699 347 Romanorum,
722 313 759 338 ut

61 370 154 402 κτρα
172 362 325 394 vidimus.
371 362 508 403 Inspice
533 365 687 392 notarum
713 359 760 389 in-

63 411 185 443 dic-ein.
230 412 319 445 Quia
335 416 445 443 tamen
458 411 570 451 agitur
585 410 627 441 de
645 409 762 441 barba-

65 462 122 498 ris,
139 467 173 492 et
202 463 302 493 talem
328 466 542 498 conventum,
568 461 661 501 quasi
684 469 762 491 con-

64 513 262 552 spirantium
292 517 417 543 coetum
447 512 664 543 considerant
699 511 764 542 Ro-

67 562 166 602 mani,
195 562 241 592 nil
269 563 331 593 hoc
362 562 435 592 loco
469 566 600 593 mutare
631 562 762 602 placet:

66 611 145 642 vide
161 611 202 642 ad
218 620 265 642 iv.
284 614 335 642 14.
353 616 388 642 et
404 611 556 643 Gronov.
573 611 615 642 ad
634 610 765 642 Livium

67 669 161 692 xuv.
187 664 217 693 2.
244 667 281 693 et
306 663 412 693 alios:
459 672 487 694 c.
511 665 563 694 75.
586 661 766 694 ‘Concilio

67 711 258 752 principum
275 712 427 744 indicto.’

113 764 151 793 12
183 762 333 801 Proinde,
358 763 426 803 ἂι]
473 763 561 796 And.
591 768 627 794 et
655 763 768 794 oxon.

67 812 288 854 inembranae,
305 815 413 845 deinde
431 815 520 853 jubet
543 815 590 845 uti
607 824 655 846 eos
668 814 702 845 in
717 824 771 853 ag-

69 863 150 893 mine
166 864 253 894 udor.
297 864 398 895 Unde
425 865 605 905 legendum
627 865 770 905 conjicio

67 913 195 952 proinde
209 913 240 943 in
253 915 377 953 agmine
393 915 544 955 inpeditos
557 916 643 946 ador.
681 915 771 946 vide

71 962 112 994 ad
130 972 186 995 111.
203 967 255 995 24.
277 966 286 982 ‘
305 966 475 1006 inpeditos
497 966 531 997 in
547 967 679 1007 agmine
695 966 773 998 ado-

70 1013 148 1045 riri.'
194 1014 250 1046 Sic
267 1016 356 1047 enim
375 1017 458 1049 Mss.

114 1066 153 1095 13
186 1064 223 1095 Si
245 1067 366 1105 pedites
387 1068 451 1098 suis
473 1069 626 1099 aua-ilium
648 1067 774 1107 serant]

72 1116 157 1147 Mss.
175 1116 260 1157 Reg.
284 1122 319 1147 et
335 1117 445 1148 Vossii
462 1119 588 1149 habent
601 1124 774 1160 corrupte,

71 1166 100 1197 si
115 1165 288 1206 peditibus
312 1168 392 1206 suis,
417 1170 482 1200 ὅτε.
529 1169 672 1201 Codices
695 1179 775 1200 non-

74 1216 170 1254 nulli,
200 1216 227 1246 si
251 1217 371 1257 pedites
397 1218 497 1250 rebus
529 1219 607 1250 suis.
666 1220 776 1253 Quam

74 1267 254 1298 lectionem
290 1277 367 1298 cum
405 1268 620 1301 Hotomanno
662 1280 776 1302 vei-ain

76 1327 149 1348 esse
166 1317 334 1349 existimo.
381 1319 434 1350 Sic
460 1321 548 1350 enim
573 1325 608 1351 et
634 1321 778 1351 Graecus

77 1366 104 1398 εἶ
114 1367 203 1407 πεζοὶ
217 1369 282 1399 τοῖς
294 1370 381 1407 σφῶν
392 1369 588 1410 σκευοφόροις
603 1371 778 1407 βοηθοῦσιν.

78 1419 278 1458 Quanquam
296 1424 331 1449 et
347 1419 556 1460 subintelligi
573 1429 672 1460 posse
689 1420 781 1450 vide-

78 1474 147 1507 tur,
163 1468 265 1507 rebus,
283 1469 334 1499 vel
353 1470 589 1509 impedimentis,
604 1470 658 1501 vel
675 1469 781 1511 (quod

74 1519 147 1559 jam
179 1519 420 1559 praecesserat)
453 1521 578 1559 agmine
610 1520 782 1561 impeditos.

83 1569 190 1600 Clark.
249 1570 355 1601 Rebus
387 1571 450 1601 suis
486 1571 598 1601 inveni
629 1571 662 1601 in
693 1571 781 1603 Edd.

80 1621 222 1652 Vascos.
251 1621 396 1660 Stradae,
424 1622 464 1653 R.
491 1622 609 1662 Stepli.
633 1627 670 1653 et
694 1627 782 1662 post.

83 1671 214 1712 Gryph.
247 1671 306 1702 sed
339 1672 371 1701 in
405 1673 498 1703 nullo
529 1673 622 1703 Msto
656 1672 784 1703 codice.

84 1719 174 1751 And.
193 1727 228 1751 et
243 1721 356 1753 Oxou.
373 1722 400 1751 si
413 1723 532 1762 pedites
546 1722 602 1753 eis.
639 1722 785 1753 Dorvill.

81 1772 109 1802 si
134 1772 254 1812 pedites
275 1782 352 1803 suos.
397 1772 445 1803 At
468 1772 593 1803 diserte
618 1772 715 1803 Leid.
733 1782 785 1813 pr.

84 1822 110 1851 si
127 1821 346 1861 inpedimentis
367 1822 441 1852 suis.
490 1823 573 1853 Fors
596 1822 661 1853 fuit
686 1822 714 1852 si
733 1832 787 1862 pe-

84 1873 166 1903 dites
193 1873 424 1912 inpedimentis,
455 1872 508 1903 vel
545 1872 693 1912 inpeditis
724 1872 789 1902 suis

87 1923 158 1954 scil.
173 1922 355 1964 equitibus.
401 1922 621 1963 Respondent
637 1922 725 1953 enim
738 1923 789 1952 liis

87 1974 266 2014 sequentia
287 1973 296 1990 ‘
313 1973 362 2003 sin
379 1972 508 2004 relictis
524 1972 788 2013 inpediiuentis,'

88 2025 153 2054 fite.
175 2025 184 2040 ⁴
202 2032 277 2054 nam
294 2023 336 2054 de
353 2022 523 2062 equitibus
538 2022 708 2061 hostium,'
726 2024 790 2054 ἃς.

133 2075 172 2104 14
198 2074 267 2104 lter
282 2073 387 2115 confici
403 2083 462 2103 non
480 2072 583 2113 posse]
618 2073 673 2104 Sic
688 2073 793 2104 Scali-

92 2133 152 2165 ger
176 2128 210 2155 et
237 2123 470 2154 Recentiores.
515 2123 599 2154 Mss.
620 2128 733 2154 autem
757 2128 793 2153 et

92 2173 201 2204 Editt.
232 2172 328 2204 Vett.
360 2172 421 2203 iter
452 2171 566 2204 facere
604 2183 662 2204 non
695 2182 794 2213 posse.

94 2222 193 2255 Quod
209 2227 244 2253 et
259 2232 334 2253 cum
359 2232 412 2261 eo,
439 2222 529 2263 quod
550 2223 702 2263 sequitur
725 2232 794 2262 spo-

92 2273 202 2303 liatum
229 2273 283 2310 iri,
308 2272 420 2312 aptius
443 2272 600 2304 cohaeret.
646 2273 713 2303 Eos
735 2274 796 2304 iter

94 2322 194 2354 tacere
224 2333 283 2353 non
310 2331 396 2362 posse
407 2323 529 2353 :—Eos
555 2322 721 2362 spoliatum
743 2323 796 2354 iri.

96 2373 204 2404 Clark.
252 2372 371 2414 Confici
390 2377 528 2404 servant
543 2373 656 2404 Ursin.
673 2373 797 2414 Scalig.

96 2424 174 2464 Cuj.
199 2422 297 2454 Leid.
324 2433 374 2463 pr.
391 2422 481 2453 And.
504 2423 616 2455 Oxon.
663 2424 799 2464 Reliqui

97 2484 212 2506 omnes
234 2474 353 2511 facere.
412 2475 539 2505 Forsan
569 2480 603 2505 et
635 2474 689 2506 hic
720 2475 799 2506 olim

98 2523 162 2556 fuit
177 2525 316 2567 confieri.
362 2524 443 2563 Adi,
463 2525 519 2563 sis,
542 2525 638 2565 hujus
665 2524 741 2555 libri
767 2535 797 2556 c.

100 2579 152 2607 11.
174 2577 183 2592 ‘
201 2576 459 2616 Quamprimum
476 2576 542 2606 iter
558 2574 766 2606 conficeret!

140 2629 182 2658 20
208 2627 332 2658 Ter-rori
346 2627 482 2657 hostibus
499 2625 660 2666 futurum]
683 2626 801 2667 Cujac.

106 2677 141 2709 T.
167 2677 199 2708 h.
227 2687 285 2709 non
309 2676 499 2715 defuturum.
556 2675 684 2707 Audin.
711 2685 803 2714 vero,

98 2728 218 2759 Oxou.
233 2733 269 2760 et
285 2728 379 2759 Leid.
398 2727 496 2769 prim.
511 2731 659 2758 ter-rorem
670 2727 801 2757 hostium

106 2791 165 2813 non
185 2780 374 2819 defuturum.
420 2780 520 2814 Quod
549 2781 674 2822 placet,
703 2779 802 2811 modo

1401 201 1511 242 1241

814 311 838 339 si
854 312 966 342 terrori
983 311 1187 342 retineamus
1203 321 1212 341 ε
1245 312 1285 340 ut
1305 307 1434 339 diserte
1457 315 1514 337 ex-

814 364 881 390 stat
899 361 930 390 in
949 361 1177 401 Scaligerano.
1233 360 1305 392 Liv.
1321 368 1375 391 ιιι.
1393 361 1445 390 50.
1464 361 1516 389 io.

815 411 824 426 ⁴
845 409 918 440 Nec
944 411 1032 441 illius
1056 412 1162 442 dolori
1187 421 1249 443 nec
1273 421 1340 442 sua·
1365 409 1515 441 libertati

816 459 993 492 defuturos
1007 462 1026 492 :¹
1061 468 1095 494 et
1123 463 1178 494 alii
1210 462 1356 503 passim:
1402 469 1436 493 v.
1463 462 1516 491 33.

817 511 826 526 ‘
843 510 946 542 Nulla
962 511 995 541 in
1011 521 1047 542 re
1070 513 1237 543 communi
1254 512 1353 543 saluti
1371 510 1487 542 deerat
1499 509 1520 540 ε’

818 562 858 593 B.
873 561 948 593 Civ.
963 570 988 592 ι.
1006 565 1058 593 32.
1077 563 1085 579 ‘
1104 572 1139 593 se
1156 564 1249 594 oneri
1263 573 1328 593 non
1345 559 1520 598 futurnm‚'

818 613 850 644 in
868 613 952 644 Mss.
968 612 1147 650 defuturum
1160 624 1170 643 .·
1201 613 1257 644 ubi
1275 612 1369 643 vide:
1407 620 1447 642 ιι.
1465 613 1520 641 39.

819 664 827 680 ‘
844 663 915 704 spei
932 664 1002 704 ejus
1018 663 1131 694 studia
1147 673 1212 694 non
1229 663 1370 694 deerant
1383 661 1402 692 :'
1427 671 1455 692 c.
1469 664 1521 692 ⁴1.

819 715 828 732 ‘
847 716 924 747 Non
952 715 1047 746 deest
1072 714 1209 754 negotio
1227 714 1329 745 Curio
1344 712 1363 743 2'
1396 721 1450 743 ιιι.
1467 713 1521 742 79.

822 766 830 783 ‘
850 766 904 797 Ne
923 766 1090 798 occasioni
1108 765 1243 797 deesset
1257 765 1275 795 :'
1299 774 1328 795 c.
1342 763 1416 795 93.ι
1433 762 1522 793 Huic:

822 817 870 848 rei
888 827 954 848 non
973 816 1181 849 defuerunt!

865 870 905 899 23
930 868 990 898 Bis
1015 878 1071 908 per
1097 867 1232 898 hostium
1253 875 1362 906 agmen
1386 864 1526 904 perequi-

823 917 934 957 tasset]
978 918 1095 948 Primo
1112 928 1176 948 vox
1201 917 1247 947 bis
1261 925 1328 947 non
1352 918 1527 954 comparet

824 968 857 998 in
873 967 1078 1008 Stephanico
1095 967 1178 998 Cod.
1194 975 1304 1006 neque
1321 965 1352 995 in
1367 965 1527 1003 Bongars.

826 1027 877 1057 pr.
894 1016 1043 1056 Andino‚
1061 1018 1114 1047 vel
1131 1016 1244 1047 Oxou.
1262 1014 1386 1046 rectius
1414 1018 1528 1043 tamon

826 1076 891 1097 non
909 1066 1144 1108 negligendam
1162 1070 1261 1106 putat
1279 1065 1529 1100 Hotomannu-:,

827 1125 862 1151 et
875 1118 913 1148 τὸ
926 1118 971 1149 δὶς
986 1118 1140 1157 agnoscit
1151 1116 1402 1156 Metaphrastes
1417 1124 1424 1143 z
1450 1112 1529 1143 dein

828 1179 943 1202 omnes
973 1169 1054 1199 Mss.
1077 1167 1228 1199 scribunt
1253 1175 1365 1206 agmen
1387 1164 1531 1203 hostium,

828 1230 895 1252 nou
920 1220 1057 1250 inverso
1078 1218 1210 1256 ordine,
1226 1222 1263 1248 ut
1288 1217 1390 1256 vulgo
1413 1214 1533 1245 edeba-

829 1276 907 1302 tur:
952 1280 1004 1309 ag.
1033 1269 1167 1309 equitum
1204 1267 1314 1299 Oxou.
1346 1275 1365 1296 e
1396 1265 1532 1297 Glossa.

829 1321 976 1352 Tandem
997 1320 1239 1360 perequitacerit
1255 1319 1366 1349 idem:
1393 1316 1449 1348 sed
1466 1315 1534 1346 An-

832 1372 920 1402 dinae
948 1371 1152 1401 membranae
1176 1368 1403 1410 perequitarit:
1435 1376 1534 1408 quam

832 1431 946 1452 veram
963 1430 1038 1451 esse
1054 1421 1238 1452 lectionem
1253 1429 1318 1449 non
1336 1418 1499 1449 dubitavi.

877 1481 989 1504 LXVII.
1008 1475 1023 1503 l
1051 1475 1153 1512 Atque
1168 1471 1307 1501 omnibus
1321 1471 1361 1500 ad
1376 1469 1538 1508 jusjuran-

834 1524 904 1553 dum
921 1522 1054 1562 adactis]
1098 1521 1166 1552 Alii
1181 1521 1383 1560 jurejurando
1406 1520 1539 1557 adactis,

836 1583 910 1614 quae
932 1571 1037 1612 proba
1060 1577 1113 1602 est
1136 1571 1273 1602 locutio.
1319 1569 1409 1599 Vide
1432 1569 1539 1601 Justi-

836 1633 916 1654 num
932 1631 1015 1654 vm.
1033 1626 1064 1654 4.
1090 1622 1169 1652 Pet.
1188 1626 1300 1652 autem
1326 1619 1540 1658 Ciacconius,

836 1673 950 1703 deleta
979 1672 1234 1713 praepositione,
1263 1670 1440 1711 legendum
1465 1677 1541 1699 cen-

838 1730 902 1762 set,
916 1722 1281 1760 omnihusjusjurandum
1296 1721 1427 1759 adactis,
1442 1725 1477 1750 et
1495 1719 1541 1750 sie

838 1773 947 1804 edidit
975 1773 1010 1805 J.
1040 1773 1208 1812 Scaliger.
1262 1771 1347 1802 Sane
1376 1769 1423 1800 ita
1451 1768 1542 1810 loqui

839 1824 950 1854 solent
966 1822 1044 1853 boni
1062 1827 1232 1852 auctores.
1290 1821 1418 1851 Seneca
1433 1819 1543 1859 Epist.

839 1875 891 1904 96.
917 1874 926 1889 ⁴'
944 1871 1220 1912 Mandanturque
1232 1869 1470 1910 jusjurandum
1489 1868 1545 1899 ad-

841 1921 949 1953 actis?
994 1922 1123 1953 Noster
1150 1921 1192 1952 B.
1216 1920 1254 1951 C.
1291 1929 1331 1950 11.
1358 1922 1410 1950 18.
1434 1921 1443 1935 ·’
1461 1918 1545 1949 Pro-

840 1972 986 2003 vinciam
1015 1981 1148 2002 omnem
1179 1971 1211 2000 in
1242 1980 1301 2001 sua
1329 1974 1364 2000 et
1393 1969 1546 2009 Pompeii

842 2023 947 2054 verba
957 2023 1195 2063 Jusjnrandum
1213 2020 1396 2061 adigebat!
1443 2021 1487 2050 Et
1503 2020 1545 2050 B.

844 2074 883 2105 C.
918 2081 943 2103 1.
973 2075 1025 2103 76.
1059 2072 1068 2088 ‘
1090 2072 1171 2112 lpse
1198 2070 1288 2101 idem
1313 2070 1548 2111 jusjurandum

845 2123 951 2163 adigit
978 2121 1179 2160 At'1·anium,'
1213 2121 1271 2152 ubi
1303 2127 1415 2151 tamen
1446 2120 1547 2151 editt.

844 2175 941 2204 Vett.
968 2173 1095 2203 habent
1125 2173 1165 2202 ad
1195 2172 1275 2202 idem
1303 2171 1550 2210 jusjurandun1;

847 2233 910 2255 nec
927 2233 1006 2254 sane
1030 2227 1094 2262 est,
1111 2232 1170 2253 cur
1187 2231 1262 2253 eam
1278 2221 1458 2252 lectionem
1475 2221 1549 2252 loco

846 2283 1052 2305 moveamus.
1108 2272 1286 2304 Sallustius
1311 2272 1414 2303 Catil.
1444 2282 1472 2302 c.
1496 2275 1550 2302 2²2.

847 2326 856 2341 ‘
873 2325 958 2356 Cum
974 2322 1265 2364 adjusjurandum
1289 2322 1469 2362 populares
1497 2331 1552 2352 ec-

847 2375 927 2406 leris
955 2375 1005 2405 sui
1032 2373 1207 2414 adigeret)
1262 2373 1350 2403 Haec
1376 2372 1477 2413 plena
1500 2376 1553 2401 eet

849 2425 1009 2466 loquendi
1036 2425 1144 2462 ratio;
1181 2423 1288 2454 altera
1305 2422 1394 2453 enim
1411 2431 1477 2452 non
1495 2421 1554 2452 ali-

850 2475 940 2506 unde
957 2480 1008 2505 est
1025 2480 1113 2512 orta,
1137 2483 1238 2514 quam
1263 2472 1352 2513 qnod
1370 2471 1483 2502 Latini
1509 2471 1554 2500 iu-

852 2524 985 2556 terdum
1004 2523 1278 2564 praepositionem
1302 2522 1501 2551 ἐλλειπηηκῶς
1524 2530 1557 2550 o-

853 2574 1048 2613 mittebant,
1063 2573 1172 2613 sijam
1188 2577 1277 2603 esset
1295 2572 1328 2602 in
1345 2571 1449 2601 verbo
1467 2579 1556 2601 corn-

855 2625 989 2665 posi103
1023 2633 1090 2665 qua
1106 2623 1148 2654 de
1164 2633 1201 2654 re
1217 2622 1363 2653 diximus
1380 2621 1422 2650 ad
1447 2621 1487 2651 B.
1511 2621 1555 2651 G.

856 2684 880 2704 1.
892 2677 942 2705 12.
966 2675 1076 2705 Daris.
1109 2673 1265 2704 Clarkius
1279 2681 1319 2702 ex
1333 2672 1418 2710 Reg.
1432 2671 1556 2702 Eliens.

855 2730 890 2756 et
906 2725 1003 2756 Voss.
1031 2734 1100 2755 sec.
1127 2723 1235 2754 edidit
1251 2722 1455 2760 jurejurando
1480 2731 1557 2752 cum

857 2775 945 2807 Edd.
975 2774 1106 2816 primis.
1166 2772 1236 2804 Sed
1264 2773 1305 2802 ad
1327 2771 1404 2810 jusj.
1435 2770 1560 2802 habent
