1818 3131
362 236 455 266 me.
491 234 573 265 vu.
605 234 711 264 mr.
741 224 812 265 38.
849 236 908 264 ou
944 235 1097 266 Buteo
1129 234 1354 266 dumet».

148 342 202 361 τος
231 329 410 370 δημηγορίᾳ,
446 330 495 360 καὶ
535 327 700 369 χρημάτων
733 327 844 358 ἐλπίδι.

149 381 236 411 Nam
256 379 337 411 illud
359 381 498 410 deductis
520 378 598 409 mihi
621 378 756 409 omnino
780 377 844 407 dis-

146 431 263 470 plicet.
333 429 481 460 Faernus
521 429 656 469 legebat
692 428 842 459 adductis.

145 480 308 513 Judicent
325 479 536 510 eruditiores.
568 478 698 509 Vossius.
734 479 790 509 Sic
809 484 843 509 et

143 530 177 560 in
210 530 276 560 Ms.
312 530 416 560 Norv.
449 538 486 559 ac
518 529 600 559 edit.
632 530 727 560 Rom.
753 529 840 559 Ven.

142 579 299 610 Beroald.
317 579 434 619 Stepli.
458 579 568 610 Duris.
607 580 777 610 Oratione:
793 580 841 610 sic

141 628 228 659 Mss.
246 629 329 669 Reg.
347 629 470 659 Eliens.
489 634 524 660 et
543 630 661 661 Vossii.
698 630 840 660 Graecus

140 679 222 709 item
252 679 433 720 δημηγορίᾳ.
478 680 629 719 Scaliger
659 685 694 710 et
725 689 840 711 recen-

138 729 242 760 tiores
265 739 443 770 perperam
460 731 589 760 ratione.
623 730 729 760 Clark.
777 731 839 760 Ra-

139 779 222 810 tione
243 780 316 820 jam
333 785 385 811 est
403 780 433 810 iu
459 781 522 812 Ed.
539 780 689 811 Plautin.
715 784 750 811 et
773 790 838 811 uno

139 830 315 871 alteroque
344 831 410 862 Ms.
438 831 682 862 recentissimo.
740 831 838 873 Inge-

137 880 233 911 niosa
270 886 382 912 autem
414 885 466 912 est
500 882 610 912 Vossii
642 882 839 922 conjectura

134 932 259 970 proemii
290 942 342 971 spe
366 933 495 963 ductis:
524 932 675 973 quamvis
704 932 756 963 vel
789 933 837 963 sic.

135 981 249 1011 malim
273 983 437 1018 adductis;
461 987 498 1013 ut
522 992 569 1013 lv.
596 985 626 1013 6.
651 983 659 999 ‘
679 983 754 1015 Qua
777 992 837 1023 spe

135 1030 274 1062 adducti
290 1032 309 1062 :'
339 1037 373 1063 at
390 1033 476 1063 male
499 1033 697 1064 Ciacconius
715 1038 838 1064 contra

133 1080 247 1112 Mstos
264 1091 431 1122 reponere
448 1087 560 1113 tentat
577 1092 656 1113 vm.
671 1087 699 1113 5.
723 1084 732 1099 ‘
748 1083 837 1113 cala-

133 1130 254 1162 mitate
269 1137 460 1163 ceterorum
477 1132 639 1171 adducti:
662 1142 722 1173 pro
737 1134 835 1164 ducti.

133 1179 256 1211 Deducz'
298 1182 534 1213 necessitatem
575 1183 680 1222 magis
726 1188 834 1222 notat,

133 1240 235 1272 quam
252 1234 512 1272 persuasionem.
558 1233 696 1265 Confer.
714 1244 763 1265 Π.
783 1238 834 1265 10.

131 1280 260 1313 Verum
277 1283 360 1314 Mss.
385 1288 420 1315 ct
437 1283 524 1316 Edd.
541 1294 654 1315 omnes
680 1290 834 1316 constan-

133 1337 188 1364 ter
218 1334 391 1375 vulgatum
422 1339 569 1366 servant.
624 1336 721 1366 Licet
753 1345 834 1366 vero

132 1392 186 1423 spe
215 1384 321 1424 legas,
352 1394 418 1415 nou
449 1390 563 1415 tamen
592 1395 674 1425 opus
704 1390 833 1416 mutare

134 1443 236 1474 supra
255 1436 416 1475 praemium
439 1435 471 1465 in
492 1437 647 1475 primum.-
674 1445 749 1466 nam
775 1446 834 1476 po-

133 1485 199 1516 tuit
216 1495 291 1516 cum
308 1486 347 1516 iis
373 1486 619 1517 communicare
644 1486 832 1526 praemium,

131 1534 214 1566 licet
242 1535 276 1566 id
306 1541 486 1567 numerata
516 1536 658 1576 pecunia
687 1545 755 1566 non
783 1546 835 1567 re·

131 1587 404 1627 praesentaverit,
430 1587 490 1617 sed
516 1591 648 1617 tantum
675 1587 834 1626 promise-

131 1635 188 1666 rit.
235 1637 347 1668 Vossii
373 1637 606 1677 conjecturam
636 1637 669 1668 in
700 1642 832 1668 textum

129 1685 265 1717 admisit
282 1687 459 1718 Cellarius.

174 1745 333 1769 xxxvnl.
350 1741 368 1769 4
394 1738 552 1768 Nobilitas
567 1737 678 1778 omnis]
714 1738 831 1769 Codex

131 1785 305 1818 ciacconii
325 1792 361 1818 et
377 1788 443 1818 Ms.
460 1788 544 1827 Reg.
560 1788 700 1826 habent,
724 1787 831 1818 nobili-

129 1838 179 1866 tas
193 1842 309 1867 nostra
325 1838 442 1872 omuis5
459 1837 601 1868 Graecus
614 1838 707 1877 item,
717 1836 831 1868 πάντες

128 1886 155 1916 δ’
177 1887 207 1917 οἱ
225 1888 281 1923 τῆς
305 1887 524 1918 ἨΜΕΤΕΡΑΣ
546 1886 664 1918 πόλεως
685 1887 829 1926 εὐγενεῖς.

131 1936 237 1968 Clark.
284 1938 395 1969 Etiam
413 1938 530 1969 Celsus
555 1939 564 1954 ‘
578 1934 829 1969 Omnis'noster

128 1988 322 2028 equitatus.'
374 1988 489 2030 Atque
516 1988 697 2019 ediderunt
723 1992 828 2019 nostra

126 2038 266 2070 Vascos.
288 2040 356 2070 Str.
379 2039 498 2080 Steph.
523 2045 557 2070 et
582 2039 712 2079 Gryph.
739 2043 827 2079 post.

128 2086 187 2128 At,
203 2092 390 2119 nostrorum
407 2089 518 2118 nullus
545 2097 617 2118 eam
634 2097 753 2119 vocem
776 2097 827 2118 re-

128 2139 240 2180 petit3
265 2139 323 2170 sed
351 2144 483 2171 tantum
511 2149 578 2170 non
607 2149 721 2170 omnes
747 2140 827 2170 scri-

127 2188 215 2219 bunt
236 2189 299 2220 hoe
325 2189 443 2220 ordine
469 2191 478 2206 ‘
492 2190 570 2221 Om.
588 2199 620 2220 n.
638 2190 742 2230 equit.
758 2199 825 2220 om-

128 2238 180 2269 nis
210 2239 393 2271 nobilitas.’
439 2241 538 2273 Quod
572 2250 632 2271 cur
663 2240 827 2271 mutarint

128 2288 198 2328 alii,
214 2298 280 2319 non
296 2289 395 2320 video
409 2300 417 2326 ς
434 2290 497 2320 nisi
513 2289 617 2321 fuerit
633 2290 739 2320 visum
759 2291 826 2321 ele-

126 2338 274 2379 gantius.
319 2339 368 2370 At
383 2341 469 2370 solet
493 2340 594 2371 aliter
616 2341 742 2380 Caesar,
770 2341 826 2382 qui

126 2389 306 2428 repetitam
324 2399 440 2420 vocem
463 2390 571 2430 primo
588 2391 662 2422 loco
680 2392 824 2431 plerum-

126 2447 192 2480 que
208 2440 314 2479 ponit.
360 2440 446 2470 Vide
462 2441 561 2471 modo
586 2441 625 2471 B.
641 2441 714 2472 Civ.
731 2450 754 2471 1.
771 2444 823 2472 53.

125 2491 179 2519 56.
215 2490 400 2530 ‘Magnum
435 2489 612 2522 numerum
646 2491 824 2530 Sagittari-

125 2548 233 2579 orum,
249 2550 407 2581 magnum
423 2540 620 2572 Albicorum
637 2540 826 2581 inponunt!

126 2593 216 2621 (254.
232 2591 242 2607 ⁴
259 2590 432 2631 prohiberi
442 2591 552 2633 aqua,'
566 2591 575 2610 ⁴
591 2592 761 2632 prohiberi
775 2593 824 2623 in-

126 2640 266 2677 gressu!
298 2649 340 2672 11.
365 2644 395 2673 5.
417 2642 482 2672 ‘ut
507 2641 615 2672 omnis
646 2642 823 2682 juventus,

126 2686 307 2732 omnesque
335 2692 518 2733 superioris
549 2692 683 2724 aetatis!
712 2703 740 2725 c.
771 2696 822 2724 13.

127 2735 139 2755 ‘
149 2738 277 2773 nullum
309 2751 351 2774 ex
386 2752 496 2784 muro,
527 2743 656 2776 nullum
694 2753 713 2776 a
747 2753 822 2777 nos-

1484 227 1594 269 12:21

899 328 982 363 tris,’
999 331 1062 360 &m
1079 330 1129 360 uti
1156 334 1191 361 et
1217 340 1247 361 c.
1276 333 1328 361 19.
1356 334 1392 362 et
1418 339 1474 362 111.
1500 334 1530 362 3.
1559 338 1595 363 et

898 378 944 408 sic
966 380 1098 418 passim.

938 431 956 456 5
988 429 1203 469 l'irdumarus]
1238 431 1359 461 Donec
1386 430 1509 462 clarius
1538 441 1595 471 pa-

895 481 976 515 tent,
999 488 1073 518 quae
1099 485 1194 510 certa
1217 481 1250 510 in
1277 482 1336 512 hac
1364 490 1446 512 voce
1473 481 1596 513 Ortho-

896 528 1034 567 graphia
1059 529 1102 559 sit
1129 531 1287 570 tenenda,
1312 532 1446 571 reposui
1475 531 1596 563 Virido-

894 588 998 608 marus
1014 578 1067 608 hic
1084 583 1118 608 et
1134 579 1166 608 in
1182 589 1274 621 seqq.
1289 581 1494 612 auctoritate
1512 581 1596 613 Mss.

893 627 1040 657 omnium
1058 637 1205 658 meorum
1224 635 1257 659 et
1275 630 1428 660 Brantii:
1454 636 1488 661 et
1506 631 1594 663 Edd.

893 676 1077 716 primarum
1104 687 1142 708 ac
1166 679 1267 710 Vasc.
1292 669 1412 719 Step'li.
1440 681 1595 713 aliorum.

893 727 1080 758 Beroaldus
1098 729 1149 758 vel
1167 728 1317 769 quisquis
1339 730 1422 760 alius
1438 731 1594 762 Venetiis

893 778 1037 817 primum
1061 778 1148 809 cusit
1177 779 1392 817 Virdnmaru3,
1420 780 1509 820 quod
1535 781 1594 812 Al-

892 827 965 865 dus,
990 828 1122 868 Gryph.
1149 828 1262 860 Plant.
1281 834 1315 859 et
1340 830 1492 869 Scaliger
1517 835 1595 862 sunt

890 878 1010 908 secuti.
1062 879 1259 910 sirdmnarus
1290 880 1344 909 hic.
1377 880 1499 912 Petav.
1534 880 1593 912 sed

890 928 979 960 iufra
1005 940 1081 960 cum
1109 931 1246 971 reliquis
1274 931 1423 961 siriciam.
1475 932 1593 962 Viridi-

890 990 1010 1010 maram
1034 985 1195 1020 corrupte
1222 980 1317 1011 Gott.
1343 985 1378 1011 et
1395 981 1491 1011 Voss.
1509 985 1592 1012 tert.

891 1029 1037 1060 Consule
1053 1031 1187 1060 omnino
1203 1030 1361 1060 Vinetum
1378 1034 1414 1060 et
1440 1030 1524 1061 alios
1549 1030 1592 1061 ad

889 1080 1025 1111 Florum
1050 1089 1092 1111 11.
1120 1084 1150 1112 4.
1180 1086 1215 1111 ct
1243 1082 1370 1112 Comm.
1400 1080 1441 1111 ad
1473 1080 1591 1112 Aurei.

888 1131 978 1162 vict.
1001 1131 1044 1162 de
1060 1132 1134 1163 Vir.
1162 1132 1215 1163 Ill.
1233 1141 1262 1163 c.
1280 1135 1332 1163 45.
1381 1132 1423 1163 Iu
1447 1141 1590 1173 quorum

888 1181 996 1212 Codd.
1013 1186 1209 1213 constanter
1231 1181 1382 1213 Viridom.

931 1235 968 1262 11
987 1233 1105 1263 Multos
1116 1233 1247 1273 equites]
1271 1233 1326 1264 Sic
1344 1234 1497 1273 reposuit
1513 1234 1591 1266 Sca-

886 1285 994 1324 liger:
1021 1295 1095 1316 cum
1113 1289 1192 1316 ante
1209 1295 1285 1316 eum
1302 1286 1402 1326 vulgo
1418 1286 1590 1327 legeretur

885 1344 1006 1365 omnes:
1034 1336 1123 1376 quod
1150 1345 1231 1366 sane
1257 1336 1429 1367 invenitur
1452 1347 1588 1378 quoque

884 1383 917 1414 in
936 1384 1053 1424 Cujae.
1073 1385 1195 1416 Petav.
1211 1384 1300 1416 And.
1319 1385 1430 1417 Oxou.
1447 1392 1483 1418 et
1498 1387 1588 1419 Scal.

886 1443 947 1474 pro
975 1435 1055 1466 Var.
1082 1436 1163 1466 lect.
1194 1436 1244 1466 uti
1268 1441 1304 1466 et
1329 1436 1586 1476 Metaphraste:

886 1488 923 1514 ut
939 1485 1099 1524 respiciat
1115 1485 1157 1516 ad
1174 1486 1407 1525 praecedentia
1431 1486 1440 1502 ‘
1457 1485 1588 1518 Omnes

885 1538 1001 1564 noster
1017 1535 1189 1575 equitatus
1210 1535 1362 1567 interiit.'
1407 1536 1522 1569 Quare
1547 1546 1589 1568 ea

885 1584 987 1615 lectio
1024 1585 1159 1617 videtur
1197 1586 1322 1626 verior,
1357 1587 1441 1618 licet
1476 1589 1588 1619 maltos

885 1635 1022 1675 plurimi
1051 1636 1134 1667 Cod.
1162 1641 1198 1668 et
1226 1637 1314 1668 Edd.
1345 1638 1461 1678 primae
1491 1638 1586 1670 exhi-

885 1683 1000 1716 beant.
1047 1687 1136 1717 Nam
1163 1690 1199 1718 et
1224 1687 1341 1718 Celsus
1371 1687 1431 1727 ait,
1458 1697 1516 1719 eos
1542 1689 1586 1720 de

884 1735 1032 1766 conficta
1045 1736 1188 1767 historia
1202 1736 1249 1767 nil
1265 1737 1459 1769 mutavisse.
1493 1738 1588 1770 Prae-

885 1789 980 1815 terea
996 1786 1024 1816 si
1040 1786 1129 1816 multi
1151 1786 1250 1817 modo
1266 1787 1443 1818 interfecti
1458 1787 1586 1829 forent,

883 1839 1045 1874 poterant
1060 1836 1093 1865 hi
1111 1836 1268 1875 producti
1282 1847 1358 1868 cum
1376 1838 1515 1879 reliquis
1529 1848 1587 1870 an-

881 1882 1023 1924 fugisse,
1047 1889 1084 1916 et
1102 1895 1175 1916 sese
1192 1886 1282 1917 inter
1303 1887 1448 1918 militum
1470 1889 1585 1921 multi-

882 1933 1036 1965 tudinem
1059 1936 1243 1976 occultare,
1270 1946 1336 1967 non
1362 1947 1500 1970 necesse
1528 1939 1585 1970 ha·

882 1984 1045 2016 buissent.

923 2037 962 2065 25
990 2036 1107 2066 Eodem
1121 2038 1278 2068 mendacio
1298 2039 1468 2080 permovet]
1494 2040 1581 2073 Edd.

879 2085 967 2115 Ven.
992 2088 1087 2117 1517.
1111 2086 1190 2118 Ald.
1215 2088 1346 2129 Gryph.
1374 2089 1490 2122 Plant.
1514 2091 1584 2122 ‘In

879 2135 999 2166 eodem
1022 2146 1066 2168 m.
1094 2139 1294 2178 permanet!
1340 2140 1455 2171 Minus
1479 2141 1581 2182 bene,

880 2195 1081 2227 quamquam
1121 2192 1281 2228 permanet
1319 2190 1508 2222 invenerim
1546 2191 1582 2222 in

879 2237 992 2269 Oxon.
1015 2242 1051 2269 et
1066 2237 1180 2269 forsan
1198 2240 1231 2270 in
1247 2240 1319 2270 aliis
1335 2245 1455 2272 restat.
1500 2241 1580 2272 Per-

877 2291 976 2319 motet
999 2293 1093 2320 certe
1110 2299 1152 2320 ex
1169 2290 1251 2321 meis
1275 2291 1403 2322 habent
1425 2292 1487 2322 soli
1513 2292 1580 2323 Pe-

878 2342 947 2369 tav.
980 2339 1077 2370 Gott.
1112 2346 1148 2371 et
1179 2341 1274 2372 Leid.
1306 2347 1385 2373 tert.
1442 2342 1580 2383 Reliqui

872 2392 1051 2428 permonet:
1077 2391 1229 2422 sollemni
1257 2392 1441 2424 variatione
1464 2393 1521 2424 τοῦ
1546 2403 1577 2424 n.

877 2443 912 2470 et
932 2449 964 2470 a.
1010 2440 1048 2471 In
1065 2442 1130 2472 eod.
1149 2447 1309 2473 exaratur
1324 2442 1356 2472 in
1376 2442 1466 2474 And.
1482 2442 1578 2473 Leid.

877 2499 928 2529 pr.
944 2490 1032 2522 Scal.
1056 2497 1092 2522 et
1115 2492 1230 2532 Cujae.
1256 2493 1298 2523 de
1325 2493 1418 2532 cujus
1447 2501 1578 2533 praepo-

876 2540 1004 2572 sitionis
1020 2542 1211 2582 pleonasmo
1228 2542 1306 2573 vide
1324 2544 1366 2572 ad
1382 2551 1437 2572 111.
1456 2543 1507 2571 13.

917 2594 959 2622 27
981 2590 1062 2622 Sua-s
1082 2593 1212 2631 injurias
1231 2590 1470 2633 persequantur]
1505 2590 1577 2622 Sibi

874 2640 998 2674 illatas,
1022 2644 1031 2659 ‘
1046 2643 1204 2683 Injurias’
1219 2643 1308 2672 enim
1324 2644 1333 2658 ⁴
1349 2641 1490 2672 dicimus
1505 2645 1576 2671 tam

872 2689 1019 2732 illorum,
1041 2693 1098 2734 qui
1114 2693 1301 2733 patiuntur,
1328 2699 1428 2731 quam
1444 2689 1502 2730 qui
1525 2688 1574 2720 fa-

874 2740 988 2783 ciuut‚’
1017 2746 1056 2775 ut
1081 2742 1214 2775 notavit
1239 2741 1282 2774 A.
1308 2740 1440 2773 Gellius
1466 2740 1572 2775 Noct.
