1872 3115
356 190 448 220 1213.
483 188 536 218 11.
573 188 681 218 CAP.
713 178 783 218 10.
826 189 888 218 nu
923 189 1078 218 menno
1111 189 1343 219 cAnch.

123 282 203 313 lium
220 286 294 313 erat
309 282 492 313 secuudum
510 281 721 313 Caesarianis.

170 335 209 363 12
233 332 288 362 Sin
314 333 428 372 minus]
451 332 677 363 Flodoardus:
711 332 749 363 Si
765 333 822 363 mi-

124 392 181 412 uus
204 382 384 423 potuissent.
421 382 556 413 ls'ossim.
613 382 776 424 Plerique
802 392 821 413 e

126 439 209 466 vett.
225 434 329 465 codd.
344 434 481 473 habeut,
502 435 550 464 sin
563 434 665 465 minus
684 437 820 474 possent,

123 493 225 522 agros,
247 486 310 515 Sec.
358 483 565 514 Flodoardus
604 493 697 521 vero,
735 485 818 515 Mss.

124 533 229 565 Norv.
247 540 281 564 et
297 535 415 575 Steph.
438 534 617 574 potuissent.
664 535 818 576 Utraque

122 593 186 614 vox
201 594 242 615 ex
260 585 474 616 Glossemate
501 586 536 616 iu
559 590 690 616 textum
714 586 819 626 irrep-

120 634 176 672 sit,
192 639 228 665 ut
244 635 375 666 notavit
386 635 487 666 etiam
506 635 560 666 Fr.
574 635 818 667 Hotomannus.

124 684 230 715 Recte
257 685 360 725 igitur
384 695 422 717 ac
449 685 636 725 prudenter
661 695 696 716 se
714 686 819 725 gessit

121 734 263 765 Graecus
282 735 459 776 interpres,
477 734 532 775 qui
550 744 612 766 nec
627 735 741 775 hujus,
755 744 819 766 nec

117 785 205 816 illius
237 786 400 816 rationem
431 785 560 815 habuit.
593 785 702 816 Duris.
750 785 818 816 Ms.

121 836 204 875 Reg.
221 842 256 867 et
274 837 362 867 Edit.
390 836 488 867 Rom.
514 837 542 866 si
565 837 664 866 minus
684 840 818 876 possent.

122 886 206 917 Mss.
240 887 365 918 Eliens.
395 891 429 918 et
453 886 565 917 Vossii
588 887 616 916 si
642 886 741 916 minus
765 896 819 926 po-

116 938 257 969 tuissent.
304 939 411 969 Clark.
500 938 635 968 Manat.
678 937 818 968 Hotom.

121 987 293 1027 Branfius,
323 987 447 1028 aliique
471 988 503 1017 in
532 988 598 1017 suis
631 987 715 1017 Mss.
745 997 818 1018 esse

119 1037 237 1068 testati
273 1041 406 1077 posscnt,
434 1037 486 1067 vel
507 1037 693 1076 potuissent,
717 1037 818 1067 nihilo

118 1088 226 1118 minus
243 1088 399 1119 Glossam
417 1092 551 1128 putant.
599 1087 724 1118 Contra
740 1097 818 1117 cen-

118 1143 171 1170 set
193 1139 303 1170 Scott.
322 1139 467 1170 Observ.
486 1147 544 1169 ιιι.
560 1141 612 1169 19.
659 1137 701 1168 In
726 1138 818 1169 nullo

118 1198 266 1220 meorum
283 1189 392 1221 deest.
415 1190 482 1221 Sed
495 1189 622 1220 habent
638 1199 712 1219 cum
730 1189 817 1221 Edd.

116 1243 238 1279 possent
268 1240 321 1270 vel
349 1240 536 1280 potuissent;
574 1239 666 1281 quod
701 1243 755 1270 est
784 1240 816 1270 in

97 1291 270 1331 'pluribus
295 1295 331 1323 et
354 1291 548 1322 meliorihus
575 1291 682 1322 libris.
709 1291 752 1322 V.
774 1290 816 1321 ad

119 1349 143 1371 1.
161 1343 193 1371 4.

162 1393 200 1421 14
219 1391 471 1430 commeatusque
484 1394 602 1421 nostros
614 1389 818 1429 sustinebunt]

118 1441 333 1472 Commeatus
377 1441 498 1471 nostris
539 1439 816 1480 suppeditabant.

115 1490 171 1522 Sic
196 1491 298 1522 Cotta
320 1491 352 1520 iu
369 1494 454 1520 orat.
480 1490 566 1520 inter
582 1489 702 1529 fragm.
727 1490 818 1522 Hist.

115 1542 266 1573 Sallustii
282 1541 380 1572 dixit.
425 1542 434 1557 ‘
454 1541 537 1571 Cum
562 1540 698 1571 iuterim
715 1540 818 1571 vecti-

117 1592 205 1633 galia
227 1602 332 1632 parva
356 1597 391 1622 et
411 1590 506 1621 bellis
522 1591 652 1621 incerta
668 1591 725 1621 vix
743 1601 817 1631 par-

115 1648 185 1673 tem
202 1646 368 1673 sumtuum
385 1640 575 1672 sustinent)
602 1640 685 1671 Mss.
702 1645 817 1673 tamen

116 1693 250 1724 Carrar,
278 1692 418 1724 Norvic.
457 1691 578 1731 aliique
610 1700 686 1722 cum
717 1691 816 1722 editt.

115 1744 205 1774 Flor.
229 1748 264 1774 et
286 1743 405 1783 steph.
431 1740 593 1772 exhibent
616 1743 625 1757 ‘
644 1741 818 1771 Commea-

116 1798 219 1835 tuque
256 1797 390 1823 nostros
429 1790 675 1832 prohiberent}
710 1796 746 1821 ut
780 1795 815 1821 et

113 1842 258 1873 Graecus
272 1841 442 1881 interpres
457 1852 466 1879 3
486 1840 532 1870 sic
546 1839 649 1870 etiam
667 1840 761 1870 Rom.
779 1845 814 1872 et

114 1891 200 1922 Ven.
225 1891 288 1921 nisi
315 1889 403 1931 quod
429 1890 462 1920 in
487 1890 553 1920 illis
575 1889 710 1929 legatur
735 1900 814 1920 com·

113 1945 298 1982 meatusque.
342 1941 409 1972 Sed
435 1940 515 1971 mihi
540 1940 720 1980 perplacet
743 1941 815 1972 vul-

113 1996 193 2032 gata
219 1992 331 2030 lectio,
355 2001 452 2031 quam
475 2001 494 2021 e
519 1990 687 2021 nonnullis
704 1990 813 2022 Codd.

111 2041 329 2073 eliminarunt
358 2041 513 2081 Librarii‚
551 2041 642 2082 quod
677 2040 814 2081 phrasin

112 2093 226 2133 paullo
241 2092 466 2123 difficiliorem
485 2101 550 2123 non
568 2092 812 2132 intelligerent.

111 2145 146 2176 si
172 2155 238 2186 qua
264 2155 349 2185 opus
376 2149 468 2176 esset
489 2144 689 2182 mutatione,
711 2143 813 2176 facilc

112 2203 244 2235 possem
280 2199 506 2235 commeatuque
535 2198 654 2225 nostros
683 2195 813 2226 sustine-

111 2244 197 2281 bunt,
224 2244 258 2275 id
285 2249 350 2284 est,
364 2245 511 2283 alebant,
528 2250 566 2275 ut
583 2245 685 2276 etiam
708 2244 813 2276 habet

111 2294 216 2326 editio
252 2295 394 2325 Vascos.
441 2295 551 2325 Dacis.
604 2295 688 2326 Mss.
727 2295 811 2334 Reg.

111 2346 238 2377 Eliens.
250 2351 286 2378 et
296 2346 425 2384 Vossii;
442 2347 814 2387 commeatuque—prohi-

110 2395 226 2427 berent.
273 2396 415 2427 Graecus
431 2397 492 2426 τῶν
508 2395 685 2432 ἐπιτηδείων
697 2396 814 2427 ἀποκω-

108 2444 211 2476 λύειν;
243 2455 340 2477 sensu
364 2446 466 2476 nihilo
487 2445 595 2476 minus
623 2446 811 2477 commodo.

111 2497 219 2527 Clark.
276 2497 365 2527 Loco
400 2501 491 2526 notae
530 2505 614 2526 meae
661 2505 809 2535 repone:

108 2548 118 2564 ‘
136 2550 410 2587 commeatusque
436 2551 568 2576 nostros
591 2545 812 2577 sustinebant·

109 2595 161 2626 Ex
199 2596 332 2627 Carrar.
369 2596 487 2627 Petav.
518 2595 638 2635 Cujac.
670 2595 811 2627 Norvic.

109 2645 272 2685 Bougars.
296 2646 417 2685 tribus,
431 2646 571 2687 aliisque
599 2645 700 2676 Mstis
732 2646 811 2686 lege

107 2698 333 2737 commeatuque
347 2700 467 2727 nostros
479 2696 699 2737 prohiberent,·
722 2696 812 2738 quod

107 2751 151 2773 ex
180 2745 359 2777 veterrimo
383 2745 510 2778 Lovau.
530 2746 684 2788 reposuit
708 2746 812 2779 etiam

1487 178 1571 220 981

872 283 950 314 Nic.
983 284 1146 314 Heinsius
1180 283 1222 313 ad
1257 282 1435 313 Claudiani
1469 284 1574 324 Rapt.

871 333 969 365 Proe.
987 344 1035 364 vs.
1056 337 1126 365 104.
1162 334 1275 364 Doris.
1289 343 1359 364 cur.
1377 343 1434 364 sec
1493 334 1576 365 Vul-

872 388 951 422 gata
975 384 1077 414 lectio
1096 385 1127 414 in
1145 383 1280 414 officina
1304 384 1383 414 Aldi
1411 388 1491 415 nata
1507 390 1571 415 est.

874 431 992 464 Nostri
1019 433 1121 463 etiam
1149 442 1277 471 omnes,
1301 438 1337 464 et
1359 434 1468 464 Scotti
1493 434 1574 464 alio-

872 492 1013 521 rumque
1035 492 1111 513 cum
1136 483 1223 514 Edtl.
1249 484 1346 515 Vett.
1381 484 1575 515 Commeatu-

870 542 926 572 que
951 536 1072 563 nostros
1095 533 1310 573 prohiberent.-
1335 534 1397 565 nisi
1425 535 1514 575 quod
1541 535 1575 565 in

870 593 937 614 uno
950 584 1126 625 alteroque
1136 585 1329 615 recentiore
1346 590 1380 616 et
1399 586 1460 616 Ed.
1477 586 1573 617 Rom.

871 634 966 665 Med.
994 635 1080 665 Ven.
1107 635 1150 666 sit
1165 639 1360 666 commentus.
1377 645 1401 666 1.
1419 640 1470 667 49.
1506 638 1516 653 ‘
1532 647 1575 668 ne

870 684 998 715 diutius
1025 689 1216 715 commeatu
1242 685 1504 724 prohiberetur.’
1525 695 1575 718 lv.

870 737 922 765 30.
949 737 957 751 ‘
973 733 1144 765 frumento
1161 739 1422 776 commeatuque
1440 741 1574 767 nostros

870 785 1073 825 prohibere.'
1100 785 1197 815 Adde
1215 793 1295 816 vnt.
1314 788 1345 815 7.
1367 786 1404 816 B.
1423 785 1460 816 C.
1479 795 1503 816 1.
1524 789 1575 816 17.

870 835 957 866 Vide
976 837 1079 866 Doct.
1105 835 1148 866 A.
1166 845 1231 866 van
1254 835 1421 866 Staveren
1446 835 1488 866 ad
1507 836 1575 867 Ne-

871 890 942 927 pot.
960 885 1108 917 Hannib.
1132 896 1162 917 c.
1187 888 1217 917 3.
1247 886 1256 902 ‘
1274 886 1451 926 prohibere
1468 891 1575 917 trans-

870 937 942 968 itu!
995 937 1086 968 Olim
1105 937 1312 967 solummodo
1339 937 1471 967 credidi
1497 947 1576 967 com-

870 990 1043 1027 meatusque
1059 987 1258 1018 mutandum
1273 997 1346 1018 esse
1360 988 1392 1017 in
1406 991 1576 1018 commeatu

870 1036 913 1067 ad
931 1037 1045 1068 Front.
1062 1046 1118 1068 111.
1135 1040 1185 1068 15.
1203 1039 1234 1067 3.
1251 1037 1310 1067 sed
1327 1043 1409 1068 tunc
1426 1037 1574 1068 nondum

870 1093 922 1120 tot
941 1089 1050 1120 Mstos
1072 1090 1315 1120 consulueram.

914 1150 948 1173 x.
970 1144 986 1171 l
1014 1142 1121 1172 Caesar
1147 1142 1262 1173 certior
1289 1141 1413 1182 factus]
1447 1143 1575 1174 Vocem

871 1191 979 1221 Caesar
993 1192 1026 1221 in
1040 1191 1243 1222 membranis
1259 1191 1446 1222 desiderari
1460 1192 1577 1223 Schot-

869 1246 923 1272 tus
941 1240 1098 1281 affirmat,
1122 1242 1224 1274 etiam
1243 1243 1456 1273 Flodoardus
1477 1244 1576 1274 omit-

869 1292 930 1324 tit:
955 1293 1015 1323 sed
1036 1293 1216 1323 retinenda
1232 1297 1297 1324 est.
1327 1293 1463 1324 Vossius.
1511 1293 1576 1324 Hic

869 1343 973 1374 etiam
989 1343 1153 1374 omittunt
1171 1343 1306 1373 Caesaris
1319 1353 1440 1374 nomen
1457 1343 1575 1374 decem

870 1393 952 1424 Mss.
967 1392 1046 1431 mei,
1063 1397 1099 1424 et
1115 1393 1203 1424 Edd.
1221 1394 1317 1424 Vett.
1333 1393 1391 1423 sed
1410 1393 1505 1424 Leid.
1522 1403 1574 1433 pr.

870 1442 965 1482 Egm.
990 1447 1026 1473 et
1049 1442 1116 1473 duo
1137 1443 1194 1473 alii
1219 1452 1296 1473 cum
1319 1442 1438 1473 iisdem
1463 1443 1576 1474 Editis

869 1496 997 1531 ponunt
1026 1495 1103 1531 post
1129 1492 1262 1522 Titurio.
1298 1492 1458 1523 Ridicule
1474 1493 1574 1524 Voss.

869 1541 966 1581 prim.
982 1542 1020 1572 ab
1039 1542 1160 1572 Titurio
1175 1543 1364 1573 Ariovistus.
1395 1543 1574 1584 Scriptum

869 1591 1003 1623 videtur
1016 1592 1094 1623 olim
1111 1602 1173 1633 per
1188 1593 1425 1633 compendium
1444 1593 1481 1623 C.
1499 1603 1574 1634 quae

866 1642 982 1673 littera
1006 1642 1085 1673 dein
1108 1642 1151 1674 ob
1178 1652 1250 1684 seq.
1277 1643 1392 1674 certior
1415 1644 1575 1684 neglecta

867 1696 931 1722 cst.

909 1744 929 1772 2
967 1742 1061 1772 Levis
1093 1745 1263 1773 armaturae
1307 1743 1477 1784 Numidas]
1525 1743 1569 1774 E-

867 1790 979 1832 quites
1007 1797 1106 1822 eraut
1126 1792 1251 1832 jaculis
1279 1797 1410 1823 tantum
1438 1793 1573 1832 armati,

866 1846 904 1872 ut
920 1841 1032 1872 multis
1046 1841 1171 1882 probat
1186 1842 1219 1874 J.
1233 1842 1367 1883 Lipsius
1380 1843 1455 1874 Mil.
1473 1843 1571 1875 Rom.

864 1892 886 1922 l.
904 1901 957 1922 111.
975 1892 1066 1923 Dial.
1085 1894 1114 1923 S.
1159 1892 1271 1924 Daris.

908 1946 926 1973 5
952 1943 1016 1973 Per
1030 1952 1133 1973 eorum
1148 1953 1274 1983 corpora
1290 1944 1422 1983 reliquos
1436 1945 1575 1975 audacis-

863 1992 939 2023 sime
951 1992 1090 2024 transire
1105 1991 1265 2032 conantes]
1294 1993 1433 2024 Erravit
1457 1994 1573 2035 itaque

865 2043 1083 2081 Plutarchus,
1111 2043 1167 2084 qui
1200 2043 1271 2074 Vit.
1305 2044 1393 2074 Caes.
1431 2054 1464 2084 p.
1495 2047 1572 2076 717.

862 2087 904 2124 E.
938 2093 1039 2124 docet
1066 2102 1124 2123 eos
1151 2102 1171 2123 a
1201 2093 1360 2124 Romanis
1392 2103 1573 2134 oppressos

863 2143 968 2175 fuisse
985 2143 1120 2185 ω’σχρῶς
1135 2143 1394 2184 ἀγωνισαμένους,
1415 2146 1573 2185 ignat-iter

859 2194 1051 2234 proeliantes.
1098 2194 1176 2225 Hoc
1194 2199 1289 2226 certe
1304 2205 1422 2235 parum
1438 2195 1477 2226 iis
1494 2205 1572 2226 con-

862 2245 968 2284 venit,
998 2245 1056 2286 qui
1093 2245 1135 2275 ab
1174 2245 1331 2275 universa
1362 2245 1572 2286 antiquitate

863 2295 1039 2327 Gallorum
1057 2294 1233 2326 fortissimi
1248 2295 1457 2326 vocitantur.
1504 2295 1555 2326 Id.

906 2349 945 2377 15
972 2345 1159 2385 Contenire]
1183 2345 1485 2385 Corruperunthic
1499 2354 1571 2376 rur-

861 2405 916 2426 sus
934 2396 1109 2428 Manutius
1140 2400 1176 2426 et
1204 2395 1441 2426 Hotomannus
1460 2396 1571 2426 Caesa-

862 2455 946 2484 rem,
974 2446 1052 2477 dum
1071 2455 1190 2477 sanare
1202 2445 1359 2478 credunt.
1407 2447 1496 2476 Ante
1511 2454 1566 2476 eos

862 2495 1026 2527 edebatur
1042 2496 1255 2532 conrem‘oenss
1271 2500 1374 2536 atque
1388 2495 1437 2526 ita
1453 2504 1569 2527 omnes

862 2546 946 2577 Mss.
963 2547 1189 2577 constituerunt
1211 2547 1360 2586 optimum
1375 2555 1451 2583 esse,
1468 2554 1569 2575 rerer·

861 2596 900 2635 ti,
923 2599 964 2636 et,
978 2597 1109 2627 scilicet
1126 2602 1175 2635 ut,
1195 2596 1401 2627 convenirent.
1449 2594 1570 2626 Modo·

861 2655 937 2677 rum
952 2646 1173 2677 variationem
1187 2655 1253 2676 non
1271 2654 1344 2675 raro
1362 2645 1402 2675 ab
1421 2644 1569 2676 auctori·

862 2695 922 2727 bus
937 2696 1103 2736 adhiberi,
1119 2697 1195 2728 illos
1211 2695 1320 2735 fugit:
1345 2699 1379 2725 at
1397 2694 1486 2735 vide,
1501 2695 1570 2727 lec-

863 2750 928 2788 tor,
944 2746 1053 2778 soceri
1079 2750 1176 2777 notas
1193 2744 1236 2777 ad
1260 2745 1337 2776 Val.
1364 2745 1458 2779 Max.
1475 2754 1514 2778 ιι.
1533 2749 1564 2777 σ.
