1818 3131
214 175 326 218 1010

214 280 388 315 Ciceronis
410 278 452 311 ad
477 277 595 310 Famil.
618 277 682 317 Ep.
705 285 745 307 ιι.
764 278 815 307 13.
838 277 872 307 in
887 275 913 308 f.

209 332 220 350 ‘
238 332 323 364 Cum
339 330 448 372 prima
463 328 583 359 aestiva
605 327 813 367 adtigissem‚
829 327 915 358 mili-

210 388 389 422 taremque
405 389 473 411 rem
491 377 708 410 collocassem
723 377 742 409 ι’
775 377 832 408 ubi
859 377 913 408 iti-

209 433 287 464 dem
324 431 466 462 Ursinus
502 427 735 469 reponendum
771 428 912 468 conjicit

208 482 218 501 ⁸
236 481 446 521 militemque
476 479 510 509 in
541 478 603 509 ea!
659 477 827 510 Gruterus
858 477 912 508 hic

208 533 402 573 conjecerat
433 530 441 546 ‘
459 529 515 560 vix
540 533 578 560 ut
605 528 647 560 de
673 528 784 569 rebus,
807 538 840 569 q.
868 538 913 567 c.,

208 580 450 622 conloquendi,
476 590 519 612 ne
535 580 613 611 dum
631 578 912 610 administrandi.'

251 635 272 664 4
291 632 443 673 Goesaque
458 631 491 662 in
505 631 617 662 vallum
627 630 791 671 conjicere]
812 630 914 661 Gaesa

208 683 280 715 tela
306 686 383 713 sunt
409 681 555 713 Gallica.
604 680 741 713 Servius
769 679 811 710 ad
839 680 914 710 Vir-

208 733 283 773 gilii
310 733 383 764 AEn.
413 740 492 763 viu.
519 734 592 762 662.
617 732 625 747 ‘
644 730 766 769 Garsaj
791 730 913 770 inquit,

206 783 216 801 ‘
234 783 340 814 liastae
357 783 470 813 viriles
485 792 493 819 ;
525 790 601 812 nam
620 781 722 811 etiam
739 780 830 810 viros
847 779 913 810 for-

207 836 261 864 tes
285 833 377 863 Galli
402 831 520 862 Gaesos
543 829 689 861 vocant!
735 829 822 859 Vide
838 838 912 869 quae

205 882 346 921 collegit
360 881 393 913 J.
408 880 544 920 Lipsius
560 879 636 909 Pol.
654 888 702 910 lv.
718 882 749 909 4.
800 878 912 910 Davi&

249 935 268 962 5
294 932 401 971 Neque
416 930 510 960 ullum
528 929 655 967 frustra
670 928 764 959 telum
786 937 825 958 ea·
849 929 913 958 loco

204 981 360 1022 superiore
376 980 516 1020 mittere]
534 979 663 1010 Iterum
681 983 827 1018 nugatur
843 978 914 1009 Ho-

206 1035 397 1070 tomannus,
424 1034 459 1061 et
486 1031 569 1069 legit
593 1029 754 1066 inferiore.
812 1029 913 1068 Nam,

206 1081 329 1121 inquit,
346 1081 438 1112 Galli
455 1080 549 1111 edita
574 1079 648 1110 loca
670 1079 808 1110 armatis
825 1088 913 1109 com-

203 1130 396 1171 pleverant.
443 1130 579 1169 Fateor,
594 1128 650 1159 sed
666 1128 767 1158 iidem
793 1128 913 1167 decur-

207 1185 325 1212 rerant
356 1181 390 1211 in
422 1180 544 1211 vallem
575 1178 773 1218 subjectam.
835 1178 912 1210 Janl

205 1232 265 1272 qui
287 1241 306 1261 e
327 1231 418 1262 vallo
436 1230 468 1261 in
487 1230 665 1271 planitiem
681 1229 749 1259 tela
764 1228 914 1267 conjicit,

205 1280 309 1312 illene
337 1290 379 1311 ex
408 1281 484 1311 loco
520 1278 680 1311 inferiore
714 1278 911 1319 jaculatur?

206 1331 312 1370 λῆρος.
362 1330 495 1361 Vossius.
542 1331 618 1361 Nec
634 1330 742 1360 minus
759 1329 840 1359 inire
856 1328 911 1358 hic

205 1380 435 1411 dormitarunt
463 1380 526 1411 viri
544 1379 683 1415 eruditi,
701 1378 780 1409 Ant.
798 1378 911 1408 Mure-

203 1432 272 1469 tus,
294 1429 394 1470 (Var.
419 1430 515 1460 Lect.
542 1438 577 1459 x.
607 1428 675 1466 15.)
701 1428 759 1468 qui
785 1428 848 1458 hoe
869 1427 910 1457 ad

205 1480 316 1511 Gallos
331 1484 366 1511 ct
376 1483 491 1512 mames
505 1477 774 1510 transferendum
785 1478 887 1508 vellet
902 1489 910 1516 ;

203 1535 240 1562 et
255 1531 504 1570 Hotomannus‚
528 1531 585 1570 qui
609 1529 779 1568 emendat,
795 1539 834 1560 cx
849 1530 912 1560 loco

203 1579 363 1618 inferiore.
419 1581 505 1611 Cum
521 1580 602 1610 niliil
627 1579 839 1611 manifestius
856 1579 912 1619 sit,

203 1639 306 1671 quam
347 1640 386 1661 esc
416 1631 480 1661 loco
509 1630 679 1668 superiore,
723 1629 811 1659 idern
839 1638 911 1659 esse

202 1679 365 1711 videlicet
381 1684 483 1719 atque
506 1688 545 1709 ex
560 1679 650 1709 vallo.
695 1678 755 1709 Uti
773 1684 912 1709 annota-

202 1728 255 1759 vit
270 1729 433 1760 Brantius
448 1732 483 1760 et
497 1728 648 1759 Vossius.
691 1728 797 1759 Clark.
843 1728 910 1759 Adi

203 1787 230 1809 1.
246 1781 300 1809 26.
317 1783 354 1809 et
379 1779 445 1809 Yv.
462 1777 610 1808 Villiom.
629 1777 661 1807 in
679 1777 842 1808 Controv.
857 1778 910 1808 Ti-

204 1828 243 1860 tii
261 1837 310 1860 v1.
329 1831 380 1859 11.
397 1837 471 1869 quae
490 1832 583 1857 recte
600 1827 686 1857 citat
701 1827 874 1858 Rrautius.

245 1882 264 1910 7
292 1877 477 1918 occurrere]
515 1877 569 1908 Ill.
588 1877 747 1907 Heinsius
764 1877 909 1917 margini

202 1938 266 1970 pro
283 1929 484 1969 conjectura
512 1927 639 1959 adlevit
662 1936 841 1958 accurrere:
876 1933 909 1958 et

207 1978 380 2010 Leidensis
398 1978 495 2018 prim.
523 1987 562 2008 ac
588 1981 665 2007 tert.
683 1986 758 2007 cuni
776 1976 839 2008 Ed.
854 1978 909 2008 Iu-

205 2032 301 2059 certa
331 2028 494 2060 exhibent
523 2036 724 2058 concurrere:
769 2026 907 2058 frustra.

207 2080 377 2110 Occurrere
406 2078 496 2111 idem
525 2083 589 2116 est,
628 2077 716 2119 quod
749 2078 909 2110 celeriter

203 2137 412 2168 succurrere,
433 2134 468 2160 et
495 2133 533 2159 ut
559 2138 618 2158 suo
644 2136 736 2158 more
758 2128 910 2168 explicat

203 2179 330 2217 Caesar,
366 2179 527 2210 auxilium
545 2177 657 2218 ferre3
689 2178 757 2208 sive
784 2178 909 2218 simpli-

204 2230 442 2270 citer‚praesio
459 2240 544 2261 esse.
596 2229 664 2261 Adi
691 2230 764 2262 Cel.
791 2230 906 2260 Burm.

204 2285 241 2311 et
256 2289 339 2321 quos
358 2279 486 2317 laudat,
505 2279 546 2311 ad
562 2280 678 2312 Sabini
704 2279 813 2319 Epist.
842 2280 907 2309 De-

203 2331 317 2371 moph.
335 2340 380 2361 vs.
401 2333 450 2362 19.
480 2333 488 2347 ⁴
507 2330 666 2362 Forsitan
685 2334 744 2361 aut
759 2330 907 2360 nondum

203 2379 323 2412 stactis
340 2390 522 2411 occurrere
540 2379 640 2411 rebus
654 2380 674 2410 :’
698 2390 735 2411 ae
754 2390 907 2411 socerum

204 2430 248 2462 ad
265 2430 339 2462 Val.
358 2432 449 2462 Max.
465 2440 487 2461 ι.
505 2434 535 2462 7.
552 2432 568 2471 ξ
585 2431 664 2462 Ext.
692 2433 742 2461 10.
769 2435 803 2461 et
827 2432 906 2460 Sna-

204 2480 369 2521 kenburg.
396 2481 438 2511 ad
463 2481 560 2513 Curt.
588 2490 652 2512 vn.
669 2486 699 2511 5.
723 2482 739 2520 §
759 2484 807 2513 10.
832 2483 840 2499 ‘
860 2482 907 2514 Ut

204 2529 284 2562 filiis
300 2531 368 2562 tuis
383 2531 625 2562 occurrerent)
663 2530 757 2562 Infra
774 2541 838 2562 vii.
854 2536 905 2564 2-1.

202 2580 212 2597 ‘
230 2581 278 2612 Ut
305 2590 370 2622 quo
403 2590 543 2620 primum
578 2587 825 2620 occurreretur,
855 2583 907 2614 vel

206 2629 261 2660 cui
289 2630 337 2660 rei
365 2628 511 2661 ferretur
538 2630 711 2669 auxilium,
737 2631 794 2661 vix
820 2632 907 2662 ratio

204 2678 283 2710 iniri
300 2679 426 2719 possit)
449 2690 479 2712 c.
494 2682 547 2712 84.
572 2681 582 2697 ‘
602 2680 676 2712 Nec
691 2679 792 2711 facile
806 2682 910 2722 pluri-

206 2727 267 2762 bus
282 2729 366 2761 locis
385 2730 557 2763 occurrit!
609 2730 702 2763 Hirt.
730 2731 770 2763 B.
798 2730 907 2764 Afric.

685 180 825 212 NOTAE
858 179 1123 212 VARIORL‘M
1157 182 1207 212 IN

965 285 996 307 c.
1013 278 1063 307 17.
1087 277 1096 292 ‘
1113 274 1270 306 Subsidio
1286 274 1352 306 suis
1369 278 1551 307 occurrunt
1565 274 1586 307 ι’
1607 276 1667 310 ub}

965 325 1086 357 eadem
1103 326 1260 357 varietas.
1305 336 1335 357 c.
1351 330 1402 357 85.
1427 326 1437 343 ‘
1452 330 1490 357 ut
1504 327 1573 358 suis
1589 328 1667 359 sub-

964 376 1052 407 sidio
1066 379 1308 408 occurren-ente
1332 387 1362 407 c.
1379 379 1430 407 31.
1449 376 1459 393 ⁴
1477 376 1585 408 donec
1601 377 1668 410 sibi

964 431 1202 458 veteranorum
1232 436 1309 468 pars
1339 427 1371 457 in
1400 426 1547 458 secundo
1577 436 1667 459 com-

963 483 1077 509 meatu
1095 478 1317 509 occurrisset)
1362 477 1460 509 Adde
1477 487 1507 508 c.
1525 480 1580 509 79.

1008 530 1045 557 11
1074 528 1144 557 Non
1159 528 1246 557 modo
1256 526 1386 566 defesso]
1432 528 1500 558 Pro
1522 536 1562 558 eo
1576 526 1668 569 quod

965 580 1017 607 est
1044 586 1100 606 non
1128 578 1216 607 modo
1238 587 1321 612 non,-
1359 578 1498 608 alteram
1530 577 1617 608 enirn
1648 586 1667 608 e

964 626 1142 666 particulis
1185 627 1356 666 negativis
1392 627 1554 658 omittunt
1590 626 1669 659 boni

965 680 1132 707 auctores.
1177 677 1265 706 Vide
1282 682 1391 708 notat.
1410 677 1452 708 ad
1469 678 1509 708 B.
1524 678 1569 709 G.
1583 685 1666 708 vm.

965 729 1017 758 33.
1065 727 1176 757 Ducis.
1221 727 1262 757 V.
1281 726 1369 757 etad
1385 735 1425 757 Π.
1444 728 1495 757 17.

1009 786 1042 808 v.
1065 780 1085 808 2
1115 778 1204 808 Vires
1219 780 1247 807 et
1272 778 1333 808 tela
1355 776 1470 807 nostris
1489 775 1670 817 ‹IqficerentJ

964 827 1128 858 Dativum
1153 827 1207 858 liic
1231 827 1403 857 mordicus
1419 826 1567 857 retinent
1582 826 1668 857 Mss.

965 882 1001 908 et
1017 877 1102 909 Edd.
1120 878 1215 908 vett.
1231 886 1307 908 cum
1323 880 1437 908 tamen
1454 885 1494 907 ιι.
1509 878 1561 907 10.
1583 875 1592 892 ‘
1605 874 1668 907 At-

965 935 1029 968 que
1062 927 1153 967 ipsos
1184 936 1237 958 res
1267 926 1491 958 frumentaria
1520 924 1668 957 deficere

965 978 1070 1017 coepit
1085 977 1106 1007 :'
1145 977 1201 1008 ubi
1230 977 1383 1008 nonnulli
1408 977 1493 1017 ipsis.
1549 977 1667 1010 Quare

964 1027 1123 1058 emendat
1140 1027 1301 1059 Heinsius
1316 1027 1372 1058 liic
1393 1035 1527 1068 quoqne
1543 1033 1610 1067 pro·
1621 1027 1668 1058 lo-

965 1081 1088 1120 quendi
1127 1091 1231 1119 more,
1269 1079 1407 1120 optimis
1445 1078 1669 1119 scriptoribus

965 1130 1129 1170 adhibito,
1144 1135 1274 1170 nostros,
1291 1131 1330 1161 ad
1348 1130 1449 1162 Ovid.
1463 1131 1501 1160 F.
1520 1138 1574 1161 ln.
1590 1132 1667 1161 665.

964 1180 1126 1221 additque
1152 1182 1263 1212 locum
1292 1181 1332 1211 B.
1351 1181 1424 1212 Civ.
1441 1190 1480 1210 11.
1498 1183 1529 1211 4.
1552 1182 1561 1197 ‘
1582 1180 1668 1211 Nos-

965 1235 1035 1260 tros
1075 1231 1162 1260 vires
1199 1230 1397 1261 lassitudine
1425 1229 1667 1267 deficieban13'

963 1280 1022 1311 sed
1038 1285 1073 1311 et
1089 1281 1158 1311 illic
1175 1282 1285 1319 vulgo,
1298 1287 1331 1311 et
1347 1281 1379 1310 in
1396 1281 1567 1321 plerisque
1581 1280 1666 1312 Mss.

963 1334 1077 1360 exstat
1106 1331 1242 1365 nostris;
1281 1329 1341 1360 sed
1370 1329 1464 1360 Leid.
1494 1333 1608 1368 nostro,
1631 1333 1668 1362 et

961 1379 1084 1410 Petav.
1102 1380 1257 1410 Yossian.
1273 1379 1397 1420 aliique
1414 1382 1543 1409 nostros.
1569 1379 1610 1410 B.
1622 1380 1665 1412 G.

962 1438 996 1459 v.
1013 1432 1066 1461 32.
1091 1430 1100 1446 ¹
1120 1431 1167 1460 Ut
1183 1439 1258 1461 eum
1286 1430 1396 1460 omnia
1413 1428 1562 1461 deficere
1578 1430 1667 1461 vide-

962 1484 1080 1511 rentur
1096 1480 1115 1510 :’
1138 1480 1194 1511 ubi
1212 1480 1509 1511 itidem-variatur.
1555 1480 1667 1512 Accu-

961 1529 1106 1559 sativuni
1126 1534 1237 1560 tamen
1266 1538 1380 1559 onmes
1406 1529 1490 1559 Mss.
1518 1529 1667 1563 retinent

962 1587 1026 1609 vn.
1044 1581 1097 1609 50.
1122 1581 1130 1596 ·'
1150 1587 1249 1619 quem
1271 1579 1344 1618 jam
1361 1579 1495 1618 sanguis
1509 1575 1666 1620 viresque

962 1627 1149 1666 deficiunt}
1173 1632 1206 1658 et
1223 1629 1322 1669 longe
1339 1629 1477 1668 plurimi
1494 1639 1500 1660 :
1532 1630 1573 1661 Β.
1591 1629 1665 1662 Οἰν.

961 1685 1019 1707 111.
1037 1680 1089 1709 99.
1105 1677 1114 1693 ⁴
1132 1677 1313 1708 eum‘vires
1329 1676 1518 1710 deficerent
1531 1678 1551 1710 τ’
1574 1688 1666 1711 eum-

962 1735 1028 1765 que
1047 1725 1190 1765 praefero
1207 1738 1214 1764 ;
1239 1727 1354 1758 forsan
1379 1727 1434 1758 hic
1457 1727 1574 1760 abesse
1589 1738 1667 1770 pos-

962 1780 1025 1812 set,
1051 1776 1241 1816 praesertim
1268 1777 1348 1817 quia
1364 1777 1518 1817 sequitur
1532 1778 1667 1811 nostris:

960 1825 1062 1855 etiam
1080 1825 1188 1855 ‘vires
1204 1825 1352 1856 deficere
1364 1826 1562 1857 exercitum'
1579 1827 1666 1859 dixit

959 1875 1076 1905 Livius
1093 1883 1226 1907 xxviii.
1246 1880 1296 1907 15.
1342 1877 1449 1907 Plura
1464 1877 1540 1908 vide
1557 1878 1591 1908 in
1607 1888 1665 1910 no-

960 1924 1003 1954 tis
1021 1925 1071 1955 Cl.
1087 1925 1204 1956 Burni.
1219 1925 1260 1956 ad
1277 1925 1413 1956 phaedr.
1428 1927 1465 1958 1³.
1479 1935 1512 1957 v.
1530 1927 1582 1959 5..‘
1598 1931 1665 1959 tur-

959 1973 1037 2005 bam
1068 1974 1232 2008 deficiunt
1260 1976 1333 2006 loca
1353 1976 1371 2007 :'
1412 1977 1587 2008 Drakenb.
1620 1978 1664 2010 ad

958 2024 1077 2056 Silium
1104 2034 1184 2056 vnr.
1212 2029 1285 2057 661.
1314 2031 1348 2057 et
1377 2035 1410 2057 x.
1445 2029 1514 2059 193.
1550 2028 1558 2045 ‘
1583 2027 1663 2061 Non

960 2074 1056 2107 hasta
1073 2075 1174 2116 viros,
1200 2086 1265 2107 nou
1294 2076 1412 2107 deficit
1436 2076 1523 2107 ensis
1538 2076 1559 2109 :'
1596 2088 1662 2120 quo

960 2127 1195 2167 utroqucloco
1211 2131 1409 2158 constanter
1438 2127 1522 2159 Mss.
1550 2131 1663 2162 tamen

960 2177 1124 2208 Datix‘um
1141 2178 1289 2215 liabent3
1325 2178 1371 2208 uti
1389 2181 1424 2209 et
1441 2177 1530 2218 apud
1546 2179 1661 2212 Valer.

960 2227 1100 2258 Maxim.
1119 2229 1221 2268 l.v.§
1240 2228 1437 2260 1.Ext.3.‘
1456 2228 1530 2260 Nisi
1546 2229 1662 2262 vinum

959 2278 1053 2309 nobis
1070 2278 1249 2310 defecisset
1266 2280 1284 2310 ι’
1308 2285 1344 2311 et
1371 2289 1435 2311 vn.
1454 2282 1506 2310 10.
1534 2281 1612 2311 Ext.
1632 2284 1662 2313 1.

958 2332 965 2346 ‘
982 2330 1131 2371 'Peinpus
1144 2329 1279 2361 deficiet
1295 2335 1435 2362 externa
1448 2338 1663 2370 nar1·autem,¹

958 2380 1053 2411 inulti
1083 2380 1237 2413 narranti.
1289 2381 1431 2411 Consule
1459 2380 1564 2412 soceri
1595 2380 1662 2412 mei

958 2435 1063 2469 nota&
1085 2436 1120 2461 et
1146 2432 1240 2462 Cort.
1259 2431 1300 2461 ad
1319 2431 1408 2462 Plin.
1426 2431 1488 2471 Ep.
1508 2439 1562 2461 111.
1580 2433 1611 2461 9.
1629 2432 1660 2463 9.

960 2481 1001 2511 131
1018 2479 1087 2512 fors
1112 2486 1292 2523 utrumque
1317 2490 1430 2512 casum
1455 2484 1661 2521 usurparunt

959 2531 1109 2572 antiqui:
1145 2532 1233 2562 unde
1258 2536 1292 2562 et
1314 2531 1422 2571 deficio
1448 2536 1602 2562 neutrum
1624 2534 1660 2564 et

957 2582 1083 2623 deficior
1099 2581 1308 2613 formarunt:
1345 2580 1386 2612 de
1410 2581 1544 2622 passivo
1561 2581 1660 2623 plura

959 2631 1000 2662 ad
1019 2641 1099 2664 vui.
1116 2634 1147 2663 3.

1000 2684 1018 2712 5
1044 2681 1200 2721 Deducta]
1244 2681 1336 2712 Male
1353 2679 1504 2721 Scaliger
1520 2680 1658 2713 Ciaeco-

958 2733 1004 2766 nii
1033 2732 1263 2775 conjecturam
1290 2732 1324 2764 iu
1342 2738 1487 2765 ·textutu
1516 2732 1658 2776 recepit.
