1818 3131
251 242 363 283 1228

251 354 282 378 c.
313 349 364 376 26.
400 344 507 375 Daris.
552 344 733 376 Accedunt
759 345 842 377 Mss.
873 347 950 386 mei,

251 394 341 435 quod
360 394 475 431 sciam,
490 403 619 432 omnes,
645 395 671 424 si
690 393 802 426 forsan
821 396 947 427 0110111-

251 454 365 474 eusem
380 444 543 483 cxciiiim,
558 450 593 475 et
611 445 696 475 Edd.
716 447 844 486 primm,
861 452 948 478 utet

251 494 292 525 R.
309 494 423 534 Steph.
470 494 555 525 Vide
571 495 611 525 ad
630 505 653 527 1.
669 500 721 528 50.

296 546 333 574 14
359 544 489 575 Pectore
518 545 611 585 undo]
650 547 792 588 Optime
823 549 948 579 Audin.

251 599 286 624 et
307 595 511 626 Oxonieusis
540 597 672 636 pectoris
693 598 782 638 fine:
806 598 950 637 doctius,

250 653 349 684 quam
378 655 397 675 a
426 645 572 677 librariis
607 647 778 687 proticisci
818 650 950 689 potuit;

250 703 355 734 quare
367 695 399 725 in
413 699 545 727 textum
558 697 629 728 siue
646 699 804 738 scrupulo
821 699 950 729 admisi.

250 744 383 776 Auctor
410 745 450 776 B.
483 746 585 778 Afric.
618 758 646 778 c.
685 753 735 779 85.
764 749 950 779 ‘Umhilici

250 794 341 827 111103
373 797 510 828 Sallust.
523 798 613 828 Hist.
632 799 654 828 l.
670 807 724 828 111.
747 798 949 837 ‘Iuguinum

250 845 336 878 finet'
382 848 483 888 Apul.
501 849 592 880 Flor.
622 850 665 880 N.
695 852 745 880 15.
767 850 952 890 ‘Scapula-

251 907 324 929 rum
341 898 485 929 finibus.’
534 899 660 939 Hygin.
676 899 815 931 Astron.
834 909 883 931 iv.
902 904 949 932 12.

249 949 258 963 ‘
279 947 384 978 Navis
399 947 494 988 Argo
510 948 576 979 fine
604 949 709 980 totius
730 949 820 981 veli!
867 952 951 981 Con-

250 998 322 1028 sule
351 998 489 1038 insuper
512 999 686 1031 Celeberr.
717 1000 892 1031 Heinsium
917 1006 951 1032 et

251 1048 435 1081 Burmann.
453 1050 494 1080 ad
522 1050 625 1081 Ovid.
654 1051 794 1082 Metam.
815 1061 850 1083 x.
875 1056 950 1084 5:36.

251 1103 286 1129 et
301 1100 490 1130 Comment.
517 1100 677 1131 Virorum
693 1101 886 1141 doctorum,
903 1104 950 1133 iu-

249 1149 368 1189 primis
382 1149 425 1180 A.
442 1150 592 1181 Gronov.
610 1151 651 1181 ad
667 1151 793 1183 Justin.
810 1161 901 1183 xxx.
918 1156 950 1184 4.

254 1199 393 1230 Orientis
411 1200 492 1241 fine.
523 1201 683 1242 Denique
722 1202 865 1233 Gesner.
908 1203 949 1234 ad

252 1250 370 1281 Caton.
398 1260 428 1282 c.
446 1254 498 1281 25.
528 1251 686 1291 ‘operito
715 1256 804 1283 terra
830 1253 951 1285 radici-

251 1299 312 1330 bus
330 1299 408 1331 fini.’

294 1353 335 1381 16
370 1351 420 1381 Ne
449 1352 638 1392 mulieribus,
666 1354 718 1393 &a
746 1354 952 1394 abstinerent]

250 1399 360 1439 Bong.
378 1401 542 1441 Vossiani‚
558 1402 677 1434 Petav.
694 1404 861 1443 Egmund.
891 1406 953 1435 Lo-

251 1460 326 1481 van.
341 1456 375 1482 et
391 1461 448 1481 sex
462 1452 668 1484 recentiores
685 1463 760 1484 cum
779 1454 865 1486 Edd.
888 1455 953 1495 pri-

251 1500 312 1531 mis
327 1502 488 1532 exhihcnt
519 1503 527 1518 ‘
545 1512 585 1533 ne
608 1513 626 1533 a
654 1504 862 1541 mulieribus,
887 1508 951 1537 ἃς.

249 1550 487 1583 abstinei·ent.'
533 1552 724 1595 Utrumque
755 1564 829 1585 cum
862 1556 953 1586 Lati-

251 1610 332 1632 num
348 1602 403 1642 sit,
430 1613 490 1643 pro
514 1604 651 1636 Juliano
677 1605 776 1645 genio
793 1606 954 1645 praeposi-

254 1651 353 1682 tionis
370 1653 633 1692 geminationem
656 1654 868 1695 praeferrem,
892 1655 952 1686 nisi

250 1701 351 1732 etiam
366 1712 390 1733 1.
407 1706 459 1734 22.
476 1703 608 1735 diceret
624 1704 632 1720 ‘
647 1704 836 1746 proelioque
852 1705 952 1736 absti-

251 1752 380 1784 nebat!

297 1806 335 1833 18
363 1804 404 1834 L.
433 1804 552 1836 fabius
573 1806 730 1845 centurio]
756 1806 953 1847 Anonymus

253 1853 343 1884 Celsi
363 1856 555 1895 exscriptor
569 1867 600 1896 p.
621 1860 693 1887 142.
740 1857 780 1887 L.
804 1857 953 1888 Sabinum

254 1908 374 1934 vocat:
402 1906 515 1936 nescio
544 1906 633 1936 uude
653 1906 813 1945 hauserit,
837 1917 952 1938 omues

252 1953 342 1984 enim
360 1953 440 1984 Mss.
457 1956 628 1995 vulgatam
656 1956 835 1987 lectionem
861 1957 952 1987 exhi-

254 2004 347 2036 bent.
383 2006 512 2037 Vossius.
562 2007 696 2038 Sabinus
707 2009 803 2039 estin
822 2008 951 2039 Duker.

253 2060 289 2086 et
304 2065 332 2087 c.
349 2059 400 2087 50.
427 2057 458 2087 111
485 2058 592 2095 Bong.
620 2067 670 2097 pr.
713 2057 829 2088 Labius
845 2059 951 2098 Boug.

253 2115 306 2146 pr.
323 2107 418 2137 Voss.
447 2117 497 2147 pr.
524 2117 591 2138 sec.
619 2107 656 2138 L.
684 2107 780 2138 abest
808 2118 827 2138 a
853 2108 951 2140 Gott.

252 2155 359 2187 Dorv.
377 2161 411 2187 et
427 2160 457 2188 3.
474 2157 546 2187 aliis
563 2168 601 2189 ac
620 2157 706 2188 Edd.
726 2168 780 2198 pp.

296 2214 423 2238 Χωίιι.
449 2210 468 2238 8
500 2208 648 2238 Romanis
677 2207 834 2247 demum]
864 2209 951 2239 Dua:

253 2262 436 2297 postrema*
464 2268 563 2289 voces
584 2259 721 2289 exulant
739 2269 759 2288 a
784 2259 848 2290 Ms.
866 2259 952 2290 Nor—

255 2307 318 2339 vic.
343 2317 405 2338 uec
433 2317 489 2340 eas
514 2310 546 2338 in
571 2318 629 2339 suo
661 2308 785 2339 Codice
825 2310 952 2349 reperit

253 2357 418 2396 Graecus3
468 2359 569 2389 habet
618 2358 707 2389 enim
744 2359 951 2390 solummodo

252 2407 399 2448 πρότερον
423 2408 479 2439 τὰς
500 2410 605 2449 χεῖρας
623 2410 688 2439 τοῖς
713 2409 867 2447 Ῥωμαίοις
890 2408 952 2450 ὀρέ-

252 2469 374 2497 γουσαι.
428 2459 636 2491 Retinendas
673 2464 784 2491 tamen
815 2471 951 2501 censeo,

253 2519 330 2541 cum
347 2511 400 2540 aiii
418 2520 531 2541 omnes
548 2515 810 2550 repra-sentent,
835 2516 869 2541 et
897 2521 952 2551 ap·

255 2567 373 2600 pareat
391 2570 432 2590 ex
449 2570 479 2591 c.
495 2563 547 2591 47.
565 2570 622 2591 eas
644 2559 783 2591 feminas
800 2561 842 2591 dc
858 2572 952 2592 muro

254 2611 421 2641 Romaiu«
463 2611 652 2642 obn-statas
697 2621 783 2642 esse.
840 2613 952 2643 Davis-

254 2660 416 2692 Retincut
439 2671 494 2691 sas
511 2670 643 2702 unoque
670 2661 751 2691 Mss.
777 2662 843 2693 mei
869 2672 954 2703 prce-

254 2716 308 2742 tei·
335 2711 446 2742 Oxou.
478 2716 570 2742 (ιυιι.
604 2711 699 2742 Voss.
737 2717 816 2743 tert.
857 2713 951 2744 Leid.

254 2764 334 2791 tert.
351 2764 387 2791 et
404 2760 465 2792 Ed.
487 2761 554 2792 luc.

299 2813 338 2842 10
369 2810 406 2842 In
422 2810 598 2853 conspectu]
613 2810 668 2844 Sic
687 2811 751 2844 Με.
766 2813 851 2854 Reg.
895 2812 951 2847 Al.

721 251 862 282 NOTAE
896 251 1155 284 VARIORUM
1191 254 1238 284 IN

1000 347 1031 377 in
1046 351 1246 388 conspectum.
1292 347 1378 378 Vide
1396 355 1496 388 supra
1512 347 1553 378 ad
1568 356 1616 380 tv.
1633 350 1649 389 ξ
1665 352 1696 381 9.

1002 399 1107 429 Clark.
1154 399 1364 438 Sufl'ragatur
1389 400 1503 430 Oxon.
1531 399 1622 430 unde
1648 404 1697 430 ta-

1000 458 1074 479 men
1104 455 1227 481 temere
1246 451 1290 480 nil
1307 450 1429 482 mutari
1454 450 1564 481 velim.
1608 451 1697 482 Nam

1000 500 1119 539 reliqui
1149 501 1297 531 retinent
1328 500 1577 532 Accusativum.
1630 500 1699 532 Adi

999 548 1041 579 ad
1067 558 1116 578 iv.
1137 553 1187 580 12.

1044 607 1143 629 xmx.
1169 603 1188 629 2
1222 600 1432 632 Praemeeuens
1447 602 1526 643 suis]
1545 602 1700 642 Eleganti

1000 648 1061 677 hoc
1080 649 1242 679 vocabulo
1268 650 1373 680 utitur
1392 652 1569 683 Lucretius
1594 653 1615 682 1.
1644 661 1700 683 111.

1003 709 1034 738 p.
1064 702 1137 729 403.
1170 699 1223 729 ed.
1256 700 1371 731 Lami).
1399 701 1455 731 ubi
1487 702 1595 742 inquit
1631 701 1701 733 ‘At

1001 757 1094 778 mens
1113 749 1173 779 sihi
1192 750 1327 780 conscia
1343 749 1438 789 facti,
1456 751 1700 790 Praemetuens‚

1002 799 1139 829 adhibet
1162 801 1324 839 stimulos,
1341 805 1516 842 torretque
1541 800 1702 841 flagellis!

1003 849 1136 879 I’lioedro
1149 850 1250 880 etiam
1270 851 1352 881 Fau.
1367 860 1390 881 1.
1411 854 1462 882 16.
1473 851 1599 882 dicitur
1613 852 1623 868 ‘
1638 851 1704 882 Illa

1003 905 1230 938 praemetuens
1247 900 1385 930 dolum!
1432 900 1572 931 Graecus
1596 905 1702 932 traus-

1003 950 1081 981 tulit
1101 950 1174 991 Περὶ
1195 952 1260 981 τοῖς
1284 951 1394 981 ἑαυτοῦ
1421 951 1533 988 δεδιὼς,
1556 951 1641 982 adeo
1665 956 1702 982 ut

1003 1001 1277 1041 prm1)‹›sitioiiein
1305 1001 1479 1032 abundare
1501 1001 1545 1032 sit
1560 1001 1703 1032 arbitra-

1004 1054 1069 1086 tus,
1087 1050 1178 1090 quod
1193 1050 1226 1080 111
1251 1050 1411 1091 ejusmodi
1436 1050 1631 1090 compositis
1656 1050 1704 1081 in-

1003 1099 1136 1129 terdum
1159 1100 1296 1131 accidit.
1324 1101 1435 1131 Dacis.
1494 1101 1601 1132 Plura
1624 1101 1703 1133 vide

1002 1149 1034 1179 in
1053 1149 1241 1181 Comment.
1259 1150 1301 1180 ad
1320 1151 1456 1181 Phaedr.

1045 1203 1062 1230 3
1096 1200 1219 1240 Mittit]
1251 1201 1343 1237 Lege
1365 1201 1461 1240 misit,
1488 1201 1536 1231 uti
1567 1200 1703 1241 quidem

1002 1251 1124 1285 legitur
1162 1252 1194 1282 iu
1235 1252 1334 1282 Mstis
1371 1253 1495 1283 l'etav.
1538 1252 1703 1293 Gottorp.

1001 1301 1099 1332 Voss.
1131 1302 1294 1341 Egmond.
1326 1311 1364 1332 ac
1403 1302 1541 1332 Non-ic.
1592 1303 1703 1333 Duris.

1004 1360 1074 1381 cur.
1099 1360 1165 1381 sec.
1211 1352 1393 1391 volgatum
1422 1351 1559 1382 ‹let'cudi
1579 1357 1704 1392 potest.

1004 1399 1092 1430 Vide
1109 1400 1150 1430 ad
1168 1409 1198 1430 c.
1217 1403 1269 1431 45.
1315 1402 1440 1431 verum
1465 1402 1566 1432 etiam
1594 1403 1703 1443 Bong.

1004 1459 1053 1489 pr.
1070 1451 1238 1490 Yossiaui,
1255 1451 1451 1491 Leidenses,
1471 1457 1506 1483 et
1524 1452 1611 1483 Edd.
1629 1453 1704 1484 Iuc.

1004 1510 1042 1532 ac
1059 1502 1098 1531 R.
1115 1502 1231 1542 Steph.
1256 1502 1338 1533 dant
1361 1503 1456 1533 misit.
1502 1503 1563 1533 Vel
1592 1503 1639 1534 sic
1659 1508 1706 1534 ta-

1003 1560 1078 1581 men
1095 1552 1175 1582 nihil
1205 1557 1331 1582 temere
1356 1557 1472 1590 muto3
1498 1562 1575 1584 cum
1605 1553 1704 1584 mittit

1005 1602 1175 1631 retineant
1194 1602 1277 1633 Mss.
1294 1603 1378 1647 alii.-

1047 1662 1076 1683 L.
1101 1656 1121 1683 G
1146 1655 1281 1685 Dea-tris
1301 1655 1436 1685 humeris
1451 1655 1581 1695 exertis]
1610 1655 1705 1687 Gra‘-

1004 1714 1063 1735 0115
1081 1703 1209 1735 ἄνοπλοι
1247 1704 1319 1736 τοὺς
1356 1706 1460 1743 ὤμους.
1514 1705 1648 1745 Lipsius
1672 1706 1705 1737 iu

1003 1754 1134 1785 Electis
1175 1756 1342 1796 expungit
1399 1765 1517 1787 vocem
1559 1756 1706 1789 humeris.

1004 1804 1101 1834 Idem
1115 1809 1226 1835 tamen
1244 1806 1333 1836 notis
1348 1806 1389 1836 ad
1405 1815 1429 1836 1.
1446 1805 1567 1836 Annal.
1592 1806 1705 1838 Taciti

1002 1854 1088 1893 legit
1118 1857 1126 1871 ‘
1142 1855 1271 1884 dextris
1287 1855 1385 1885 nudis
1407 1856 1558 1887 exertis.’
1603 1855 1705 1896 Apud

1003 1904 1119 1934 Silium
1150 1905 1268 1935 1.1’111.
1295 1905 1436 1945 legimus
1462 1906 1503 1936 de
1535 1906 1704 1947 Cethego:

1005 1958 1012 1970 ⁴
1030 1954 1108 1994 Ipse
1135 1955 1275 1985 humero
1305 1961 1448 1986 exertus*
1470 1957 1586 1996 gentili
1612 1967 1706 1988 more

1004 2009 1184 2044 parentum
1215 2004 1357 2035 Difficili
1389 2006 1560 2046 gaudebat
1594 2007 1706 2048 equo.’

1004 2055 1070 2085 Sed
1088 2055 1151 2085 hoc
1169 2064 1232 2086 nou
1251 2065 1290 2086 eo
1309 2055 1422 2095 pacati
1436 2056 1587 2096 signum3
1612 2061 1659 2095 et,
1679 2056 1705 2087 si

1005 2112 1098 2138 recte
1120 2107 1191 2137 Silii
1216 2112 1363 2138 mentem
1381 2107 1559 2147 adsequor,
1583 2107 1705 2138 Cethe-

1005 2168 1065 2198 gus
1079 2158 1219 2188 humero
1235 2163 1354 2189 exerto
1371 2157 1527 2198 proelium
1550 2167 1706 2198 capesse·

1005 2208 1076 2247 bat,
1101 2219 1142 2239 ne.
1172 2219 1265 2239 arma
1297 2208 1435 2239 brachio
1469 2207 1615 2247 gladium
1646 2212 1706 2239 aut

1006 2260 1073 2290 tela
1113 2260 1258 2290 vibranti
1297 2258 1541 2299 impedimento
1578 2262 1705 2289 essent.

1003 2310 1132 2341 Statius
1160 2309 1330 2340 Thebaid.
1358 2310 1379 2340 l.
1413 2318 1461 2340 ιν.
1487 2309 1631 2340 ‘Exerti
1657 2309 1704 2339 iu-

1005 2367 1123 2401 geutes
1139 2360 1320 2391 humeros!
1368 2360 1433 2390 Sed
1449 2360 1552 2390 ethic
1567 2359 1608 2390 de
1621 2368 1703 2398 pug-

1003 2411 1132 2442 naturis
1162 2421 1282 2442 sermo.
1330 2410 1421 2442 Quin
1452 2409 1561 2450 potius
1587 2408 1702 2438 dicere

1003 2462 1117 2500 liceat,
1130 2462 1285 2491 humeros
1302 2466 1440 2491 exertos
1459 2458 1568 2499 proelii
1590 2457 1704 2488 indici-

1004 2522 1058 2542 um
1098 2512 1213 2548 fuisse,
1247 2512 1303 2552 qui
1342 2515 1461 2550 postea
1491 2508 1703 2539 velabantur.

1003 2563 1104 2593 Unde
1134 2564 1222 2593 Stat.
1256 2565 1284 2593 l.
1319 2559 1498 2592 Achilleid.
1537 2559 1612 2588 ‘sic
1645 2558 1702 2589 ubi

1003 2613 1161 2653 virgineis
1192 2612 1325 2642 Hecate
1363 2610 1486 2640 lassata
1521 2608 1703 2648 pharetris,

1005 2662 1058 2694 Ad
1079 2668 1208 2702 patrem
1226 2660 1432 2700 fratremque
1461 2658 1562 2697 redit,
1590 2668 1702 2690 comes

1002 2713 1111 2743 haeret
1124 2711 1216 2743 eunti
1236 2711 1362 2749 Mater,
1387 2715 1422 2741 et
1449 2710 1522 2749 ipsa
1538 2710 1704 2749 humeros,

1003 2767 1188 2801 exertaque
1213 2760 1349 2792 brachia
1370 2758 1482 2792 velat.’
1530 2758 1598 2789 Ubi
1624 2761 1702 2799 post

1003 2810 1219 2844 venationem
1246 2809 1376 2842 humeri
1418 2809 1587 2850 velantur,
1623 2807 1702 2850 quia
