<?xml version="1.0" encoding="UTF-8"?>
<!DOCTYPE html PUBLIC "-//W3C//DTD XHTML 1.0 Transitional//EN"
    "http://www.w3.org/TR/xhtml1/DTD/xhtml1-transitional.dtd">
<html xmlns="http://www.w3.org/1999/xhtml" xml:lang="en" lang="en">
 <head>
  <title>
</title>
<meta http-equiv="Content-Type" content="text/html;charset=utf-8" />
  <meta name='ocr-system' content='tesseract 3.04.00' />
  <meta name='ocr-capabilities' content='ocr_page ocr_carea ocr_par ocr_line ocrx_word'/>
</head>
<body>
  <div class='ocr_page' id='page_1' title='image "./operaomniaexedit03caesuoft_0217.png"; bbox 0 0 1818 3131; ppageno 0'>
   <div class='ocr_carea' id='block_1_1' title="bbox 2 2210 17 2423">
    <p class='ocr_par' dir='ltr' id='par_1_1' title="bbox 2 2210 17 2423">
     <span class='ocr_line' id='line_1_1' title="bbox 2 2210 17 2423; textangle 90"><span class='ocrx_word' id='word_1_1' title='bbox 4 2288 17 2423; x_wconf 47' lang='lat' dir='ltr'>„sn-*w</span> <span class='ocrx_word' id='word_1_2' title='bbox 3 2258 7 2272; x_wconf 64' lang='lat'>⁹·</span> <span class='ocrx_word' id='word_1_3' title='bbox 2 2230 8 2248; x_wconf 65' lang='lat'>*⁶</span> <span class='ocrx_word' id='word_1_4' title='bbox 3 2210 6 2217; x_wconf 76' lang='grc'><em>·</em></span> 
     </span>
    </p>
   </div>
   <div class='ocr_carea' id='block_1_2' title="bbox 383 193 1308 234">
    <p class='ocr_par' dir='ltr' id='par_1_2' title="bbox 383 193 1308 234">
     <span class='ocr_line' id='line_1_2' title="bbox 383 193 1308 234; baseline -0.001 0"><span class='ocrx_word' id='word_1_5' title='bbox 383 205 471 234; x_wconf 77' lang='lat' dir='ltr'>Llss.</span> <span class='ocrx_word' id='word_1_6' title='bbox 498 204 559 232; x_wconf 66' lang='lat' dir='ltr'>x&#39;l.</span> <span class='ocrx_word' id='word_1_7' title='bbox 591 203 698 232; x_wconf 62' lang='lat' dir='ltr'>CAP.</span> <span class='ocrx_word' id='word_1_8' title='bbox 722 193 760 232; x_wconf 84' lang='lat' dir='ltr'>l.</span> <span class='ocrx_word' id='word_1_9' title='bbox 797 204 856 232; x_wconf 76' lang='lat' dir='ltr'>DE</span> <span class='ocrx_word' id='word_1_10' title='bbox 894 204 1046 234; x_wconf 66' lang='lat' dir='ltr'>ixl-:LLO</span> <span class='ocrx_word' id='word_1_11' title='bbox 1078 204 1308 234; x_wconf 77' lang='lat' dir='ltr'>GALLICO.</span> 
     </span>
    </p>
   </div>
   <div class='ocr_carea' id='block_1_3' title="bbox 95 298 821 2849">
    <p class='ocr_par' dir='ltr' id='par_1_3' title="bbox 95 298 821 2800">
     <span class='ocr_line' id='line_1_3' title="bbox 102 298 807 337; baseline -0.001 -8"><span class='ocrx_word' id='word_1_12' title='bbox 102 300 239 337; x_wconf 57' lang='lat' dir='ltr'>,je-ctum</span> <span class='ocrx_word' id='word_1_13' title='bbox 257 299 344 330; x_wconf 83' lang='lat' dir='ltr'>bona</span> <span class='ocrx_word' id='word_1_14' title='bbox 358 303 423 330; x_wconf 75' lang='lat' dir='ltr'>est.</span> <span class='ocrx_word' id='word_1_15' title='bbox 468 298 559 332; x_wconf 77' lang='lat' dir='ltr'>Quid</span> <span class='ocrx_word' id='word_1_16' title='bbox 583 298 608 329; x_wconf 85' lang='lat' dir='ltr'>si</span> <span class='ocrx_word' id='word_1_17' title='bbox 631 303 742 329; x_wconf 69' lang='lat' dir='ltr'>tanuen</span> <span class='ocrx_word' id='word_1_18' title='bbox 759 299 807 328; x_wconf 81' lang='lat' dir='ltr'>di-</span> 
     </span>
     <span class='ocr_line' id='line_1_4' title="bbox 110 347 807 388; baseline 0.004 -12"><span class='ocrx_word' id='word_1_19' title='bbox 110 358 224 379; x_wconf 59' lang='lat' dir='ltr'>camus</span> <span class='ocrx_word' id='word_1_20' title='bbox 240 348 294 380; x_wconf 81' lang='lat' dir='ltr'>liic</span> <span class='ocrx_word' id='word_1_21' title='bbox 311 349 352 379; x_wconf 78' lang='lat' dir='ltr'>de</span> <span class='ocrx_word' id='word_1_22' title='bbox 378 348 539 388; x_wconf 81' lang='lat' dir='ltr'>Pompeio</span> <span class='ocrx_word' id='word_1_23' title='bbox 556 347 620 378; x_wconf 74' lang='lat' dir='ltr'>dici</span> <span class='ocrx_word' id='word_1_24' title='bbox 637 358 645 385; x_wconf 84' lang='grc'>;</span> <span class='ocrx_word' id='word_1_25' title='bbox 671 357 807 385; x_wconf 65' lang='lat' dir='ltr'>rogave-</span> 
     </span>
     <span class='ocr_line' id='line_1_5' title="bbox 110 400 806 438; baseline 0 -9"><span class='ocrx_word' id='word_1_26' title='bbox 110 404 163 429; x_wconf 86' lang='lat' dir='ltr'>rat</span> <span class='ocrx_word' id='word_1_27' title='bbox 189 409 246 429; x_wconf 71' lang='lat' dir='ltr'>cos</span> <span class='ocrx_word' id='word_1_28' title='bbox 274 400 420 430; x_wconf 80' lang='lat' dir='ltr'>consulis</span> <span class='ocrx_word' id='word_1_29' title='bbox 446 403 668 438; x_wconf 79' lang='lat' dir='ltr'>sacramento,</span> <span class='ocrx_word' id='word_1_30' title='bbox 693 404 729 430; x_wconf 89' lang='lat' dir='ltr'>ut</span> <span class='ocrx_word' id='word_1_31' title='bbox 752 408 806 429; x_wconf 90' lang='grc' dir='ltr'><strong>ιιι.</strong></span> 
     </span>
     <span class='ocr_line' id='line_1_6' title="bbox 109 448 807 484; baseline -0.001 -4"><span class='ocrx_word' id='word_1_32' title='bbox 109 449 195 480; x_wconf 78' lang='lat' dir='ltr'>libro</span> <span class='ocrx_word' id='word_1_33' title='bbox 224 452 337 481; x_wconf 69' lang='lat' dir='ltr'>Caesar</span> <span class='ocrx_word' id='word_1_34' title='bbox 366 449 461 484; x_wconf 80' lang='lat' dir='ltr'><strong>dixit,</strong></span> <span class='ocrx_word' id='word_1_35' title='bbox 492 448 666 479; x_wconf 81' lang='lat' dir='ltr'>‘&#39;l‘iturins</span> <span class='ocrx_word' id='word_1_36' title='bbox 694 449 807 483; x_wconf 65' lang='lat' dir='ltr'>legato</span> 
     </span>
     <span class='ocr_line' id='line_1_7' title="bbox 110 499 806 533; baseline 0.001 -3"><span class='ocrx_word' id='word_1_37' title='bbox 110 500 336 533; x_wconf 76' lang='lat' dir='ltr'>dimicandum</span> <span class='ocrx_word' id='word_1_38' title='bbox 350 509 414 530; x_wconf 89' lang='lat' dir='ltr'>non</span> <span class='ocrx_word' id='word_1_39' title='bbox 431 499 673 530; x_wconf 65' lang='lat' dir='ltr'>existimabat!</span> <span class='ocrx_word' id='word_1_40' title='bbox 720 501 806 531; x_wconf 79' lang='lat' dir='ltr'>Nam</span> 
     </span>
     <span class='ocr_line' id='line_1_8' title="bbox 95 549 809 594; baseline 0.001 -15"><span class='ocrx_word' id='word_1_41' title='bbox 95 550 180 594; x_wconf 50' lang='lat' dir='ltr'>*ise</span> <span class='ocrx_word' id='word_1_42' title='bbox 203 549 352 580; x_wconf 78' lang='lat' dir='ltr'>Titurius</span> <span class='ocrx_word' id='word_1_43' title='bbox 376 549 510 588; x_wconf 77' lang='lat' dir='ltr'>legatus</span> <span class='ocrx_word' id='word_1_44' title='bbox 536 555 620 581; x_wconf 76' lang='lat' dir='ltr'>crat.</span> <span class='ocrx_word' id='word_1_45' title='bbox 667 550 735 580; x_wconf 85' lang='lat' dir='ltr'>Pro</span> <span class='ocrx_word' id='word_1_46' title='bbox 752 550 809 580; x_wconf 85' lang='lat' dir='ltr'>illa</span> 
     </span>
     <span class='ocr_line' id='line_1_9' title="bbox 109 597 807 640; baseline 0.001 -11"><span class='ocrx_word' id='word_1_47' title='bbox 109 599 304 640; x_wconf 83' lang='lat' dir='ltr'>conjectura</span> <span class='ocrx_word' id='word_1_48' title='bbox 325 603 389 638; x_wconf 71' lang='lat' dir='ltr'>est,</span> <span class='ocrx_word' id='word_1_49' title='bbox 413 599 500 638; x_wconf 78' lang='lat' dir='ltr'>quod</span> <span class='ocrx_word' id='word_1_50' title='bbox 526 597 624 629; x_wconf 84' lang='lat' dir='ltr'>facile</span> <span class='ocrx_word' id='word_1_51' title='bbox 638 599 750 639; x_wconf 77' lang='lat' dir='ltr'>potuit</span> <span class='ocrx_word' id='word_1_52' title='bbox 765 609 807 630; x_wconf 74' lang='lat' dir='ltr'>ex</span> 
     </span>
     <span class='ocr_line' id='line_1_10' title="bbox 110 648 808 688; baseline 0 -9"><span class='ocrx_word' id='word_1_53' title='bbox 110 649 180 679; x_wconf 83' lang='lat' dir='ltr'>Cos.</span> <span class='ocrx_word' id='word_1_54' title='bbox 197 648 375 688; x_wconf 81' lang='lat' dir='ltr'>depravari</span> <span class='ocrx_word' id='word_1_55' title='bbox 395 649 546 679; x_wconf 60' lang='lat' dir='ltr'>Consulis</span> <span class='ocrx_word' id='word_1_56' title='bbox 593 649 691 682; x_wconf 64' lang='lat' dir='ltr'>Quod</span> <span class='ocrx_word' id='word_1_57' title='bbox 714 649 738 679; x_wconf 82' lang='lat' dir='ltr'>si</span> <span class='ocrx_word' id='word_1_58' title='bbox 764 651 808 680; x_wconf 88' lang='lat' dir='ltr'>al-</span> 
     </span>
     <span class='ocr_line' id='line_1_11' title="bbox 109 699 808 740; baseline 0 -10"><span class='ocrx_word' id='word_1_59' title='bbox 109 699 171 730; x_wconf 83' lang='lat' dir='ltr'>teri</span> <span class='ocrx_word' id='word_1_60' title='bbox 188 699 393 740; x_wconf 65' lang='lat' dir='ltr'>conjecturae</span> <span class='ocrx_word' id='word_1_61' title='bbox 408 706 532 730; x_wconf 63' lang='lat' dir='ltr'>nostra.»</span> <span class='ocrx_word' id='word_1_62' title='bbox 550 700 641 730; x_wconf 76' lang='lat' dir='ltr'>locus</span> <span class='ocrx_word' id='word_1_63' title='bbox 657 704 720 738; x_wconf 88' lang='lat' dir='ltr'>est,</span> <span class='ocrx_word' id='word_1_64' title='bbox 733 701 808 740; x_wconf 78' lang='lat' dir='ltr'>lego</span> 
     </span>
     <span class='ocr_line' id='line_1_12' title="bbox 107 749 809 791; baseline 0.003 -12"><span class='ocrx_word' id='word_1_65' title='bbox 107 760 179 790; x_wconf 77' lang='lat' dir='ltr'>quas</span> <span class='ocrx_word' id='word_1_66' title='bbox 190 751 293 781; x_wconf 71' lang='lat' dir='ltr'>comui</span> <span class='ocrx_word' id='word_1_67' title='bbox 307 751 332 781; x_wconf 83' lang='lat' dir='ltr'>is</span> <span class='ocrx_word' id='word_1_68' title='bbox 344 751 414 791; x_wconf 81' lang='lat' dir='ltr'>(Sc.</span> <span class='ocrx_word' id='word_1_69' title='bbox 428 749 626 790; x_wconf 72' lang='lat' dir='ltr'>Pompeius)</span> <span class='ocrx_word' id='word_1_70' title='bbox 639 759 809 781; x_wconf 74' lang='lat' dir='ltr'>sacramen-</span> 
     </span>
     <span class='ocr_line' id='line_1_13' title="bbox 106 800 809 839; baseline 0.004 -10"><span class='ocrx_word' id='word_1_71' title='bbox 106 803 138 829; x_wconf 64' lang='lat' dir='ltr'>to</span> <span class='ocrx_word' id='word_1_72' title='bbox 160 803 335 839; x_wconf 75' lang='lat' dir='ltr'>rogat-erat.</span> <span class='ocrx_word' id='word_1_73' title='bbox 379 800 444 831; x_wconf 73' lang='lat' dir='ltr'>Sed</span> <span class='ocrx_word' id='word_1_74' title='bbox 462 810 524 831; x_wconf 77' lang='lat' dir='ltr'>nec</span> <span class='ocrx_word' id='word_1_75' title='bbox 542 800 701 832; x_wconf 82' lang='lat' dir='ltr'>damnare</span> <span class='ocrx_word' id='word_1_76' title='bbox 718 811 757 832; x_wconf 89' lang='lat' dir='ltr'>eo</span> <span class='ocrx_word' id='word_1_77' title='bbox 772 802 809 832; x_wconf 79' lang='grc' dir='ltr'>τὸ</span> 
     </span>
     <span class='ocr_line' id='line_1_14' title="bbox 106 850 808 883; baseline 0.003 -3"><span class='ocrx_word' id='word_1_78' title='bbox 106 851 237 880; x_wconf 77' lang='lat' dir='ltr'>consulis</span> <span class='ocrx_word' id='word_1_79' title='bbox 261 850 370 880; x_wconf 88' lang='lat' dir='ltr'>velim.</span> <span class='ocrx_word' id='word_1_80' title='bbox 401 850 533 881; x_wconf 71' lang='lat' dir='ltr'>Vossius.</span> <span class='ocrx_word' id='word_1_81' title='bbox 580 851 664 881; x_wconf 87' lang='lat' dir='ltr'>Cum</span> <span class='ocrx_word' id='word_1_82' title='bbox 691 853 808 883; x_wconf 85' lang='lat' dir='ltr'>consul</span> 
     </span>
     <span class='ocr_line' id='line_1_15' title="bbox 106 899 808 942; baseline 0.003 -12"><span class='ocrx_word' id='word_1_83' title='bbox 106 899 211 930; x_wconf 84' lang='lat' dir='ltr'>fuerit</span> <span class='ocrx_word' id='word_1_84' title='bbox 248 899 432 940; x_wconf 83' lang='lat' dir='ltr'>Pompeius</span> <span class='ocrx_word' id='word_1_85' title='bbox 469 910 509 931; x_wconf 81' lang='lat' dir='ltr'>eo</span> <span class='ocrx_word' id='word_1_86' title='bbox 548 906 712 940; x_wconf 78' lang='lat' dir='ltr'>tempore,</span> <span class='ocrx_word' id='word_1_87' title='bbox 743 911 808 942; x_wconf 84' lang='lat' dir='ltr'>quo</span> 
     </span>
     <span class='ocr_line' id='line_1_16' title="bbox 107 950 809 990; baseline 0.001 -10"><span class='ocrx_word' id='word_1_88' title='bbox 107 950 233 981; x_wconf 80' lang='lat' dir='ltr'>milites</span> <span class='ocrx_word' id='word_1_89' title='bbox 249 950 348 980; x_wconf 74' lang='lat' dir='ltr'>hosce</span> <span class='ocrx_word' id='word_1_90' title='bbox 367 950 590 990; x_wconf 82' lang='lat' dir='ltr'>jurejurando</span> <span class='ocrx_word' id='word_1_91' title='bbox 615 950 809 989; x_wconf 75' lang='lat' dir='ltr'>adstrinxit,</span> 
     </span>
     <span class='ocr_line' id='line_1_17' title="bbox 107 999 809 1037; baseline 0.001 -7"><span class='ocrx_word' id='word_1_92' title='bbox 107 999 214 1031; x_wconf 88' lang='lat' dir='ltr'>Petro</span> <span class='ocrx_word' id='word_1_93' title='bbox 245 1000 426 1031; x_wconf 81' lang='lat' dir='ltr'>Ciaccouio</span> <span class='ocrx_word' id='word_1_94' title='bbox 457 1000 636 1037; x_wconf 63' lang='lat' dir='ltr'>legendum</span> <span class='ocrx_word' id='word_1_95' title='bbox 674 1000 809 1032; x_wconf 73' lang='lat' dir='ltr'>videtur</span> 
     </span>
     <span class='ocr_line' id='line_1_18' title="bbox 108 1051 809 1092; baseline 0.001 -11"><span class='ocrx_word' id='word_1_96' title='bbox 108 1051 224 1081; x_wconf 81' lang='lat' dir='ltr'>Consul</span> <span class='ocrx_word' id='word_1_97' title='bbox 245 1054 437 1081; x_wconf 70' lang='lat' dir='ltr'>sacramento</span> <span class='ocrx_word' id='word_1_98' title='bbox 458 1051 639 1089; x_wconf 65' lang='lat' dir='ltr'>rogavisset.</span> <span class='ocrx_word' id='word_1_99' title='bbox 683 1051 717 1082; x_wconf 79' lang='lat' dir='ltr'>si</span> <span class='ocrx_word' id='word_1_100' title='bbox 743 1061 809 1092; x_wconf 86' lang='lat' dir='ltr'>qua</span> 
     </span>
     <span class='ocr_line' id='line_1_19' title="bbox 107 1099 809 1141; baseline -0.001 -9"><span class='ocrx_word' id='word_1_101' title='bbox 107 1109 191 1141; x_wconf 82' lang='lat' dir='ltr'>opus</span> <span class='ocrx_word' id='word_1_102' title='bbox 218 1105 272 1131; x_wconf 89' lang='lat' dir='ltr'>est</span> <span class='ocrx_word' id='word_1_103' title='bbox 301 1099 503 1136; x_wconf 79' lang='lat' dir='ltr'>mutatione,</span> <span class='ocrx_word' id='word_1_104' title='bbox 535 1101 632 1140; x_wconf 83' lang='lat' dir='ltr'>longe</span> <span class='ocrx_word' id='word_1_105' title='bbox 665 1106 809 1140; x_wconf 72' lang='lat' dir='ltr'>praestat</span> 
     </span>
     <span class='ocr_line' id='line_1_20' title="bbox 107 1150 809 1191; baseline -0.001 -9"><span class='ocrx_word' id='word_1_106' title='bbox 107 1150 171 1182; x_wconf 86' lang='lat' dir='ltr'>Ph.</span> <span class='ocrx_word' id='word_1_107' title='bbox 191 1151 332 1182; x_wconf 85' lang='lat' dir='ltr'>Rubenii</span> <span class='ocrx_word' id='word_1_108' title='bbox 355 1151 565 1191; x_wconf 82' lang='lat' dir='ltr'>conjectura,</span> <span class='ocrx_word' id='word_1_109' title='bbox 584 1151 637 1181; x_wconf 88' lang='lat' dir='ltr'>cui</span> <span class='ocrx_word' id='word_1_110' title='bbox 655 1151 809 1182; x_wconf 79' lang='lat' dir='ltr'>Consulis</span> 
     </span>
     <span class='ocr_line' id='line_1_21' title="bbox 107 1197 806 1242; baseline 0 -10"><span class='ocrx_word' id='word_1_111' title='bbox 107 1202 239 1232; x_wconf 85' lang='lat' dir='ltr'>divisim</span> <span class='ocrx_word' id='word_1_112' title='bbox 266 1201 409 1242; x_wconf 85' lang='lat' dir='ltr'>scriptus</span> <span class='ocrx_word' id='word_1_113' title='bbox 438 1202 563 1241; x_wconf 69' lang='lat' dir='ltr'>placet,</span> <span class='ocrx_word' id='word_1_114' title='bbox 579 1197 690 1233; x_wconf 78' lang='lat' dir='ltr'>Elect.</span> <span class='ocrx_word' id='word_1_115' title='bbox 714 1211 737 1232; x_wconf 87' lang='lat'>1.</span> <span class='ocrx_word' id='word_1_116' title='bbox 757 1205 806 1233; x_wconf 84' lang='lat'>15.</span> 
     </span>
     <span class='ocr_line' id='line_1_22' title="bbox 107 1251 809 1293; baseline 0.001 -11"><span class='ocrx_word' id='word_1_117' title='bbox 107 1251 222 1283; x_wconf 74' lang='lat' dir='ltr'>Dacis.</span> <span class='ocrx_word' id='word_1_118' title='bbox 267 1251 403 1283; x_wconf 83' lang='lat' dir='ltr'>Nodum</span> <span class='ocrx_word' id='word_1_119' title='bbox 434 1251 466 1282; x_wconf 89' lang='lat' dir='ltr'>in</span> <span class='ocrx_word' id='word_1_120' title='bbox 496 1252 607 1292; x_wconf 79' lang='lat' dir='ltr'>scirpo</span> <span class='ocrx_word' id='word_1_121' title='bbox 637 1252 691 1283; x_wconf 81' lang='lat' dir='ltr'>liic</span> <span class='ocrx_word' id='word_1_122' title='bbox 719 1262 809 1293; x_wconf 80' lang='lat' dir='ltr'>quae-</span> 
     </span>
     <span class='ocr_line' id='line_1_23' title="bbox 108 1301 810 1342; baseline 0 -10"><span class='ocrx_word' id='word_1_123' title='bbox 108 1305 198 1341; x_wconf 86' lang='lat' dir='ltr'>runt,</span> <span class='ocrx_word' id='word_1_124' title='bbox 219 1301 288 1342; x_wconf 80' lang='lat' dir='ltr'>qui,</span> <span class='ocrx_word' id='word_1_125' title='bbox 310 1301 467 1342; x_wconf 85' lang='lat' dir='ltr'>quoniam</span> <span class='ocrx_word' id='word_1_126' title='bbox 491 1301 563 1341; x_wconf 79' lang='lat' dir='ltr'>ipse</span> <span class='ocrx_word' id='word_1_127' title='bbox 588 1306 658 1332; x_wconf 82' lang='lat' dir='ltr'>tum</span> <span class='ocrx_word' id='word_1_128' title='bbox 684 1302 810 1333; x_wconf 84' lang='lat' dir='ltr'>Consul</span> 
     </span>
     <span class='ocr_line' id='line_1_24' title="bbox 107 1351 811 1392; baseline 0 -10"><span class='ocrx_word' id='word_1_129' title='bbox 107 1356 199 1382; x_wconf 86' lang='lat' dir='ltr'>esset</span> <span class='ocrx_word' id='word_1_130' title='bbox 222 1352 418 1392; x_wconf 83' lang='lat' dir='ltr'>Pompeius,</span> <span class='ocrx_word' id='word_1_131' title='bbox 438 1361 538 1391; x_wconf 79' lang='lat' dir='ltr'>quum</span> <span class='ocrx_word' id='word_1_132' title='bbox 562 1351 663 1382; x_wconf 84' lang='lat' dir='ltr'>hosce</span> <span class='ocrx_word' id='word_1_133' title='bbox 687 1352 811 1382; x_wconf 83' lang='lat' dir='ltr'>milites</span> 
     </span>
     <span class='ocr_line' id='line_1_25' title="bbox 104 1402 811 1442; baseline 0 -10"><span class='ocrx_word' id='word_1_134' title='bbox 104 1402 326 1442; x_wconf 80' lang='lat' dir='ltr'>jurejurando</span> <span class='ocrx_word' id='word_1_135' title='bbox 363 1402 618 1441; x_wconf 54' lang='lat' dir='ltr'>adstringes-en</span> <span class='ocrx_word' id='word_1_136' title='bbox 658 1402 735 1432; x_wconf 88' lang='lat' dir='ltr'>ideo</span> <span class='ocrx_word' id='word_1_137' title='bbox 767 1403 811 1433; x_wconf 87' lang='lat' dir='ltr'>le-</span> 
     </span>
     <span class='ocr_line' id='line_1_26' title="bbox 109 1453 812 1495; baseline 0.003 -11"><span class='ocrx_word' id='word_1_138' title='bbox 109 1453 256 1495; x_wconf 82' lang='lat' dir='ltr'>gendum</span> <span class='ocrx_word' id='word_1_139' title='bbox 274 1454 402 1490; x_wconf 75' lang='lat' dir='ltr'>volunt,</span> <span class='ocrx_word' id='word_1_140' title='bbox 416 1463 480 1484; x_wconf 87' lang='lat' dir='ltr'>nou</span> <span class='ocrx_word' id='word_1_141' title='bbox 496 1454 648 1495; x_wconf 73' lang='lat' dir='ltr'>Consulis,</span> <span class='ocrx_word' id='word_1_142' title='bbox 659 1455 718 1486; x_wconf 80' lang='lat' dir='ltr'>scd</span> <span class='ocrx_word' id='word_1_143' title='bbox 736 1456 812 1486; x_wconf 82' lang='lat' dir='ltr'>Cou-</span> 
     </span>
     <span class='ocr_line' id='line_1_27' title="bbox 107 1503 812 1542; baseline 0.001 -9"><span class='ocrx_word' id='word_1_144' title='bbox 107 1503 166 1542; x_wconf 84' lang='lat' dir='ltr'>sul,</span> <span class='ocrx_word' id='word_1_145' title='bbox 192 1507 250 1534; x_wconf 87' lang='lat' dir='ltr'>ant</span> <span class='ocrx_word' id='word_1_146' title='bbox 283 1504 395 1534; x_wconf 78' lang='lat' dir='ltr'>Consul</span> <span class='ocrx_word' id='word_1_147' title='bbox 425 1504 462 1534; x_wconf 83' lang='lat' dir='ltr'>is.</span> <span class='ocrx_word' id='word_1_148' title='bbox 507 1504 614 1536; x_wconf 78' lang='lat' dir='ltr'>Quasi</span> <span class='ocrx_word' id='word_1_149' title='bbox 643 1514 722 1535; x_wconf 74' lang='lat' dir='ltr'>vero</span> <span class='ocrx_word' id='word_1_150' title='bbox 746 1514 812 1535; x_wconf 88' lang='lat' dir='ltr'>non</span> 
     </span>
     <span class='ocr_line' id='line_1_28' title="bbox 110 1553 813 1594; baseline 0.001 -10"><span class='ocrx_word' id='word_1_151' title='bbox 110 1553 226 1584; x_wconf 86' lang='lat' dir='ltr'>similis</span> <span class='ocrx_word' id='word_1_152' title='bbox 258 1563 392 1594; x_wconf 80' lang='lat' dir='ltr'>prorsus</span> <span class='ocrx_word' id='word_1_153' title='bbox 433 1560 523 1585; x_wconf 83' lang='lat' dir='ltr'>esset</span> <span class='ocrx_word' id='word_1_154' title='bbox 565 1556 636 1586; x_wconf 66' lang='lat' dir='ltr'>lure</span> <span class='ocrx_word' id='word_1_155' title='bbox 675 1555 813 1593; x_wconf 89' lang='lat' dir='ltr'>locutio,</span> 
     </span>
     <span class='ocr_line' id='line_1_29' title="bbox 110 1604 813 1645; baseline 0 -11"><span class='ocrx_word' id='word_1_156' title='bbox 110 1608 213 1644; x_wconf 77' lang='lat' dir='ltr'>atque</span> <span class='ocrx_word' id='word_1_157' title='bbox 239 1604 296 1634; x_wconf 86' lang='lat' dir='ltr'>illa</span> <span class='ocrx_word' id='word_1_158' title='bbox 324 1613 436 1643; x_wconf 83' lang='lat' dir='ltr'>supra,</span> <span class='ocrx_word' id='word_1_159' title='bbox 463 1605 559 1636; x_wconf 87' lang='grc' dir='ltr'><strong>1.ιιι.</strong></span> <span class='ocrx_word' id='word_1_160' title='bbox 584 1606 668 1645; x_wconf 56' lang='lat'>1518.</span> <span class='ocrx_word' id='word_1_161' title='bbox 704 1606 713 1621; x_wconf 70' lang='lat'><strong><em>⁴</em></strong></span> <span class='ocrx_word' id='word_1_162' title='bbox 729 1606 813 1636; x_wconf 85' lang='lat' dir='ltr'>Cum</span> 
     </span>
     <span class='ocr_line' id='line_1_30' title="bbox 111 1654 813 1695; baseline 0.003 -11"><span class='ocrx_word' id='word_1_163' title='bbox 111 1658 207 1684; x_wconf 85' lang='lat' dir='ltr'>tanta</span> <span class='ocrx_word' id='word_1_164' title='bbox 242 1654 460 1685; x_wconf 84' lang='lat' dir='ltr'>multitudiue</span> <span class='ocrx_word' id='word_1_165' title='bbox 503 1655 660 1694; x_wconf 77' lang='lat' dir='ltr'>hostium,</span> <span class='ocrx_word' id='word_1_166' title='bbox 690 1655 813 1695; x_wconf 79' lang='lat' dir='ltr'>legato’</span> 
     </span>
     <span class='ocr_line' id='line_1_31' title="bbox 109 1704 815 1745; baseline 0.004 -12"><span class='ocrx_word' id='word_1_167' title='bbox 109 1704 188 1743; x_wconf 84' lang='lat' dir='ltr'>(hoe</span> <span class='ocrx_word' id='word_1_168' title='bbox 198 1704 341 1743; x_wconf 73' lang='lat' dir='ltr'>est,sibi‚</span> <span class='ocrx_word' id='word_1_169' title='bbox 352 1704 405 1744; x_wconf 88' lang='lat' dir='ltr'>qui</span> <span class='ocrx_word' id='word_1_170' title='bbox 417 1709 546 1735; x_wconf 83' lang='lat' dir='ltr'>tantum</span> <span class='ocrx_word' id='word_1_171' title='bbox 558 1705 688 1745; x_wconf 78' lang='lat' dir='ltr'>legatus</span> <span class='ocrx_word' id='word_1_172' title='bbox 697 1704 815 1745; x_wconf 51' lang='lat' dir='ltr'>esset)</span> 
     </span>
     <span class='ocr_line' id='line_1_32' title="bbox 109 1753 814 1787; baseline 0.001 -4"><span class='ocrx_word' id='word_1_173' title='bbox 109 1754 118 1769; x_wconf 89' lang='lat'>‘</span> <span class='ocrx_word' id='word_1_174' title='bbox 131 1753 357 1785; x_wconf 82' lang='lat' dir='ltr'>dimicandum</span> <span class='ocrx_word' id='word_1_175' title='bbox 372 1764 434 1784; x_wconf 85' lang='lat' dir='ltr'>uon</span> <span class='ocrx_word' id='word_1_176' title='bbox 453 1755 694 1785; x_wconf 52' lang='lat' dir='ltr'>existimabat?</span> <span class='ocrx_word' id='word_1_177' title='bbox 715 1755 814 1787; x_wconf 82' lang='lat' dir='ltr'>Quod</span> 
     </span>
     <span class='ocr_line' id='line_1_33' title="bbox 111 1805 814 1836; baseline 0.003 -3"><span class='ocrx_word' id='word_1_178' title='bbox 111 1810 144 1834; x_wconf 80' lang='lat' dir='ltr'>ct</span> <span class='ocrx_word' id='word_1_179' title='bbox 159 1809 251 1835; x_wconf 77' lang='lat' dir='ltr'>recte</span> <span class='ocrx_word' id='word_1_180' title='bbox 263 1805 436 1835; x_wconf 77' lang='lat' dir='ltr'>annotavit</span> <span class='ocrx_word' id='word_1_181' title='bbox 447 1805 597 1836; x_wconf 78' lang='lat' dir='ltr'>Vossius.</span> <span class='ocrx_word' id='word_1_182' title='bbox 613 1806 720 1836; x_wconf 77' lang='lat' dir='ltr'>Clark.</span> <span class='ocrx_word' id='word_1_183' title='bbox 736 1805 814 1835; x_wconf 80' lang='lat' dir='ltr'>Con-</span> 
     </span>
     <span class='ocr_line' id='line_1_34' title="bbox 109 1853 813 1895; baseline 0.003 -12"><span class='ocrx_word' id='word_1_184' title='bbox 109 1855 156 1884; x_wconf 76' lang='lat' dir='ltr'>sul</span> <span class='ocrx_word' id='word_1_185' title='bbox 170 1855 198 1884; x_wconf 77' lang='lat' dir='ltr'>is</span> <span class='ocrx_word' id='word_1_186' title='bbox 211 1854 342 1885; x_wconf 82' lang='lat' dir='ltr'>divisim</span> <span class='ocrx_word' id='word_1_187' title='bbox 362 1853 490 1894; x_wconf 78' lang='lat' dir='ltr'>placuit</span> <span class='ocrx_word' id='word_1_188' title='bbox 505 1864 639 1895; x_wconf 80' lang='lat' dir='ltr'>quoque</span> <span class='ocrx_word' id='word_1_189' title='bbox 652 1855 813 1886; x_wconf 88' lang='lat' dir='ltr'>Grutero.</span> 
     </span>
     <span class='ocr_line' id='line_1_35' title="bbox 111 1905 814 1947; baseline 0 -10"><span class='ocrx_word' id='word_1_190' title='bbox 111 1905 307 1947; x_wconf 78' lang='lat' dir='ltr'>Adscripsit</span> <span class='ocrx_word' id='word_1_191' title='bbox 337 1906 389 1936; x_wconf 85' lang='lat' dir='ltr'>vir</span> <span class='ocrx_word' id='word_1_192' title='bbox 420 1906 542 1937; x_wconf 71' lang='lat' dir='ltr'>doctus</span> <span class='ocrx_word' id='word_1_193' title='bbox 585 1906 727 1946; x_wconf 84' lang='lat' dir='ltr'>margini</span> <span class='ocrx_word' id='word_1_194' title='bbox 765 1907 814 1937; x_wconf 86' lang='lat' dir='ltr'>sui</span> 
     </span>
     <span class='ocr_line' id='line_1_36' title="bbox 112 1956 816 1996; baseline 0.001 -9"><span class='ocrx_word' id='word_1_195' title='bbox 112 1956 246 1988; x_wconf 85' lang='lat' dir='ltr'>Codicis</span> <span class='ocrx_word' id='word_1_196' title='bbox 263 1957 308 1987; x_wconf 88' lang='lat' dir='ltr'>K.</span> <span class='ocrx_word' id='word_1_197' title='bbox 333 1957 403 1988; x_wconf 80' lang='lat' dir='ltr'>Jul.</span> <span class='ocrx_word' id='word_1_198' title='bbox 427 1957 458 1987; x_wconf 84' lang='lat' dir='ltr'>id</span> <span class='ocrx_word' id='word_1_199' title='bbox 484 1962 549 1996; x_wconf 81' lang='lat' dir='ltr'>est,</span> <span class='ocrx_word' id='word_1_200' title='bbox 575 1957 739 1989; x_wconf 81' lang='lat' dir='ltr'>Kalendis</span> <span class='ocrx_word' id='word_1_201' title='bbox 754 1958 816 1990; x_wconf 70' lang='lat' dir='ltr'>Ju-</span> 
     </span>
     <span class='ocr_line' id='line_1_37' title="bbox 111 2005 814 2049; baseline 0.004 -13"><span class='ocrx_word' id='word_1_202' title='bbox 111 2005 174 2038; x_wconf 80' lang='lat' dir='ltr'>liis.</span> <span class='ocrx_word' id='word_1_203' title='bbox 221 2007 365 2038; x_wconf 81' lang='lat' dir='ltr'>Consules</span> <span class='ocrx_word' id='word_1_204' title='bbox 392 2012 552 2039; x_wconf 84' lang='lat' dir='ltr'>exaratur</span> <span class='ocrx_word' id='word_1_205' title='bbox 579 2008 613 2038; x_wconf 94' lang='lat' dir='ltr'>in</span> <span class='ocrx_word' id='word_1_206' title='bbox 638 2008 732 2040; x_wconf 81' lang='lat' dir='ltr'>Lcid.</span> <span class='ocrx_word' id='word_1_207' title='bbox 762 2019 814 2049; x_wconf 84' lang='lat' dir='ltr'>pr.</span> 
     </span>
     <span class='ocr_line' id='line_1_38' title="bbox 111 2058 815 2098; baseline 0.006 -12"><span class='ocrx_word' id='word_1_208' title='bbox 111 2060 147 2087; x_wconf 85' lang='lat' dir='ltr'>et</span> <span class='ocrx_word' id='word_1_209' title='bbox 180 2059 340 2096; x_wconf 64' lang='lat' dir='ltr'>rogassEt:</span> <span class='ocrx_word' id='word_1_210' title='bbox 379 2058 473 2098; x_wconf 89' lang='lat' dir='ltr'>quasi</span> <span class='ocrx_word' id='word_1_211' title='bbox 504 2058 608 2090; x_wconf 85' lang='lat' dir='ltr'>fuerit</span> <span class='ocrx_word' id='word_1_212' title='bbox 643 2062 815 2098; x_wconf 81' lang='lat' dir='ltr'>rogassent.</span> 
     </span>
     <span class='ocr_line' id='line_1_39' title="bbox 112 2108 815 2151; baseline 0.003 -13"><span class='ocrx_word' id='word_1_213' title='bbox 112 2108 256 2139; x_wconf 62' lang='lat' dir='ltr'>Gra’cus</span> <span class='ocrx_word' id='word_1_214' title='bbox 286 2109 390 2140; x_wconf 83' lang='lat' dir='ltr'>habet</span> <span class='ocrx_word' id='word_1_215' title='bbox 417 2110 450 2139; x_wconf 80' lang='grc' dir='ltr'>ἐν</span> <span class='ocrx_word' id='word_1_216' title='bbox 474 2111 514 2150; x_wconf 80' lang='grc' dir='ltr'>τῇ</span> <span class='ocrx_word' id='word_1_217' title='bbox 545 2109 695 2150; x_wconf 65' lang='lat' dir='ltr'>bna-resq:</span> <span class='ocrx_word' id='word_1_218' title='bbox 725 2110 815 2151; x_wconf 84' lang='lat' dir='ltr'>quod</span> 
     </span>
     <span class='ocr_line' id='line_1_40' title="bbox 107 2158 817 2200; baseline 0.001 -11"><span class='ocrx_word' id='word_1_219' title='bbox 107 2158 208 2198; x_wconf 75' lang='lat' dir='ltr'>juvat</span> <span class='ocrx_word' id='word_1_220' title='bbox 237 2159 470 2199; x_wconf 84' lang='lat' dir='ltr'>conjecturam</span> <span class='ocrx_word' id='word_1_221' title='bbox 509 2160 653 2199; x_wconf 82' lang='lat' dir='ltr'>illorum,</span> <span class='ocrx_word' id='word_1_222' title='bbox 684 2160 741 2200; x_wconf 87' lang='lat' dir='ltr'>qui</span> <span class='ocrx_word' id='word_1_223' title='bbox 769 2159 817 2190; x_wconf 89' lang='lat' dir='ltr'>di-</span> 
     </span>
     <span class='ocr_line' id='line_1_41' title="bbox 114 2207 817 2248; baseline 0 -10"><span class='ocrx_word' id='word_1_224' title='bbox 114 2207 211 2239; x_wconf 84' lang='lat' dir='ltr'>visim</span> <span class='ocrx_word' id='word_1_225' title='bbox 227 2209 345 2248; x_wconf 78' lang='lat' dir='ltr'>legunt</span> <span class='ocrx_word' id='word_1_226' title='bbox 362 2210 475 2239; x_wconf 80' lang='lat' dir='ltr'>Consul</span> <span class='ocrx_word' id='word_1_227' title='bbox 496 2210 533 2239; x_wconf 85' lang='lat' dir='ltr'>is.</span> <span class='ocrx_word' id='word_1_228' title='bbox 581 2210 626 2240; x_wconf 88' lang='lat' dir='ltr'>Et</span> <span class='ocrx_word' id='word_1_229' title='bbox 648 2214 756 2247; x_wconf 81' lang='lat' dir='ltr'>certe,</span> <span class='ocrx_word' id='word_1_230' title='bbox 780 2213 817 2239; x_wconf 87' lang='lat' dir='ltr'>ut</span> 
     </span>
     <span class='ocr_line' id='line_1_42' title="bbox 115 2256 816 2299; baseline 0.003 -11"><span class='ocrx_word' id='word_1_231' title='bbox 115 2257 201 2288; x_wconf 81' lang='lat' dir='ltr'>bene</span> <span class='ocrx_word' id='word_1_232' title='bbox 229 2256 391 2289; x_wconf 71' lang='lat' dir='ltr'>defendat</span> <span class='ocrx_word' id='word_1_233' title='bbox 429 2258 597 2299; x_wconf 77' lang='lat' dir='ltr'>vulgatam</span> <span class='ocrx_word' id='word_1_234' title='bbox 635 2259 816 2290; x_wconf 83' lang='lat' dir='ltr'>lectionem</span> 
     </span>
     <span class='ocr_line' id='line_1_43' title="bbox 113 2308 818 2347; baseline 0.001 -9"><span class='ocrx_word' id='word_1_235' title='bbox 113 2308 264 2347; x_wconf 80' lang='lat' dir='ltr'>Vossius,</span> <span class='ocrx_word' id='word_1_236' title='bbox 293 2308 452 2340; x_wconf 74' lang='lat' dir='ltr'>obstabat</span> <span class='ocrx_word' id='word_1_237' title='bbox 489 2313 601 2339; x_wconf 78' lang='lat' dir='ltr'>tamen</span> <span class='ocrx_word' id='word_1_238' title='bbox 643 2309 743 2339; x_wconf 87' lang='lat' dir='ltr'>alicui</span> <span class='ocrx_word' id='word_1_239' title='bbox 775 2318 818 2339; x_wconf 85' lang='lat' dir='ltr'>ex</span> 
     </span>
     <span class='ocr_line' id='line_1_44' title="bbox 115 2358 818 2399; baseline -0.001 -10"><span class='ocrx_word' id='word_1_240' title='bbox 115 2358 242 2397; x_wconf 86' lang='lat' dir='ltr'>amicis,</span> <span class='ocrx_word' id='word_1_241' title='bbox 258 2359 315 2399; x_wconf 77' lang='lat' dir='ltr'>qui</span> <span class='ocrx_word' id='word_1_242' title='bbox 337 2358 426 2389; x_wconf 83' lang='lat' dir='ltr'>illius</span> <span class='ocrx_word' id='word_1_243' title='bbox 451 2358 602 2390; x_wconf 88' lang='lat' dir='ltr'>Genitivi</span> <span class='ocrx_word' id='word_1_244' title='bbox 625 2359 818 2399; x_wconf 80' lang='lat' dir='ltr'>exemplum</span> 
     </span>
     <span class='ocr_line' id='line_1_45' title="bbox 115 2408 817 2449; baseline -0.001 -10"><span class='ocrx_word' id='word_1_245' title='bbox 115 2408 206 2440; x_wconf 87' lang='lat' dir='ltr'>aliud</span> <span class='ocrx_word' id='word_1_246' title='bbox 245 2409 432 2449; x_wconf 63' lang='lat' dir='ltr'>quaerebat,</span> <span class='ocrx_word' id='word_1_247' title='bbox 471 2418 535 2449; x_wconf 91' lang='lat' dir='ltr'>quo</span> <span class='ocrx_word' id='word_1_248' title='bbox 574 2409 817 2447; x_wconf 73' lang='lat' dir='ltr'>Sacramentum,</span> 
     </span>
     <span class='ocr_line' id='line_1_46' title="bbox 114 2457 820 2499; baseline 0 -11"><span class='ocrx_word' id='word_1_249' title='bbox 114 2468 180 2499; x_wconf 85' lang='lat' dir='ltr'>quo</span> <span class='ocrx_word' id='word_1_250' title='bbox 196 2458 320 2488; x_wconf 86' lang='lat' dir='ltr'>milites</span> <span class='ocrx_word' id='word_1_251' title='bbox 337 2458 545 2498; x_wconf 78' lang='lat' dir='ltr'>rogabantur</span> <span class='ocrx_word' id='word_1_252' title='bbox 567 2458 622 2489; x_wconf 75' lang='lat' dir='ltr'>vel</span> <span class='ocrx_word' id='word_1_253' title='bbox 638 2457 820 2498; x_wconf 83' lang='lat' dir='ltr'>adigeban-</span> 
     </span>
     <span class='ocr_line' id='line_1_47' title="bbox 117 2508 820 2547; baseline 0.001 -9"><span class='ocrx_word' id='word_1_254' title='bbox 117 2511 172 2539; x_wconf 85' lang='lat' dir='ltr'>tur</span> <span class='ocrx_word' id='word_1_255' title='bbox 188 2517 209 2538; x_wconf 83' lang='lat' dir='ltr'>a</span> <span class='ocrx_word' id='word_1_256' title='bbox 223 2508 361 2540; x_wconf 87' lang='lat' dir='ltr'>consule</span> <span class='ocrx_word' id='word_1_257' title='bbox 376 2508 409 2538; x_wconf 87' lang='lat' dir='ltr'>in</span> <span class='ocrx_word' id='word_1_258' title='bbox 426 2517 547 2538; x_wconf 86' lang='lat' dir='ltr'>nomen</span> <span class='ocrx_word' id='word_1_259' title='bbox 560 2518 667 2547; x_wconf 78' lang='lat' dir='ltr'>suum,</span> <span class='ocrx_word' id='word_1_260' title='bbox 680 2513 820 2539; x_wconf 86' lang='lat' dir='ltr'>vocetur</span> 
     </span>
     <span class='ocr_line' id='line_1_48' title="bbox 118 2557 820 2589; baseline -0.001 0"><span class='ocrx_word' id='word_1_261' title='bbox 118 2557 348 2589; x_wconf 74' lang='lat' dir='ltr'>Sacramentum</span> <span class='ocrx_word' id='word_1_262' title='bbox 367 2559 516 2589; x_wconf 79' lang='lat' dir='ltr'>Consulis.</span> <span class='ocrx_word' id='word_1_263' title='bbox 562 2558 600 2588; x_wconf 84' lang='lat' dir='ltr'>Iu</span> <span class='ocrx_word' id='word_1_264' title='bbox 616 2557 707 2588; x_wconf 75' lang='lat' dir='ltr'>verba</span> <span class='ocrx_word' id='word_1_265' title='bbox 722 2561 753 2588; x_wconf 82' lang='lat' dir='ltr'>et</span> <span class='ocrx_word' id='word_1_266' title='bbox 768 2568 820 2588; x_wconf 77' lang='grc' dir='ltr'>ηυ-</span> 
     </span>
     <span class='ocr_line' id='line_1_49' title="bbox 117 2607 821 2648; baseline 0 -10"><span class='ocrx_word' id='word_1_267' title='bbox 117 2617 186 2638; x_wconf 74' lang='lat' dir='ltr'>men</span> <span class='ocrx_word' id='word_1_268' title='bbox 202 2608 343 2640; x_wconf 73' lang='lat' dir='ltr'>Consulis</span> <span class='ocrx_word' id='word_1_269' title='bbox 360 2608 561 2639; x_wconf 73' lang='lat' dir='ltr'>Sacramenta</span> <span class='ocrx_word' id='word_1_270' title='bbox 576 2608 694 2648; x_wconf 79' lang='lat' dir='ltr'>rogari,</span> <span class='ocrx_word' id='word_1_271' title='bbox 711 2607 821 2639; x_wconf 82' lang='lat' dir='ltr'>Sacra-</span> 
     </span>
     <span class='ocr_line' id='line_1_50' title="bbox 117 2657 819 2698; baseline 0.003 -12"><span class='ocrx_word' id='word_1_272' title='bbox 117 2659 250 2689; x_wconf 69' lang='lat' dir='ltr'>ruentum</span> <span class='ocrx_word' id='word_1_273' title='bbox 284 2657 382 2697; x_wconf 69' lang='lat' dir='ltr'>adigi,</span> <span class='ocrx_word' id='word_1_274' title='bbox 419 2660 482 2689; x_wconf 66' lang='lat' dir='ltr'>dcc.</span> <span class='ocrx_word' id='word_1_275' title='bbox 520 2659 644 2698; x_wconf 82' lang='lat' dir='ltr'>passim</span> <span class='ocrx_word' id='word_1_276' title='bbox 682 2658 819 2690; x_wconf 87' lang='lat' dir='ltr'>dicitur.</span> 
     </span>
     <span class='ocr_line' id='line_1_51' title="bbox 119 2705 820 2748; baseline 0.004 -12"><span class='ocrx_word' id='word_1_277' title='bbox 119 2705 186 2737; x_wconf 85' lang='lat' dir='ltr'>Sed</span> <span class='ocrx_word' id='word_1_278' title='bbox 207 2706 403 2740; x_wconf 69' lang='lat' dir='ltr'>Sacramenta</span> <span class='ocrx_word' id='word_1_279' title='bbox 425 2709 556 2740; x_wconf 77' lang='lat' dir='ltr'>consulis</span> <span class='ocrx_word' id='word_1_280' title='bbox 577 2709 685 2748; x_wconf 79' lang='lat' dir='ltr'>rogari</span> <span class='ocrx_word' id='word_1_281' title='bbox 706 2718 749 2740; x_wconf 90' lang='lat' dir='ltr'>au</span> <span class='ocrx_word' id='word_1_282' title='bbox 771 2709 820 2739; x_wconf 88' lang='lat' dir='ltr'>iu-</span> 
     </span>
     <span class='ocr_line' id='line_1_52' title="bbox 121 2754 819 2800; baseline 0.004 -15"><span class='ocrx_word' id='word_1_283' title='bbox 121 2754 302 2796; x_wconf 78' lang='lat' dir='ltr'>veniretur,</span> <span class='ocrx_word' id='word_1_284' title='bbox 337 2758 528 2789; x_wconf 82' lang='lat' dir='ltr'>dubitabat.</span> <span class='ocrx_word' id='word_1_285' title='bbox 573 2758 666 2790; x_wconf 86' lang='lat' dir='ltr'>Huic</span> <span class='ocrx_word' id='word_1_286' title='bbox 702 2758 819 2800; x_wconf 82' lang='lat' dir='ltr'>reponi</span> 
     </span>
    </p>

    <p class='ocr_par' dir='ltr' id='par_1_4' title="bbox 206 2808 559 2849">
     <span class='ocr_line' id='line_1_53' title="bbox 206 2808 559 2849; baseline 0.011 -11"><span class='ocrx_word' id='word_1_287' title='bbox 206 2808 320 2849; x_wconf 79' lang='lat' dir='ltr'>Delph.</span> <span class='ocrx_word' id='word_1_288' title='bbox 335 2813 366 2840; x_wconf 83' lang='lat' dir='ltr'>et</span> <span class='ocrx_word' id='word_1_289' title='bbox 385 2810 458 2842; x_wconf 77' lang='lat' dir='ltr'>Var.</span> <span class='ocrx_word' id='word_1_290' title='bbox 478 2811 559 2842; x_wconf 87' lang='lat' dir='ltr'>Clas.</span> 
     </span>
    </p>
   </div>
   <div class='ocr_carea' id='block_1_4' title="bbox 1453 195 1565 236">
    <p class='ocr_par' dir='ltr' id='par_1_5' title="bbox 1453 195 1565 236">
     <span class='ocr_line' id='line_1_54' title="bbox 1453 195 1565 236; baseline 0.018 -2"><span class='ocrx_word' id='word_1_291' title='bbox 1453 195 1565 236; x_wconf 84' lang='lat'>1137</span> 
     </span>
    </p>
   </div>
   <div class='ocr_carea' id='block_1_5' title="bbox 858 298 1576 2790">
    <p class='ocr_par' dir='ltr' id='par_1_6' title="bbox 858 298 1566 483">
     <span class='ocr_line' id='line_1_55' title="bbox 860 298 1564 342; baseline 0.003 -15"><span class='ocrx_word' id='word_1_292' title='bbox 860 306 974 338; x_wconf 57' lang='lat' dir='ltr'>posset</span> <span class='ocrx_word' id='word_1_293' title='bbox 995 302 1144 340; x_wconf 78' lang='lat' dir='ltr'>Tacitus,</span> <span class='ocrx_word' id='word_1_294' title='bbox 1171 301 1228 342; x_wconf 86' lang='lat' dir='ltr'>qui</span> <span class='ocrx_word' id='word_1_295' title='bbox 1251 298 1431 341; x_wconf 81' lang='lat' dir='ltr'>aliquoties</span> <span class='ocrx_word' id='word_1_296' title='bbox 1455 300 1564 330; x_wconf 80' lang='lat' dir='ltr'>utitur</span> 
     </span>
     <span class='ocr_line' id='line_1_56' title="bbox 859 349 1566 391; baseline 0.004 -13"><span class='ocrx_word' id='word_1_297' title='bbox 859 349 1056 381; x_wconf 61' lang='lat' dir='ltr'>but-ramento</span> <span class='ocrx_word' id='word_1_298' title='bbox 1089 353 1258 391; x_wconf 56' lang='lat' dir='ltr'>(hesua-um,</span> <span class='ocrx_word' id='word_1_299' title='bbox 1290 350 1418 389; x_wconf 70' lang='lat' dir='ltr'>Vitellii,</span> <span class='ocrx_word' id='word_1_300' title='bbox 1451 350 1566 391; x_wconf 58' lang='lat' dir='ltr'>Vespa»-</span> 
     </span>
     <span class='ocr_line' id='line_1_57' title="bbox 858 399 1565 439; baseline 0.007 -12"><span class='ocrx_word' id='word_1_301' title='bbox 858 399 938 428; x_wconf 74' lang='lat' dir='ltr'>siani</span> <span class='ocrx_word' id='word_1_302' title='bbox 964 401 1061 439; x_wconf 67' lang='lat' dir='ltr'>adigi.</span> <span class='ocrx_word' id='word_1_303' title='bbox 1107 402 1253 432; x_wconf 77' lang='lat' dir='ltr'>Consule</span> <span class='ocrx_word' id='word_1_304' title='bbox 1285 401 1439 432; x_wconf 68' lang='lat' dir='ltr'>uuonan.</span> <span class='ocrx_word' id='word_1_305' title='bbox 1467 404 1503 431; x_wconf 87' lang='lat' dir='ltr'>et</span> <span class='ocrx_word' id='word_1_306' title='bbox 1529 400 1565 433; x_wconf 79' lang='lat' dir='ltr'>J.</span> 
     </span>
     <span class='ocr_line' id='line_1_58' title="bbox 859 449 1400 483; baseline 0.004 -3"><span class='ocrx_word' id='word_1_307' title='bbox 859 449 1068 480; x_wconf 71' lang='lat' dir='ltr'>Gronoviuzn</span> <span class='ocrx_word' id='word_1_308' title='bbox 1085 451 1126 481; x_wconf 89' lang='lat' dir='ltr'>ad</span> <span class='ocrx_word' id='word_1_309' title='bbox 1146 452 1274 483; x_wconf 67' lang='lat' dir='ltr'>Hister.</span> <span class='ocrx_word' id='word_1_310' title='bbox 1292 460 1330 481; x_wconf 88' lang='grc' dir='ltr'>ιι.</span> <span class='ocrx_word' id='word_1_311' title='bbox 1347 455 1400 482; x_wconf 85' lang='grc'>55.</span> 
     </span>
    </p>

    <p class='ocr_par' dir='ltr' id='par_1_7' title="bbox 859 494 1569 1339">
     <span class='ocr_line' id='line_1_59' title="bbox 903 494 1564 541; baseline 0.008 -13"><span class='ocrx_word' id='word_1_312' title='bbox 903 501 921 528; x_wconf 74' lang='lat'><strong>8</strong></span> <span class='ocrx_word' id='word_1_313' title='bbox 945 499 996 529; x_wconf 68' lang='lat'>,411</span> <span class='ocrx_word' id='word_1_314' title='bbox 1024 494 1195 539; x_wconf 58' lang='lat' dir='ltr'>opinionem</span> <span class='ocrx_word' id='word_1_315' title='bbox 1226 501 1356 541; x_wconf 69' lang='lat' dir='ltr'>Gallice]</span> <span class='ocrx_word' id='word_1_316' title='bbox 1399 501 1564 533; x_wconf 84' lang='lat' dir='ltr'>Ultimam</span> 
     </span>
     <span class='ocr_line' id='line_1_60' title="bbox 861 550 1566 591; baseline 0.007 -14"><span class='ocrx_word' id='word_1_317' title='bbox 861 558 977 579; x_wconf 76' lang='lat' dir='ltr'>vocem</span> <span class='ocrx_word' id='word_1_318' title='bbox 1009 559 1050 579; x_wconf 79' lang='lat' dir='ltr'>ex</span> <span class='ocrx_word' id='word_1_319' title='bbox 1083 550 1230 590; x_wconf 73' lang='lat' dir='ltr'>imperiti</span> <span class='ocrx_word' id='word_1_320' title='bbox 1270 551 1410 582; x_wconf 81' lang='lat' dir='ltr'>hominis</span> <span class='ocrx_word' id='word_1_321' title='bbox 1454 551 1566 591; x_wconf 79' lang='lat' dir='ltr'>glossa</span> 
     </span>
     <span class='ocr_line' id='line_1_61' title="bbox 860 599 1566 633; baseline 0.006 -5"><span class='ocrx_word' id='word_1_322' title='bbox 860 603 972 630; x_wconf 84' lang='lat' dir='ltr'>ortum</span> <span class='ocrx_word' id='word_1_323' title='bbox 1000 599 1126 630; x_wconf 78' lang='lat' dir='ltr'>habere</span> <span class='ocrx_word' id='word_1_324' title='bbox 1159 601 1347 632; x_wconf 80' lang='lat' dir='ltr'>arbitratur</span> <span class='ocrx_word' id='word_1_325' title='bbox 1374 602 1430 632; x_wconf 77' lang='lat' dir='ltr'>Fr.</span> <span class='ocrx_word' id='word_1_326' title='bbox 1457 601 1566 633; x_wconf 87' lang='lat' dir='ltr'>Hoto-</span> 
     </span>
     <span class='ocr_line' id='line_1_62' title="bbox 860 650 1566 691; baseline 0.006 -13"><span class='ocrx_word' id='word_1_327' title='bbox 860 658 1013 688; x_wconf 85' lang='lat' dir='ltr'>mannus,</span> <span class='ocrx_word' id='word_1_328' title='bbox 1040 650 1119 690; x_wconf 86' lang='lat' dir='ltr'>quia</span> <span class='ocrx_word' id='word_1_329' title='bbox 1147 650 1236 690; x_wconf 83' lang='lat' dir='ltr'>apud</span> <span class='ocrx_word' id='word_1_330' title='bbox 1265 652 1437 682; x_wconf 83' lang='lat' dir='ltr'>Caesarem</span> <span class='ocrx_word' id='word_1_331' title='bbox 1461 651 1566 691; x_wconf 81' lang='lat' dir='ltr'>opinio</span> 
     </span>
     <span class='ocr_line' id='line_1_63' title="bbox 861 698 1566 740; baseline 0.003 -11"><span class='ocrx_word' id='word_1_332' title='bbox 861 698 1145 730; x_wconf 76' lang='lat' dir='ltr'>existimationem</span> <span class='ocrx_word' id='word_1_333' title='bbox 1163 705 1222 730; x_wconf 89' lang='lat' dir='ltr'>aut</span> <span class='ocrx_word' id='word_1_334' title='bbox 1235 701 1475 731; x_wconf 80' lang='lat' dir='ltr'>auctoritatem</span> <span class='ocrx_word' id='word_1_335' title='bbox 1493 710 1566 740; x_wconf 84' lang='lat' dir='ltr'>pas-</span> 
     </span>
     <span class='ocr_line' id='line_1_64' title="bbox 861 748 1567 790; baseline 0.003 -12"><span class='ocrx_word' id='word_1_336' title='bbox 861 748 922 778; x_wconf 90' lang='lat' dir='ltr'>sim</span> <span class='ocrx_word' id='word_1_337' title='bbox 946 748 1100 788; x_wconf 78' lang='lat' dir='ltr'>denotat,</span> <span class='ocrx_word' id='word_1_338' title='bbox 1118 749 1275 790; x_wconf 82' lang='lat' dir='ltr'>ideoque,</span> <span class='ocrx_word' id='word_1_339' title='bbox 1298 759 1358 790; x_wconf 80' lang='lat' dir='ltr'>Pro</span> <span class='ocrx_word' id='word_1_340' title='bbox 1382 750 1470 780; x_wconf 79' lang='lat' dir='ltr'>illius</span> <span class='ocrx_word' id='word_1_341' title='bbox 1494 759 1567 781; x_wconf 89' lang='lat' dir='ltr'>sen-</span> 
     </span>
     <span class='ocr_line' id='line_1_65' title="bbox 862 798 1566 839; baseline 0.003 -11"><span class='ocrx_word' id='word_1_342' title='bbox 862 798 982 838; x_wconf 79' lang='lat' dir='ltr'>tentia,</span> <span class='ocrx_word' id='word_1_343' title='bbox 1007 799 1288 831; x_wconf 76' lang='lat' dir='ltr'>subscribendum</span> <span class='ocrx_word' id='word_1_344' title='bbox 1305 799 1381 839; x_wconf 85' lang='lat' dir='ltr'>fuit,</span> <span class='ocrx_word' id='word_1_345' title='bbox 1397 809 1463 831; x_wconf 90' lang='lat' dir='ltr'>non</span> <span class='ocrx_word' id='word_1_346' title='bbox 1488 800 1566 831; x_wconf 75' lang='lat' dir='ltr'>Gul-</span> 
     </span>
     <span class='ocr_line' id='line_1_66' title="bbox 860 848 1567 890; baseline 0.004 -12"><span class='ocrx_word' id='word_1_347' title='bbox 860 848 922 887; x_wconf 79' lang='lat' dir='ltr'>lioe,</span> <span class='ocrx_word' id='word_1_348' title='bbox 940 849 997 879; x_wconf 80' lang='lat' dir='ltr'>sed</span> <span class='ocrx_word' id='word_1_349' title='bbox 1017 850 1123 890; x_wconf 76' lang='lat' dir='ltr'>populi</span> <span class='ocrx_word' id='word_1_350' title='bbox 1143 850 1285 882; x_wconf 78' lang='lat' dir='ltr'>Romani.</span> <span class='ocrx_word' id='word_1_351' title='bbox 1330 851 1457 881; x_wconf 79' lang='lat' dir='ltr'>Verum</span> <span class='ocrx_word' id='word_1_352' title='bbox 1473 850 1567 881; x_wconf 88' lang='lat' dir='ltr'>locus</span> 
     </span>
     <span class='ocr_line' id='line_1_67' title="bbox 860 898 1568 941; baseline 0.004 -13"><span class='ocrx_word' id='word_1_353' title='bbox 860 898 993 929; x_wconf 84' lang='lat' dir='ltr'>medica</span> <span class='ocrx_word' id='word_1_354' title='bbox 1022 909 1121 930; x_wconf 82' lang='lat' dir='ltr'>mauu</span> <span class='ocrx_word' id='word_1_355' title='bbox 1153 910 1217 931; x_wconf 90' lang='lat' dir='ltr'>nou</span> <span class='ocrx_word' id='word_1_356' title='bbox 1249 900 1394 941; x_wconf 84' lang='lat' dir='ltr'>indiget,</span> <span class='ocrx_word' id='word_1_357' title='bbox 1423 909 1499 931; x_wconf 89' lang='lat' dir='ltr'>cum</span> <span class='ocrx_word' id='word_1_358' title='bbox 1527 909 1568 931; x_wconf 86' lang='lat' dir='ltr'>ea</span> 
     </span>
     <span class='ocr_line' id='line_1_68' title="bbox 862 948 1568 990; baseline 0.004 -13"><span class='ocrx_word' id='word_1_359' title='bbox 862 957 939 986; x_wconf 81' lang='lat' dir='ltr'>vox,</span> <span class='ocrx_word' id='word_1_360' title='bbox 965 948 1068 979; x_wconf 86' lang='lat' dir='ltr'>etiarn</span> <span class='ocrx_word' id='word_1_361' title='bbox 1102 950 1191 989; x_wconf 81' lang='lat' dir='ltr'>apud</span> <span class='ocrx_word' id='word_1_362' title='bbox 1224 955 1389 987; x_wconf 79' lang='lat' dir='ltr'>nostruin,</span> <span class='ocrx_word' id='word_1_363' title='bbox 1411 949 1445 980; x_wconf 91' lang='lat' dir='ltr'>id</span> <span class='ocrx_word' id='word_1_364' title='bbox 1477 949 1568 990; x_wconf 82' lang='lat' dir='ltr'>quod</span> 
     </span>
     <span class='ocr_line' id='line_1_69' title="bbox 861 999 1568 1041; baseline 0.003 -13"><span class='ocrx_word' id='word_1_365' title='bbox 861 999 1037 1038; x_wconf 81' lang='lat' dir='ltr'>sentimus,</span> <span class='ocrx_word' id='word_1_366' title='bbox 1055 999 1235 1041; x_wconf 82' lang='lat' dir='ltr'>aliquando</span> <span class='ocrx_word' id='word_1_367' title='bbox 1253 999 1433 1038; x_wconf 74' lang='lat' dir='ltr'>significet.</span> <span class='ocrx_word' id='word_1_368' title='bbox 1478 999 1568 1030; x_wconf 74' lang='lat' dir='ltr'>Vide</span> 
     </span>
     <span class='ocr_line' id='line_1_70' title="bbox 861 1049 1568 1081; baseline 0.003 -3"><span class='ocrx_word' id='word_1_369' title='bbox 861 1049 901 1079; x_wconf 89' lang='lat' dir='ltr'>B.</span> <span class='ocrx_word' id='word_1_370' title='bbox 927 1049 965 1080; x_wconf 88' lang='lat' dir='ltr'>C.</span> <span class='ocrx_word' id='word_1_371' title='bbox 996 1058 1020 1080; x_wconf 84' lang='lat'>1.</span> <span class='ocrx_word' id='word_1_372' title='bbox 1045 1052 1097 1080; x_wconf 79' lang='grc'>69.</span> <span class='ocrx_word' id='word_1_373' title='bbox 1123 1050 1233 1080; x_wconf 70' lang='lat' dir='ltr'>Daris.</span> <span class='ocrx_word' id='word_1_374' title='bbox 1279 1050 1365 1080; x_wconf 72' lang='lat' dir='ltr'>vide</span> <span class='ocrx_word' id='word_1_375' title='bbox 1392 1050 1433 1080; x_wconf 82' lang='lat' dir='ltr'>ad</span> <span class='ocrx_word' id='word_1_376' title='bbox 1460 1060 1492 1080; x_wconf 92' lang='lat' dir='ltr'>v.</span> <span class='ocrx_word' id='word_1_377' title='bbox 1514 1053 1568 1081; x_wconf 91' lang='lat'>11.</span> 
     </span>
     <span class='ocr_line' id='line_1_71' title="bbox 860 1100 1568 1140; baseline 0.003 -12"><span class='ocrx_word' id='word_1_378' title='bbox 860 1100 914 1129; x_wconf 76' lang='lat' dir='ltr'>vel</span> <span class='ocrx_word' id='word_1_379' title='bbox 944 1101 997 1130; x_wconf 80' lang='lat'>40.</span> <span class='ocrx_word' id='word_1_380' title='bbox 1045 1100 1100 1130; x_wconf 86' lang='lat' dir='ltr'>Ita</span> <span class='ocrx_word' id='word_1_381' title='bbox 1128 1100 1249 1131; x_wconf 87' lang='lat' dir='ltr'>crebro</span> <span class='ocrx_word' id='word_1_382' title='bbox 1281 1100 1351 1130; x_wconf 84' lang='lat' dir='ltr'>‘ad</span> <span class='ocrx_word' id='word_1_383' title='bbox 1387 1109 1482 1140; x_wconf 81' lang='lat' dir='ltr'>spem</span> <span class='ocrx_word' id='word_1_384' title='bbox 1517 1109 1568 1131; x_wconf 85' lang='lat' dir='ltr'>re.-</span> 
     </span>
     <span class='ocr_line' id='line_1_72' title="bbox 861 1148 1569 1189; baseline 0.003 -11"><span class='ocrx_word' id='word_1_385' title='bbox 861 1148 943 1189; x_wconf 82' lang='lat' dir='ltr'>liqui</span> <span class='ocrx_word' id='word_1_386' title='bbox 960 1149 1147 1189; x_wconf 83' lang='lat' dir='ltr'>temporis,’</span> <span class='ocrx_word' id='word_1_387' title='bbox 1163 1149 1172 1165; x_wconf 88' lang='lat'>‘</span> <span class='ocrx_word' id='word_1_388' title='bbox 1189 1148 1391 1180; x_wconf 79' lang='lat' dir='ltr'>conficiendi</span> <span class='ocrx_word' id='word_1_389' title='bbox 1414 1149 1569 1189; x_wconf 61' lang='lat' dir='ltr'>negotii!</span> 
     </span>
     <span class='ocr_line' id='line_1_73' title="bbox 861 1199 1569 1231; baseline 0.003 -2"><span class='ocrx_word' id='word_1_390' title='bbox 861 1199 901 1229; x_wconf 74' lang='grc' dir='ltr'>Β.</span> <span class='ocrx_word' id='word_1_391' title='bbox 919 1199 992 1230; x_wconf 77' lang='lat' dir='ltr'>Civ.</span> <span class='ocrx_word' id='word_1_392' title='bbox 1011 1208 1034 1230; x_wconf 89' lang='lat'>1.</span> <span class='ocrx_word' id='word_1_393' title='bbox 1053 1202 1106 1230; x_wconf 81' lang='lat'>29.</span> <span class='ocrx_word' id='word_1_394' title='bbox 1151 1199 1251 1230; x_wconf 78' lang='lat' dir='ltr'>Adde</span> <span class='ocrx_word' id='word_1_395' title='bbox 1280 1201 1319 1230; x_wconf 86' lang='lat' dir='ltr'>B.</span> <span class='ocrx_word' id='word_1_396' title='bbox 1351 1199 1424 1230; x_wconf 89' lang='lat' dir='ltr'>Civ.</span> <span class='ocrx_word' id='word_1_397' title='bbox 1446 1207 1486 1229; x_wconf 86' lang='grc' dir='ltr'>ιι.</span> <span class='ocrx_word' id='word_1_398' title='bbox 1516 1201 1569 1231; x_wconf 80' lang='lat'>39.</span> 
     </span>
     <span class='ocr_line' id='line_1_74' title="bbox 859 1248 1568 1290; baseline 0.001 -11"><span class='ocrx_word' id='word_1_399' title='bbox 859 1249 869 1265; x_wconf 86' lang='lat'>‘</span> <span class='ocrx_word' id='word_1_400' title='bbox 889 1249 941 1279; x_wconf 64' lang='lat' dir='ltr'>Ne</span> <span class='ocrx_word' id='word_1_401' title='bbox 969 1248 1039 1280; x_wconf 77' lang='lat' dir='ltr'>liaec</span> <span class='ocrx_word' id='word_1_402' title='bbox 1067 1249 1204 1290; x_wconf 88' lang='lat' dir='ltr'>quidem</span> <span class='ocrx_word' id='word_1_403' title='bbox 1235 1259 1289 1281; x_wconf 89' lang='lat' dir='ltr'>res</span> <span class='ocrx_word' id='word_1_404' title='bbox 1317 1250 1498 1282; x_wconf 79' lang='lat' dir='ltr'>Cuiionem</span> <span class='ocrx_word' id='word_1_405' title='bbox 1525 1249 1568 1280; x_wconf 86' lang='lat' dir='ltr'>ad</span> 
     </span>
     <span class='ocr_line' id='line_1_75' title="bbox 862 1299 1196 1339; baseline 0.003 -10"><span class='ocrx_word' id='word_1_406' title='bbox 862 1309 956 1339; x_wconf 84' lang='lat' dir='ltr'>spem</span> <span class='ocrx_word' id='word_1_407' title='bbox 974 1299 1196 1330; x_wconf 57' lang='lat' dir='ltr'>morabatur)</span> 
     </span>
    </p>

    <p class='ocr_par' dir='ltr' id='par_1_8' title="bbox 863 1348 1576 2790">
     <span class='ocr_line' id='line_1_76' title="bbox 907 1348 1569 1390; baseline 0.003 -11"><span class='ocrx_word' id='word_1_408' title='bbox 907 1351 951 1379; x_wconf 87' lang='lat'>10.</span> <span class='ocrx_word' id='word_1_409' title='bbox 963 1348 1062 1379; x_wconf 72' lang='lat' dir='ltr'>Brevi</span> <span class='ocrx_word' id='word_1_410' title='bbox 1078 1353 1214 1390; x_wconf 84' lang='lat' dir='ltr'>tempore</span> <span class='ocrx_word' id='word_1_411' title='bbox 1228 1349 1356 1390; x_wconf 70' lang='lat' dir='ltr'>sarciri]</span> <span class='ocrx_word' id='word_1_412' title='bbox 1381 1349 1506 1381; x_wconf 64' lang='lat' dir='ltr'>Sar-cire</span> <span class='ocrx_word' id='word_1_413' title='bbox 1517 1355 1569 1381; x_wconf 85' lang='lat' dir='ltr'>est</span> 
     </span>
     <span class='ocr_line' id='line_1_77' title="bbox 863 1399 1571 1440; baseline 0.004 -12"><span class='ocrx_word' id='word_1_414' title='bbox 863 1399 1032 1439; x_wconf 85' lang='lat' dir='ltr'>integrum</span> <span class='ocrx_word' id='word_1_415' title='bbox 1049 1404 1228 1439; x_wconf 79' lang='lat' dir='ltr'>praestare.</span> <span class='ocrx_word' id='word_1_416' title='bbox 1265 1401 1340 1430; x_wconf 86' lang='lat' dir='ltr'>Vox</span> <span class='ocrx_word' id='word_1_417' title='bbox 1353 1401 1452 1440; x_wconf 83' lang='lat' dir='ltr'>juris.</span> <span class='ocrx_word' id='word_1_418' title='bbox 1493 1400 1571 1431; x_wconf 87' lang='lat' dir='ltr'>Fes-</span> 
     </span>
     <span class='ocr_line' id='line_1_78' title="bbox 863 1449 1570 1490; baseline 0.001 -10"><span class='ocrx_word' id='word_1_419' title='bbox 863 1454 939 1480; x_wconf 86' lang='lat' dir='ltr'>tus:</span> <span class='ocrx_word' id='word_1_420' title='bbox 965 1453 973 1464; x_wconf 74' lang='lat'>⁸</span> <span class='ocrx_word' id='word_1_421' title='bbox 990 1449 1122 1481; x_wconf 64' lang='lat' dir='ltr'>San-cito</span> <span class='ocrx_word' id='word_1_422' title='bbox 1138 1450 1171 1480; x_wconf 92' lang='lat' dir='ltr'>in</span> <span class='ocrx_word' id='word_1_423' title='bbox 1189 1459 1242 1480; x_wconf 81' lang='lat' dir='ltr'>xix</span> <span class='ocrx_word' id='word_1_424' title='bbox 1255 1450 1388 1480; x_wconf 75' lang='lat' dir='ltr'>Servius</span> <span class='ocrx_word' id='word_1_425' title='bbox 1402 1450 1570 1490; x_wconf 82' lang='lat' dir='ltr'>Sulpitius</span> 
     </span>
     <span class='ocr_line' id='line_1_79' title="bbox 864 1499 1570 1540; baseline 0.001 -10"><span class='ocrx_word' id='word_1_426' title='bbox 864 1500 912 1530; x_wconf 87' lang='lat' dir='ltr'>ait</span> <span class='ocrx_word' id='word_1_427' title='bbox 928 1499 1120 1539; x_wconf 81' lang='lat' dir='ltr'>significare</span> <span class='ocrx_word' id='word_1_428' title='bbox 1142 1501 1299 1531; x_wconf 86' lang='lat' dir='ltr'>damnum</span> <span class='ocrx_word' id='word_1_429' title='bbox 1323 1501 1459 1539; x_wconf 83' lang='lat' dir='ltr'>solvito,</span> <span class='ocrx_word' id='word_1_430' title='bbox 1483 1510 1570 1540; x_wconf 76' lang='lat' dir='ltr'>prze-</span> 
     </span>
     <span class='ocr_line' id='line_1_80' title="bbox 865 1551 1571 1591; baseline 0.004 -12"><span class='ocrx_word' id='word_1_431' title='bbox 865 1551 973 1581; x_wconf 85' lang='lat' dir='ltr'>stato.’</span> <span class='ocrx_word' id='word_1_432' title='bbox 1019 1551 1118 1582; x_wconf 87' lang='lat' dir='ltr'>Unde</span> <span class='ocrx_word' id='word_1_433' title='bbox 1139 1554 1242 1581; x_wconf 80' lang='lat' dir='ltr'>sartus</span> <span class='ocrx_word' id='word_1_434' title='bbox 1268 1560 1330 1591; x_wconf 89' lang='lat' dir='ltr'>pro</span> <span class='ocrx_word' id='word_1_435' title='bbox 1353 1551 1506 1591; x_wconf 82' lang='lat' dir='ltr'>integer:</span> <span class='ocrx_word' id='word_1_436' title='bbox 1535 1555 1571 1582; x_wconf 85' lang='lat' dir='ltr'>et</span> 
     </span>
     <span class='ocr_line' id='line_1_81' title="bbox 863 1599 1570 1640; baseline 0.001 -11"><span class='ocrx_word' id='word_1_437' title='bbox 863 1599 941 1630; x_wconf 82' lang='lat' dir='ltr'>hinc</span> <span class='ocrx_word' id='word_1_438' title='bbox 969 1600 1125 1640; x_wconf 82' lang='lat' dir='ltr'>formula,</span> <span class='ocrx_word' id='word_1_439' title='bbox 1148 1600 1269 1631; x_wconf 77' lang='lat' dir='ltr'><strong>SARTA</strong></span> <span class='ocrx_word' id='word_1_440' title='bbox 1296 1609 1410 1631; x_wconf 75' lang='lat' dir='ltr'><strong>TECTA</strong></span> <span class='ocrx_word' id='word_1_441' title='bbox 1437 1610 1570 1631; x_wconf 87' lang='lat' dir='ltr'>conser-</span> 
     </span>
     <span class='ocr_line' id='line_1_82' title="bbox 864 1649 1570 1690; baseline 0.004 -11"><span class='ocrx_word' id='word_1_442' title='bbox 864 1659 956 1680; x_wconf 79' lang='lat' dir='ltr'>vare.</span> <span class='ocrx_word' id='word_1_443' title='bbox 988 1650 1120 1681; x_wconf 74' lang='lat' dir='ltr'>Vossius.</span> <span class='ocrx_word' id='word_1_444' title='bbox 1146 1649 1326 1690; x_wconf 81' lang='lat' dir='ltr'>Reparari.</span> <span class='ocrx_word' id='word_1_445' title='bbox 1351 1650 1473 1681; x_wconf 84' lang='lat' dir='ltr'>Festus</span> <span class='ocrx_word' id='word_1_446' title='bbox 1487 1659 1570 1682; x_wconf 82' lang='lat' dir='ltr'>voce</span> 
     </span>
     <span class='ocr_line' id='line_1_83' title="bbox 864 1698 1570 1740; baseline 0.001 -10"><span class='ocrx_word' id='word_1_447' title='bbox 864 1704 971 1732; x_wconf 81' lang='lat' dir='ltr'>sarte:</span> <span class='ocrx_word' id='word_1_448' title='bbox 1014 1701 1148 1732; x_wconf 82' lang='lat' dir='ltr'>Sarcire</span> <span class='ocrx_word' id='word_1_449' title='bbox 1185 1704 1229 1731; x_wconf 78' lang='lat' dir='ltr'>est</span> <span class='ocrx_word' id='word_1_450' title='bbox 1264 1702 1422 1740; x_wconf 80' lang='lat' dir='ltr'>integrum</span> <span class='ocrx_word' id='word_1_451' title='bbox 1448 1698 1570 1738; x_wconf 68' lang='lat' dir='ltr'>fucere.</span> 
     </span>
     <span class='ocr_line' id='line_1_84' title="bbox 865 1751 1569 1783; baseline 0 -1"><span class='ocrx_word' id='word_1_452' title='bbox 865 1752 998 1783; x_wconf 82' lang='lat' dir='ltr'>Eodem</span> <span class='ocrx_word' id='word_1_453' title='bbox 1022 1761 1122 1783; x_wconf 80' lang='lat' dir='ltr'>sensu</span> <span class='ocrx_word' id='word_1_454' title='bbox 1145 1751 1299 1782; x_wconf 86' lang='lat' dir='ltr'>adhibuit</span> <span class='ocrx_word' id='word_1_455' title='bbox 1323 1757 1439 1783; x_wconf 85' lang='lat' dir='ltr'>noster</span> <span class='ocrx_word' id='word_1_456' title='bbox 1464 1752 1505 1783; x_wconf 92' lang='lat' dir='ltr'>B.</span> <span class='ocrx_word' id='word_1_457' title='bbox 1530 1752 1569 1783; x_wconf 92' lang='lat' dir='ltr'>C.</span> 
     </span>
     <span class='ocr_line' id='line_1_85' title="bbox 866 1802 1572 1833; baseline 0.001 -2"><span class='ocrx_word' id='word_1_458' title='bbox 866 1810 890 1831; x_wconf 96' lang='lat'>1.</span> <span class='ocrx_word' id='word_1_459' title='bbox 924 1805 975 1832; x_wconf 77' lang='grc'>44.</span> <span class='ocrx_word' id='word_1_460' title='bbox 1019 1803 1028 1819; x_wconf 82' lang='lat'><em>⁴</em></span> <span class='ocrx_word' id='word_1_461' title='bbox 1048 1803 1138 1833; x_wconf 87' lang='lat' dir='ltr'>Dum</span> <span class='ocrx_word' id='word_1_462' title='bbox 1176 1802 1292 1832; x_wconf 76' lang='lat' dir='ltr'>sarcire</span> <span class='ocrx_word' id='word_1_463' title='bbox 1329 1802 1572 1833; x_wconf 81' lang='lat' dir='ltr'>detrimentum</span> 
     </span>
     <span class='ocr_line' id='line_1_86' title="bbox 866 1851 1573 1883; baseline 0.001 -2"><span class='ocrx_word' id='word_1_464' title='bbox 866 1851 1008 1882; x_wconf 62' lang='lat' dir='ltr'>volunt!</span> <span class='ocrx_word' id='word_1_465' title='bbox 1036 1851 1125 1882; x_wconf 74' lang='lat' dir='ltr'>Vide</span> <span class='ocrx_word' id='word_1_466' title='bbox 1142 1856 1178 1882; x_wconf 86' lang='lat' dir='ltr'>et</span> <span class='ocrx_word' id='word_1_467' title='bbox 1194 1852 1234 1883; x_wconf 90' lang='grc' dir='ltr'>Β.</span> <span class='ocrx_word' id='word_1_468' title='bbox 1251 1852 1289 1883; x_wconf 88' lang='lat' dir='ltr'>C.</span> <span class='ocrx_word' id='word_1_469' title='bbox 1306 1861 1360 1882; x_wconf 82' lang='lat'>111.</span> <span class='ocrx_word' id='word_1_470' title='bbox 1372 1854 1424 1882; x_wconf 80' lang='grc'>67.</span> <span class='ocrx_word' id='word_1_471' title='bbox 1462 1851 1573 1882; x_wconf 87' lang='lat' dir='ltr'>Meta·</span> 
     </span>
     <span class='ocr_line' id='line_1_87' title="bbox 867 1901 1573 1942; baseline 0.003 -12"><span class='ocrx_word' id='word_1_472' title='bbox 867 1901 975 1941; x_wconf 88' lang='lat' dir='ltr'>phora</span> <span class='ocrx_word' id='word_1_473' title='bbox 1003 1906 1115 1932; x_wconf 87' lang='lat' dir='ltr'>sumta</span> <span class='ocrx_word' id='word_1_474' title='bbox 1138 1906 1190 1932; x_wconf 90' lang='lat' dir='ltr'>est</span> <span class='ocrx_word' id='word_1_475' title='bbox 1215 1901 1257 1931; x_wconf 87' lang='lat' dir='ltr'>ab</span> <span class='ocrx_word' id='word_1_476' title='bbox 1285 1901 1336 1938; x_wconf 86' lang='lat' dir='ltr'>iis,</span> <span class='ocrx_word' id='word_1_477' title='bbox 1359 1901 1416 1942; x_wconf 91' lang='lat' dir='ltr'>qui</span> <span class='ocrx_word' id='word_1_478' title='bbox 1441 1902 1573 1932; x_wconf 81' lang='lat' dir='ltr'>laceras</span> 
     </span>
     <span class='ocr_line' id='line_1_88' title="bbox 865 1951 1574 1983; baseline 0.001 -2"><span class='ocrx_word' id='word_1_479' title='bbox 865 1956 978 1982; x_wconf 77' lang='lat' dir='ltr'>vestes</span> <span class='ocrx_word' id='word_1_480' title='bbox 995 1951 1163 1983; x_wconf 82' lang='lat' dir='ltr'>rcficiuut.</span> <span class='ocrx_word' id='word_1_481' title='bbox 1185 1951 1297 1982; x_wconf 77' lang='lat' dir='ltr'>Dat-is.</span> <span class='ocrx_word' id='word_1_482' title='bbox 1322 1952 1493 1983; x_wconf 78' lang='lat' dir='ltr'>Resarciri.</span> <span class='ocrx_word' id='word_1_483' title='bbox 1518 1952 1574 1983; x_wconf 88' lang='lat' dir='ltr'>Sic</span> 
     </span>
     <span class='ocr_line' id='line_1_89' title="bbox 867 2001 1574 2041; baseline 0.001 -10"><span class='ocrx_word' id='word_1_484' title='bbox 867 2002 955 2032; x_wconf 82' lang='lat' dir='ltr'>Mss.</span> <span class='ocrx_word' id='word_1_485' title='bbox 971 2002 1053 2041; x_wconf 84' lang='lat' dir='ltr'>Reg.</span> <span class='ocrx_word' id='word_1_486' title='bbox 1077 2001 1204 2032; x_wconf 90' lang='lat' dir='ltr'>Eliens.</span> <span class='ocrx_word' id='word_1_487' title='bbox 1233 2007 1270 2032; x_wconf 87' lang='lat' dir='ltr'>et</span> <span class='ocrx_word' id='word_1_488' title='bbox 1290 2001 1412 2040; x_wconf 70' lang='lat' dir='ltr'>Vossst,</span> <span class='ocrx_word' id='word_1_489' title='bbox 1427 2006 1462 2032; x_wconf 90' lang='lat' dir='ltr'>et</span> <span class='ocrx_word' id='word_1_490' title='bbox 1478 2001 1574 2033; x_wconf 89' lang='lat' dir='ltr'>Edit.</span> 
     </span>
     <span class='ocr_line' id='line_1_90' title="bbox 867 2051 1573 2083; baseline 0 0"><span class='ocrx_word' id='word_1_491' title='bbox 867 2053 965 2083; x_wconf 87' lang='lat' dir='ltr'>Rom.</span> <span class='ocrx_word' id='word_1_492' title='bbox 991 2051 1047 2083; x_wconf 85' lang='lat' dir='ltr'>Al.</span> <span class='ocrx_word' id='word_1_493' title='bbox 1072 2052 1195 2083; x_wconf 83' lang='lat' dir='ltr'>sarciri.</span> <span class='ocrx_word' id='word_1_494' title='bbox 1236 2052 1342 2082; x_wconf 78' lang='lat' dir='ltr'>Clark.</span> <span class='ocrx_word' id='word_1_495' title='bbox 1379 2051 1416 2083; x_wconf 91' lang='lat' dir='ltr'>Si</span> <span class='ocrx_word' id='word_1_496' title='bbox 1444 2051 1573 2083; x_wconf 84' lang='lat' dir='ltr'>Oxoni-</span> 
     </span>
     <span class='ocr_line' id='line_1_91' title="bbox 867 2101 1574 2143; baseline 0 -10"><span class='ocrx_word' id='word_1_497' title='bbox 867 2111 996 2141; x_wconf 84' lang='lat' dir='ltr'>ensem,</span> <span class='ocrx_word' id='word_1_498' title='bbox 1018 2101 1131 2133; x_wconf 85' lang='lat' dir='ltr'>forsan</span> <span class='ocrx_word' id='word_1_499' title='bbox 1157 2106 1193 2133; x_wconf 86' lang='lat' dir='ltr'>et</span> <span class='ocrx_word' id='word_1_500' title='bbox 1216 2101 1388 2133; x_wconf 87' lang='lat' dir='ltr'>Andinum</span> <span class='ocrx_word' id='word_1_501' title='bbox 1410 2102 1574 2143; x_wconf 83' lang='lat' dir='ltr'>excipias,</span> 
     </span>
     <span class='ocr_line' id='line_1_92' title="bbox 868 2152 1573 2184; baseline 0.001 -2"><span class='ocrx_word' id='word_1_502' title='bbox 868 2152 995 2183; x_wconf 74' lang='lat' dir='ltr'>liabent</span> <span class='ocrx_word' id='word_1_503' title='bbox 1010 2153 1094 2183; x_wconf 83' lang='lat' dir='ltr'>Mss.</span> <span class='ocrx_word' id='word_1_504' title='bbox 1113 2152 1180 2183; x_wconf 78' lang='lat' dir='ltr'>mei</span> <span class='ocrx_word' id='word_1_505' title='bbox 1203 2161 1320 2183; x_wconf 85' lang='lat' dir='ltr'>onmes</span> <span class='ocrx_word' id='word_1_506' title='bbox 1344 2162 1418 2183; x_wconf 85' lang='lat' dir='ltr'>cum</span> <span class='ocrx_word' id='word_1_507' title='bbox 1436 2153 1573 2184; x_wconf 81' lang='lat' dir='ltr'>Carrar.</span> 
     </span>
     <span class='ocr_line' id='line_1_93' title="bbox 869 2190 1575 2243; baseline 0 -10"><span class='ocrx_word' id='word_1_508' title='bbox 869 2213 908 2234; x_wconf 83' lang='lat' dir='ltr'>ac</span> <span class='ocrx_word' id='word_1_509' title='bbox 933 2203 1044 2233; x_wconf 85' lang='lat' dir='ltr'>Pulm.</span> <span class='ocrx_word' id='word_1_510' title='bbox 1069 2203 1254 2243; x_wconf 81' lang='lat' dir='ltr'>Excerptis</span> <span class='ocrx_word' id='word_1_511' title='bbox 1276 2208 1312 2234; x_wconf 86' lang='lat' dir='ltr'>et</span> <span class='ocrx_word' id='word_1_512' title='bbox 1324 2190 1417 2234; x_wconf 62' lang='lat' dir='ltr'>xEdd.</span> <span class='ocrx_word' id='word_1_513' title='bbox 1442 2202 1575 2243; x_wconf 79' lang='lat' dir='ltr'>primis,</span> 
     </span>
     <span class='ocr_line' id='line_1_94' title="bbox 867 2253 1573 2293; baseline -0.001 -9"><span class='ocrx_word' id='word_1_514' title='bbox 867 2254 1023 2284; x_wconf 77' lang='lat' dir='ltr'>resarciri.</span> <span class='ocrx_word' id='word_1_515' title='bbox 1059 2253 1159 2284; x_wconf 87' lang='lat' dir='ltr'>Unde</span> <span class='ocrx_word' id='word_1_516' title='bbox 1175 2263 1208 2284; x_wconf 83' lang='lat' dir='ltr'>re</span> <span class='ocrx_word' id='word_1_517' title='bbox 1222 2253 1390 2284; x_wconf 82' lang='lat' dir='ltr'>excidisse</span> <span class='ocrx_word' id='word_1_518' title='bbox 1403 2253 1515 2293; x_wconf 91' lang='lat' dir='ltr'>potuit</span> <span class='ocrx_word' id='word_1_519' title='bbox 1530 2253 1573 2283; x_wconf 92' lang='lat' dir='ltr'>ob</span> 
     </span>
     <span class='ocr_line' id='line_1_95' title="bbox 869 2304 1574 2345; baseline -0.003 -9"><span class='ocrx_word' id='word_1_520' title='bbox 869 2305 1066 2345; x_wconf 84' lang='lat' dir='ltr'>praecedens</span> <span class='ocrx_word' id='word_1_521' title='bbox 1095 2308 1240 2345; x_wconf 76' lang='lat' dir='ltr'>tempore,</span> <span class='ocrx_word' id='word_1_522' title='bbox 1268 2310 1371 2345; x_wconf 89' lang='lat' dir='ltr'>atque</span> <span class='ocrx_word' id='word_1_523' title='bbox 1397 2304 1447 2335; x_wconf 82' lang='lat' dir='ltr'>ita</span> <span class='ocrx_word' id='word_1_524' title='bbox 1487 2304 1574 2335; x_wconf 86' lang='lat' dir='ltr'>Mss.</span> 
     </span>
     <span class='ocr_line' id='line_1_96' title="bbox 869 2356 1573 2396; baseline -0.001 -9"><span class='ocrx_word' id='word_1_525' title='bbox 869 2356 1006 2396; x_wconf 82' lang='lat' dir='ltr'>quidam</span> <span class='ocrx_word' id='word_1_526' title='bbox 1023 2357 1064 2388; x_wconf 91' lang='lat' dir='ltr'>B.</span> <span class='ocrx_word' id='word_1_527' title='bbox 1082 2357 1119 2388; x_wconf 95' lang='lat' dir='ltr'>C.</span> <span class='ocrx_word' id='word_1_528' title='bbox 1136 2366 1191 2388; x_wconf 86' lang='lat'>111.</span> <span class='ocrx_word' id='word_1_529' title='bbox 1209 2360 1249 2387; x_wconf 83' lang='grc'>67</span> <span class='ocrx_word' id='word_1_530' title='bbox 1264 2368 1271 2387; x_wconf 91' lang='lat'>:</span> <span class='ocrx_word' id='word_1_531' title='bbox 1296 2357 1354 2387; x_wconf 86' lang='lat' dir='ltr'>sed</span> <span class='ocrx_word' id='word_1_532' title='bbox 1376 2356 1495 2387; x_wconf 77' lang='lat' dir='ltr'>sarcire</span> <span class='ocrx_word' id='word_1_533' title='bbox 1512 2365 1573 2396; x_wconf 87' lang='lat' dir='ltr'>pro</span> 
     </span>
     <span class='ocr_line' id='line_1_97' title="bbox 869 2407 1575 2446; baseline 0 -10"><span class='ocrx_word' id='word_1_534' title='bbox 869 2407 1017 2438; x_wconf 79' lang='lat' dir='ltr'>resarcire</span> <span class='ocrx_word' id='word_1_535' title='bbox 1044 2408 1167 2446; x_wconf 80' lang='grc' dir='ltr'><strong>(ἰαηιηα,</strong></span> <span class='ocrx_word' id='word_1_536' title='bbox 1194 2416 1272 2437; x_wconf 82' lang='lat' dir='ltr'>usus</span> <span class='ocrx_word' id='word_1_537' title='bbox 1305 2407 1407 2438; x_wconf 79' lang='lat' dir='ltr'>etiam</span> <span class='ocrx_word' id='word_1_538' title='bbox 1437 2411 1491 2438; x_wconf 86' lang='lat' dir='ltr'>est</span> <span class='ocrx_word' id='word_1_539' title='bbox 1521 2407 1575 2437; x_wconf 88' lang='lat' dir='ltr'>Ci-</span> 
     </span>
     <span class='ocr_line' id='line_1_98' title="bbox 869 2457 1575 2498; baseline -0.001 -10"><span class='ocrx_word' id='word_1_540' title='bbox 869 2467 947 2488; x_wconf 73' lang='lat' dir='ltr'>cero</span> <span class='ocrx_word' id='word_1_541' title='bbox 963 2457 1005 2488; x_wconf 83' lang='lat' dir='ltr'>ad</span> <span class='ocrx_word' id='word_1_542' title='bbox 1020 2459 1112 2489; x_wconf 84' lang='lat' dir='ltr'>Fam.</span> <span class='ocrx_word' id='word_1_543' title='bbox 1129 2459 1195 2498; x_wconf 89' lang='lat' dir='ltr'>Ep.</span> <span class='ocrx_word' id='word_1_544' title='bbox 1211 2466 1236 2488; x_wconf 85' lang='lat'>1.</span> <span class='ocrx_word' id='word_1_545' title='bbox 1253 2460 1284 2488; x_wconf 83' lang='lat'>9.</span> <span class='ocrx_word' id='word_1_546' title='bbox 1300 2468 1307 2488; x_wconf 89' lang='lat'>:</span> <span class='ocrx_word' id='word_1_547' title='bbox 1332 2462 1371 2488; x_wconf 89' lang='lat' dir='ltr'>nt</span> <span class='ocrx_word' id='word_1_548' title='bbox 1387 2467 1406 2488; x_wconf 81' lang='lat' dir='ltr'>e</span> <span class='ocrx_word' id='word_1_549' title='bbox 1427 2458 1510 2488; x_wconf 81' lang='lat' dir='ltr'>Mss.</span> <span class='ocrx_word' id='word_1_550' title='bbox 1528 2457 1575 2487; x_wconf 87' lang='lat' dir='ltr'>lc-</span> 
     </span>
     <span class='ocr_line' id='line_1_99' title="bbox 870 2507 1575 2546; baseline -0.003 -9"><span class='ocrx_word' id='word_1_551' title='bbox 870 2512 954 2546; x_wconf 85' lang='lat' dir='ltr'>gunt</span> <span class='ocrx_word' id='word_1_552' title='bbox 979 2508 1042 2538; x_wconf 86' lang='lat' dir='ltr'>viri</span> <span class='ocrx_word' id='word_1_553' title='bbox 1069 2508 1188 2546; x_wconf 82' lang='lat' dir='ltr'>doc1i;</span> <span class='ocrx_word' id='word_1_554' title='bbox 1221 2517 1295 2538; x_wconf 79' lang='lat' dir='ltr'>naui</span> <span class='ocrx_word' id='word_1_555' title='bbox 1325 2508 1404 2538; x_wconf 87' lang='lat' dir='ltr'>olim</span> <span class='ocrx_word' id='word_1_556' title='bbox 1428 2507 1475 2537; x_wconf 87' lang='lat' dir='ltr'>ibi</span> <span class='ocrx_word' id='word_1_557' title='bbox 1499 2511 1575 2537; x_wconf 87' lang='lat' dir='ltr'>erat</span> 
     </span>
     <span class='ocr_line' id='line_1_100' title="bbox 869 2557 1574 2594; baseline -0.003 -8"><span class='ocrx_word' id='word_1_558' title='bbox 869 2557 1038 2594; x_wconf 76' lang='lat' dir='ltr'>resarcire;</span> <span class='ocrx_word' id='word_1_559' title='bbox 1061 2563 1097 2588; x_wconf 88' lang='lat' dir='ltr'>et</span> <span class='ocrx_word' id='word_1_560' title='bbox 1113 2557 1244 2589; x_wconf 90' lang='lat' dir='ltr'>Colum.</span> <span class='ocrx_word' id='word_1_561' title='bbox 1271 2565 1320 2587; x_wconf 78' lang='lat' dir='ltr'>ix.</span> <span class='ocrx_word' id='word_1_562' title='bbox 1349 2560 1399 2587; x_wconf 84' lang='lat'>15.</span> <span class='ocrx_word' id='word_1_563' title='bbox 1445 2557 1574 2587; x_wconf 68' lang='lat' dir='ltr'>Noster</span> 
     </span>
     <span class='ocr_line' id='line_1_101' title="bbox 872 2607 1574 2648; baseline -0.006 -11"><span class='ocrx_word' id='word_1_564' title='bbox 872 2616 1006 2648; x_wconf 88' lang='lat' dir='ltr'>quoque</span> <span class='ocrx_word' id='word_1_565' title='bbox 1021 2607 1062 2638; x_wconf 85' lang='grc' dir='ltr'>Β.</span> <span class='ocrx_word' id='word_1_566' title='bbox 1079 2608 1117 2640; x_wconf 91' lang='lat' dir='ltr'>C.</span> <span class='ocrx_word' id='word_1_567' title='bbox 1137 2616 1192 2639; x_wconf 85' lang='grc' dir='ltr'><strong>ιιι.</strong></span> <span class='ocrx_word' id='word_1_568' title='bbox 1216 2610 1268 2638; x_wconf 83' lang='grc'>71.</span> <span class='ocrx_word' id='word_1_569' title='bbox 1306 2612 1314 2623; x_wconf 82' lang='grc'><em>·</em></span> <span class='ocrx_word' id='word_1_570' title='bbox 1331 2607 1377 2637; x_wconf 85' lang='lat' dir='ltr'>Ut</span> <span class='ocrx_word' id='word_1_571' title='bbox 1395 2610 1574 2644; x_wconf 83' lang='lat' dir='ltr'>acceptum</span> 
     </span>
     <span class='ocr_line' id='line_1_102' title="bbox 873 2654 1576 2690; baseline -0.003 -3"><span class='ocrx_word' id='word_1_572' title='bbox 873 2656 1119 2690; x_wconf 86' lang='lat' dir='ltr'>incommodum</span> <span class='ocrx_word' id='word_1_573' title='bbox 1130 2659 1257 2689; x_wconf 85' lang='lat' dir='ltr'>virtute</span> <span class='ocrx_word' id='word_1_574' title='bbox 1267 2654 1471 2687; x_wconf 60' lang='lat' dir='ltr'>sarciretur!</span> <span class='ocrx_word' id='word_1_575' title='bbox 1483 2663 1513 2685; x_wconf 88' lang='lat' dir='ltr'>c.</span> <span class='ocrx_word' id='word_1_576' title='bbox 1522 2656 1576 2685; x_wconf 72' lang='lat'>74.</span> 
     </span>
     <span class='ocr_line' id='line_1_103' title="bbox 872 2706 1575 2747; baseline -0.006 -8"><span class='ocrx_word' id='word_1_577' title='bbox 872 2708 881 2724; x_wconf 90' lang='lat'>‘</span> <span class='ocrx_word' id='word_1_578' title='bbox 897 2707 1045 2740; x_wconf 88' lang='lat' dir='ltr'>infamiae</span> <span class='ocrx_word' id='word_1_579' title='bbox 1061 2707 1273 2741; x_wconf 64' lang='lat' dir='ltr'>sarciendae)</span> <span class='ocrx_word' id='word_1_580' title='bbox 1312 2707 1416 2747; x_wconf 86' lang='lat' dir='ltr'>Apul.</span> <span class='ocrx_word' id='word_1_581' title='bbox 1433 2706 1519 2736; x_wconf 87' lang='lat' dir='ltr'>Met.</span> <span class='ocrx_word' id='word_1_582' title='bbox 1534 2713 1575 2736; x_wconf 87' lang='grc' dir='ltr'>ιι.</span> 
     </span>
     <span class='ocr_line' id='line_1_104' title="bbox 872 2755 1576 2790; baseline -0.003 0"><span class='ocrx_word' id='word_1_583' title='bbox 872 2759 926 2790; x_wconf 81' lang='grc'>35.</span> <span class='ocrx_word' id='word_1_584' title='bbox 948 2759 1008 2790; x_wconf 90' lang='lat' dir='ltr'>‘id</span> <span class='ocrx_word' id='word_1_585' title='bbox 1026 2769 1125 2790; x_wconf 81' lang='lat' dir='ltr'>omne</span> <span class='ocrx_word' id='word_1_586' title='bbox 1148 2759 1192 2789; x_wconf 82' lang='lat' dir='ltr'>de</span> <span class='ocrx_word' id='word_1_587' title='bbox 1215 2757 1303 2789; x_wconf 77' lang='lat' dir='ltr'>facie</span> <span class='ocrx_word' id='word_1_588' title='bbox 1325 2767 1384 2788; x_wconf 78' lang='lat' dir='ltr'>sua</span> <span class='ocrx_word' id='word_1_589' title='bbox 1403 2755 1576 2788; x_wconf 83' lang='lat' dir='ltr'>defectum</span> 
     </span>
    </p>
   </div>
   <div class='ocr_carea' id='block_1_6' title="bbox 797 2810 1490 2841">
    <p class='ocr_par' dir='ltr' id='par_1_9' title="bbox 797 2810 1490 2841">
     <span class='ocr_line' id='line_1_105' title="bbox 797 2810 1490 2841; baseline -0.001 0"><span class='ocrx_word' id='word_1_590' title='bbox 797 2811 904 2841; x_wconf 78' lang='lat' dir='ltr'>Coesar</span> <span class='ocrx_word' id='word_1_591' title='bbox 1426 2812 1446 2840; x_wconf 71' lang='lat'><em>4</em></span> <span class='ocrx_word' id='word_1_592' title='bbox 1463 2810 1490 2841; x_wconf 93' lang='lat' dir='ltr'>C</span> 
     </span>
    </p>
   </div>
  </div>
 </body>
</html>
