1818 3131
291 253 385 282 mn.
423 252 527 281 mi.
559 250 666 279 cAr.
698 241 768 279 54.
804 251 865 279 nn
900 251 1054 280 nunno
1086 251 1314 281 «mimico.

92 355 167 387 qua*
196 344 226 375 ei
251 343 315 376 fuit
340 354 414 375 cnm
441 343 685 379 antecedent‹·.;
711 342 789 373 dein

86 396 167 435 petit
203 400 238 426 et
259 396 342 425 dedit
370 393 469 425 facile
495 404 513 425 a
540 393 699 425 Librariis
714 402 792 423 con-

89 445 177 476 fusa.
205 445 318 476 Davis.
359 445 533 476 Provincia:
559 444 703 482 caesaris,
726 446 791 474 tun-

89 505 181 535 quam
210 505 249 526 es·
273 504 297 525 s.
324 505 355 525 π.
381 495 477 525 dedit.
534 493 652 524 Codex
678 494 791 524 Ursini

89 545 194 575 habet
211 544 391 582 Confectum
414 554 453 574 etc
479 544 598 575 delectu
623 544 793 584 provincioe

91 594 246 631 caesaris,
263 594 293 624 ei
309 597 454 633 tanquam
474 603 513 624 ex
533 604 586 624 suo
601 604 725 625 numero
740 596 792 625 de-

89 642 150 674 dit.
196 643 265 674 Alii
295 653 411 674 omnes
440 643 523 674 Mss.
541 651 573 673 et
592 643 684 675 Editi
711 643 791 682 conf.

89 702 130 724 ex
145 693 202 724 del.
227 694 404 733 provinciae,
428 694 553 725 Caesari
579 704 651 725 eam
670 697 694 724 t.
711 704 750 725 ex
765 704 790 725 ε.

89 753 122 774 π.
138 744 234 774 dedit.
266 744 385 774 Lectio
399 743 578 774 manifesto
593 744 789 784 depravata.

88 793 156 824 Sed
197 795 329 825 Davisii
364 795 548 826 mutatione
581 795 661 825 nihil
698 803 792 834 opus.

91 844 217 875 Sensus
231 845 320 875 enim
335 845 534 876 manifestus
551 850 614 884 est,
626 849 648 876 t.
662 855 701 875 ex
716 855 741 876 s.
760 855 790 876 n.

91 894 188 933 dedit,
215 895 348 925 scilieet
365 894 407 925 nd
434 894 634 926 Parthicum
657 895 794 925 bellum.

91 943 204 975 Quare
220 944 282 974 lioc
300 945 400 975 modo
414 944 521 975 edidi:
539 945 617 981 cons.
632 954 670 975 ex
682 946 711 976 d.
725 956 795 985 pro-

90 993 203 1024 rincioe
230 994 387 1033 capsaris,
412 998 496 1035 tanq.
525 1004 565 1025 ea:
590 1006 616 1026 s.
642 1005 672 1025 n.
694 996 793 1034 dedit,

91 1043 216 1074 omissa
243 1045 451 1075 solummodo
479 1054 561 1075 voce
585 1045 613 1075 ei
639 1045 691 1074 vel
714 1055 793 1084 eam,

93 1103 168 1134 quae
195 1095 399 1124 sententiani
427 1094 543 1125 turbat
570 1104 728 1134 prorsus;
759 1100 794 1126 et

93 1141 273 1174 manifesto
290 1148 365 1174 orta
391 1147 456 1181 est,
483 1143 574 1183 prior
597 1153 639 1174 ex
656 1153 794 1183 corrup-

92 1193 184 1223 tione
214 1193 342 1224 ultimae
369 1193 507 1234 syllabae
537 1194 628 1224 vocis
667 1203 794 1233 praeee-

92 1243 204 1274 dentis
226 1244 371 1283 Caesaris,
395 1243 566 1284 posterior
592 1253 634 1274 ex
656 1253 795 1284 corrup-

93 1293 186 1325 tione
213 1294 329 1334 primae
355 1294 493 1335 syllaba*
512 1294 601 1326 vocis
621 1295 794 1334 sequentis

93 1346 247 1384 tanquam.
289 1344 397 1375 Clark.
448 1345 543 1375 Bene
569 1344 727 1376 defendit
744 1344 795 1376 Cl.

95 1393 253 1424 Clarkius
270 1394 409 1425 verbum
426 1393 523 1432 dedit,
539 1397 574 1424 et
595 1394 729 1424 Caescwis
746 1404 794 1424 re-

96 1443 372 1484 posuit,jungens
386 1443 420 1473 id
429 1452 549 1473 nomen
562 1443 605 1480 τῷ
617 1443 802 1483 prorinciae;

96 1498 198 1533 atque
216 1493 261 1523 ita
275 1498 352 1524 ante
369 1493 479 1532 ipsum
506 1492 720 1523 scribendum
738 1493 795 1524 do-

96 1546 239 1573 cuerunt
263 1542 451 1582 Glandorp.
481 1547 517 1573 et
542 1543 754 1581 Ciacconius,
777 1554 795 1574 e

94 1592 243 1623 lectione
260 1593 337 1624 Urs.
355 1593 438 1625 Cod.
465 1598 595 1624 tantum
623 1593 741 1624 delens
758 1594 796 1625 ei.

99 1642 234 1674 Ca’saris
249 1643 337 1674 clare
355 1644 458 1674 etiam
474 1648 636 1674 exaratur
649 1644 682 1674 in
700 1644 795 1674 Leid.

95 1704 147 1735 pr.
166 1699 202 1724 et
217 1703 286 1725 sec.
331 1694 397 1725 Sed
413 1704 480 1725 eam
499 1695 583 1725 Mss.
601 1694 666 1725 mei
684 1695 798 1725 cuncti

97 1745 258 1776 retinent.
303 1745 348 1775 Et
374 1744 460 1775 bene
482 1754 542 1785 per
559 1744 798 1775 Pleonasmum

99 1795 232 1826 additur
260 1805 338 1834 cum,
373 1795 577 1835 optimorum
606 1795 798 1835 quorumvis

97 1854 203 1886 more,
215 1846 263 1876 uti
274 1850 390 1875 noster
402 1845 474 1884 ipse
487 1845 619 1875 loeutus
633 1848 683 1874 est
695 1854 799 1883 supra

99 1905 233 1937 quoque
248 1905 278 1927 c.
294 1898 324 1927 3.
348 1896 356 1912 ‘
372 1894 455 1925 illud
477 1894 621 1935 signum,
636 1896 701 1925 &c.
727 1894 799 1925 Cae-

98 1946 183 1978 saris
219 1946 251 1977 id
282 1950 356 1977 erat
382 1944 566 1976 interdicto
596 1944 763 1975 sublatum
777 1943 798 1974 :'

97 1995 155 2028 ubi
172 1996 268 2037 plura
285 1994 529 2026 adnotavimus.
564 1993 800 2025 Hotomannus

96 2046 240 2087 putabat
255 2044 433 2076 delendam
447 2053 566 2075 vocem
585 2043 715 2074 Caesari.

117 2100 120 2103 “
142 2099 162 2127 6
185 2094 444 2127 Adversariorum
459 2103 491 2125 se
503 2093 673 2133 exspoliari
687 2093 803 2124 nemini

101 2145 173 2176 dub.
189 2145 281 2184 esset]
309 2145 398 2175 Haec
416 2148 469 2175 est
485 2144 622 2175 Cellarii
640 2148 674 2175 et
688 2145 802 2184 vulga-

101 2195 146 2226 ris
164 2195 267 2226 lectio
291 2203 399 2235 usque
423 2192 466 2224 ad
487 2193 710 2234 Scaligerum;
738 2193 802 2224 nisi

103 2244 192 2286 quod
207 2245 308 2275 Vasc.
336 2245 403 2275 Str.
419 2244 538 2283 Steph.
566 2247 602 2274 et
630 2244 686 2275 alii
703 2243 803 2275 dede-

101 2294 169 2325 rint
205 2294 341 2334 spoliari.
401 2294 538 2325 Primus
573 2294 664 2335 quod
699 2294 803 2325 sciam

100 2344 255 2386 Scaliger
268 2344 370 2375 verba
386 2344 451 2375 ista
471 2353 502 2374 se
517 2344 694 2384 exspoliari,
709 2354 804 2375 secu-

104 2401 157 2428 tus
174 2396 275 2427 fidem
289 2395 373 2427 Cod.
397 2396 530 2427 Carrar.
547 2400 582 2427 et
598 2396 754 2434 Brutum,
770 2405 803 2426 e-

95 2446 200 2488 jecit3
217 2446 306 2478 unde
319 2446 422 2477 etiam
436 2455 500 2477 non
513 2449 702 2486 agnoscunt
715 2445 802 2476 Edd.

101 2497 192 2529 Dav.
209 2501 244 2527 et
260 2496 402 2535 Clarkii,
430 2496 486 2536 qui
512 2496 727 2526 inseruerunt
743 2504 804 2536 pro

101 2547 141 2579 iis
155 2557 288 2579 suorum.
333 2546 402 2578 Sed
418 2552 452 2577 et
468 2556 508 2577 ea
524 2556 590 2577 vox
615 2545 752 2576 additur
769 2545 805 2577 in

104 2597 195 2629 Edd.
216 2597 362 2628 Amstel.
379 2602 415 2628 et
436 2596 589 2637 Lugdun.
634 2595 716 2626 Mss.
734 2596 805 2635 ple-

51 2682 53 2684 ,
106 2646 204 2687 rique
220 2650 256 2678 et
270 2647 333 2677 Ed.
347 2647 421 2678 Ine.
434 2657 500 2677 cum
513 2649 550 2678 de
565 2656 594 2677 v.
610 2645 734 2676 minime
751 2647 805 2676 du-

105 2695 188 2726 bium
199 2699 275 2727 esset
288 2696 533 2728 adversariorum
545 2705 683 2727 suorum:
699 2695 807 2726 dubius

106 2745 215 2786 Bong.
229 2755 296 2777 sec.
311 2747 439 2777 Verum
452 2746 547 2778 Leid.
571 2749 699 2787 pr.‘sec.
717 2744 805 2777 And.

107 2796 219 2827 Oxon.
234 2795 356 2836 Scalig.
374 2796 489 2837 Cujac.
510 2797 619 2838 Bong.
636 2797 735 2838 prim.
752 2805 807 2826 ex-

193 2848 308 2889 Delph.
323 2851 354 2879 et
374 2848 447 2880 Var.
474 2850 555 2880 Clas.

785 2849 892 2879 Caesar

1430 222 1543 282 1:329

843 344 959 374 hibent
986 347 1023 375 ιΙν
1048 348 1106 376 rnl.
1131 348 1200 377 adv.
1227 357 1258 377 se
1281 346 1409 386 spoliari
1429 347 1544 378 nemini

841 393 965 423 dubium
979 399 1066 425 rsxel.
1116 397 1153 425 ln
1175 397 1268 426 Leid.
1287 406 1335 436 pr.
1352 397 1438 427 nulli.
1468 396 1542 427 Nec

843 443 1029 480 vi‹1‹=‹›‚‹·ur
1045 456 1084 474 ca
1106 447 1216 484 sperni
1245 447 1348 476 lectio
1376 446 1544 478 debuerit.

845 492 922 522 Cum
938 494 1050 523 nemini
1074 494 1197 525 dubium
1221 500 1309 535 essct,
1333 506 1368 527 sc
1386 497 1423 536 (i.
1439 506 1470 528 e.
1496 496 1546 538 lp-

842 552 912 573 sum
926 544 1105 581 Caesarem,
1119 546 1173 585 qui
1190 547 1376 585 praecedit:
1408 547 1484 578 vide
1503 547 1545 579 ad

843 602 873 623 c.
891 592 959 632 50.)
975 594 1112 633 spoliari
1142 605 1199 625 seu
1224 597 1415 636 exspoliari,
1443 602 1547 637 prout

844 643 999 682 placebat
1022 644 1126 684 ipsius
1149 645 1305 677 inimicis.
1352 648 1454 679 Certe
1481 658 1547 678 smo-

842 701 911 722 rum
940 693 1086 732 glossam
1102 695 1208 733 magis
1236 697 1318 734 olet,
1336 706 1435 736 quam
1463 697 1547 727 alte·

845 752 916 773 rum
945 753 978 774 se
1001 744 1142 784 spoliari.
1188 746 1326 777 Retinui
1351 752 1546 789 utrumque,

845 801 919 822 cum
938 792 1024 824 Edd.
1040 792 1148 825 Amst.
1167 805 1185 825 a
1202 795 1342 826 Grawio
1355 801 1548 838 procurata,

845 846 881 872 et
911 842 1067 882 Lugdnn.
1126 845 1364 877 Hotomannus
1398 846 1550 877 malebat

847 901 929 922 voce
947 894 1079 924 auctius
1093 904 1127 924 cu
1141 905 1173 925 se
1187 897 1301 935 csspol.

889 944 908 970 8
934 943 976 973 Ec
992 953 1032 973 esc
1046 953 1100 973 suo
1116 954 1239 975 numero
1264 946 1329 986 xv]
1351 946 1444 976 Malo
1470 956 1547 977 cum

848 991 914 1021 ΜΒ.
947 997 1077 1031 nostro,
1105 998 1139 1023 et
1171 995 1304 1034 Cujacii
1332 1005 1398 1026 sec.
1430 996 1550 1036 primo,

847 1045 926 1071 tert.
955 1041 1065 1082 Bong.
1083 1042 1155 1073 Pal.
1183 1044 1262 1074 Pet.
1290 1055 1330 1075 est
1349 1055 1400 1075 suo
1417 1046 1548 1075 nomine.

847 1090 1047 1121 Cim-conius
1060 1097 1095 1122 et
1105 1093 1247 1123 Ursinus
1263 1104 1322 1134 pro
1336 1103 1382 1124 xv
1397 1094 1551 1125 scribunt

848 1148 898 1178 lv,
924 1145 961 1169 ut
988 1150 1090 1180 supra
1113 1141 1252 1174 dictum.
1290 1144 1426 1174 Vossius.
1465 1144 1550 1175 Cum

846 1189 886 1219 iis
915 1189 997 1221 facit
1028 1192 1118 1223 Just.
1150 1193 1286 1232 Lipsius
1317 1193 1421 1224 Milit.
1449 1193 1549 1224 Rom.

847 1240 869 1270 l.
895 1250 944 1272 lv.
971 1242 1066 1273 Dial.
1099 1245 1129 1274 8.
1164 1253 1197 1283 p.
1223 1247 1298 1275 212.
1333 1253 1396 1275 nec
1431 1243 1550 1275 amen-

847 1300 918 1321 sum
946 1291 1143 1333 denegabit,
1159 1294 1352 1334 quicunque
1379 1304 1449 1325 rem
1473 1304 1549 1334 per-

848 1340 987 1379 pendet.
1032 1342 1141 1373 Miror
1168 1347 1295 1382 autem,
1319 1353 1379 1374 cur
1393 1345 1548 1384 Vossius,

848 1400 890 1420 ex
907 1393 1075 1423 nonnullis
1101 1394 1347 1434 Manuscriptis
1374 1395 1442 1434 legi
1463 1395 1549 1426 velit

847 1450 886 1470 ex
898 1451 953 1471 suo
968 1443 1108 1478 vunnim,-
1142 1452 1217 1474 cnm
1241 1445 1360 1475 saltem
1383 1444 1549 1475 Latinitas

848 1491 1012 1529 postulat,
1051 1497 1087 1522 ut
1124 1493 1302 1524 omittatur
1340 1495 1549 1534 praepositio.

850 1540 961 1571 Daris.
986 1541 1052 1572 Ms.
1070 1541 1158 1582 Reg.
1176 1543 1278 1574 habet
1294 1547 1323 1574 et
1337 1554 1390 1574 suo
1418 1545 1548 1575 nomine.

850 1589 1025 1631 Recteque
1059 1591 1200 1623 adnotat
1240 1593 1413 1633 Davisius,
1448 1595 1549 1625 etiam

849 1639 1070 1671 Latinitatem
1089 1642 1274 1680 postulare,
1284 1649 1321 1674 ut
1334 1643 1397 1674 ista
1408 1643 1440 1673 in
1454 1644 1553 1683 phra-

848 1689 874 1719 si
897 1690 1075 1721 omittatur
1098 1693 1307 1732 praepositio.
1353 1693 1420 1724 Sed
1448 1694 1552 1724 mani-

849 1738 937 1770 festo
963 1741 1074 1771 verior
1099 1747 1151 1772 est
1174 1743 1311 1782 vulgata
1336 1744 1440 1775 lectio
1462 1747 1491 1774 ct
1514 1754 1552 1775 ex

848 1798 900 1820 sno
934 1799 1072 1821 numero
1089 1793 1224 1831 transdi,
1250 1793 1380 1823 scilicet
1405 1793 1445 1823 ad
1471 1795 1554 1824 Par-

849 1839 974 1870 thicum
992 1840 1127 1871 bellum.
1173 1842 1464 1874 Quemadmodum
1477 1843 1551 1883 jam

850 1897 952 1928 supra
967 1891 1003 1920 de
1023 1889 1167 1930 Pompeio
1185 1889 1330 1931 dixerat,
1354 1896 1497 1932 tanquam
1515 1903 1553 1923 cx

849 1947 902 1968 suo
928 1948 1065 1970 numero
1091 1941 1188 1979 dedit,
1214 1940 1257 1971 ad
1281 1941 1383 1979 idem,
1398 1942 1553 1973 nimirum

852 1990 976 2021 bellum
990 1992 1198 2023 Parthicum.
1217 1993 1323 2024 Clark.
1347 1993 1452 2034 Atqui
1469 1994 1552 2025 Mss.

854 2041 1020 2081 Bongars.
1031 2043 1199 2083 Vossiani,
1211 2045 1331 2075 Leidd.
1349 2046 1474 2076 Lovan.
1488 2046 1554 2085 Eg·

852 2092 966 2122 mond.
983 2092 1142 2133 Gottorp.
1167 2094 1248 2125 item
1275 2093 1401 2126 Audin.
1428 2095 1554 2136 Scalig-

854 2146 890 2173 et
906 2142 1048 2173 Codices
1064 2143 1192 2183 Ursini,
1216 2145 1348 2175 Brantii
1371 2154 1448 2176 cum
1463 2145 1553 2177 Edd.

853 2192 1009 2232 vetustis,
1031 2193 1112 2224 item
1128 2195 1268 2226 Vascos.
1295 2195 1364 2226 Str.
1383 2196 1502 2237 Steph.
1520 2200 1556 2228 ct

855 2242 912 2273 alii
927 2242 1090 2274 exhibent
1107 2247 1137 2274 et
1157 2255 1210 2275 suo
1235 2246 1365 2286 nomine,
1382 2247 1472 2288 qnod
1489 2256 1555 2278 non

855 2291 986 2332 dubito,
1000 2292 1081 2334 quin
1106 2294 1253 2325 voluerit
1268 2295 1406 2326 Vossius
1432 2297 1554 2327 etiam:

854 2343 994 2383 optime.
1061 2344 1175 2376 Caesar
1212 2346 1341 2377 remisit
1388 2347 1555 2387 legionem

855 2393 1012 2434 Pompeii
1028 2396 1081 2435 (ut
1097 2400 1150 2426 est
1174 2396 1208 2426 in
1222 2397 1318 2427 Voss.
1348 2407 1398 2436 pr.
1420 2402 1454 2428 et
1471 2391 1556 2437 sec.)

854 2444 919 2484 ipsi
948 2454 1014 2476 non
1043 2455 1103 2477 suo
1130 2446 1278 2487 nomine,
1308 2447 1367 2478 sed
1399 2446 1556 2486 Pompeii

855 2495 1001 2535 nomine,
1028 2497 1107 2537 quia
1132 2497 1189 2527 illa
1212 2501 1286 2527 erat
1313 2507 1365 2534 ea,
1388 2506 1487 2538 quam
1512 2495 1555 2526 ad

855 2545 978 2577 bellum
1005 2547 1203 2583 Parthicum
1229 2558 1271 2578 ex
1287 2549 1378 2580 SCto
1401 2548 1555 2579 mitteret

856 2596 1062 2637 Pompeius;
1099 2603 1136 2629 at
1164 2609 1216 2629 suo
1257 2598 1376 2629 nomine
1414 2595 1556 2627 tradidit

856 2645 960 2685 illam,
975 2657 1073 2688 quam
1090 2648 1123 2678 in
1148 2648 1260 2679 Gallia
1275 2646 1432 2678 citeriore
1452 2645 1554 2675 habu-

858 2699 943 2726 erat.
987 2695 1172 2728 Adsentior
1198 2702 1311 2727 autem
1337 2695 1415 2725 viris
1443 2694 1554 2725 doctis

857 2755 919 2785 pro
932 2754 980 2777 xv
994 2746 1235 2788 reponentibus
1251 2755 1302 2783 lv,
1314 2749 1348 2775 at
1363 2749 1432 2775 tum
1449 2744 1554 2774 etiam

857 2794 971 2826 statim
1000 2796 1101 2827 scribi
1138 2795 1240 2826 debet
1271 2803 1308 2825 lv
1339 2793 1556 2825 deducebatur.

1404 2849 1422 2877 4
1440 2847 1469 2877 P
