1818 3131
305 216 398 245 mu.
433 213 654 244 vin-(mv.
685 202 757 243 63.
793 213 854 244 DE
891 214 1045 244 nunno
1069 214 1295 244 GAnmco.

114 311 136 338 9
154 308 183 339 Α
203 306 454 346 Vercingetorige
475 308 650 347 proeparata
667 305 770 344 erant]

72 356 160 390 vido.
177 362 211 387 et
228 368 258 389 c.
275 360 326 387 84.
351 358 486 395 Mirum,
504 355 591 396 quod
608 355 642 385 in
660 355 770 393 Bong.

73 416 124 447 pr.
157 407 388 444 Lcidcnfflbus,
423 407 518 437 Voss.
550 415 600 445 pr.
633 410 666 434 ct
690 409 768 435 tert.

73 457 238 495 Eguiunil.
268 457 346 487 an.
371 457 467 487 Gott.
491 455 583 487 Duk.
601 460 635 485 et
660 456 768 486 Dorv.

71 513 106 536 et
122 507 184 537 Eu.
201 507 320 537 1nc.ac
334 507 418 536 Ven.
431 505 601 536 scribatur
615 514 771 544 proepuru-

70 561 188 587 vertunt.
226 558 279 587 An
309 566 328 586 α
359 556 610 594 Vercingetorige
635 560 731 586 notat
750 565 769 584 a

67 610 157 646 parte
171 606 245 644 eius,
260 607 312 637 ubi
331 607 359 636 is
372 606 464 638 erut?
488 607 536 638 uti
561 607 569 623 ‘
588 606 630 637 ub
647 605 746 636 labris
760 605 767 619 ¹

72 665 120 687 vr.
140 659 190 687 18.
217 656 278 687 ‘ab
295 657 410 687 ramis'
434 659 558 688 vn.73.
583 658 592 673 ‘
607 655 634 686 Α
650 656 768 696 porta’

70 714 110 736 u.
126 708 198 737 2⁴.:
217 705 274 736 ubi
290 707 398 746 plura.
421 707 429 722 ‘
446 706 499 737 Ab
516 706 641 736 liinite'
667 707 770 737 Fron-

70 755 129 787 tin.
147 765 173 788 ι.
190 761 221 786 5.
240 759 290 787 10.
319 757 362 787 Et
380 757 467 797 quod
486 756 622 797 propius
636 756 769 787 accedit

72 814 104 837 v.
118 809 184 845 54„
207 812 244 836 ut
261 806 361 837 estin
387 807 470 837 Mss.
486 805 701 846 quibusdam,
724 807 733 822 ⁶
751 816 769 836 a

70 855 194 896 populo
211 856 360 886 Romano
383 855 525 895 imperia
539 854 559 885 ι’
585 864 624 885 ac
643 855 768 885 Lucan.

70 913 96 935 ι.
127 908 179 936 68.
224 907 232 921 ‘
258 905 397 936 obstent
426 916 445 935 a
475 906 610 936 Caffsare
640 904 770 934 uubes.’

70 953 186 984 Valer.
213 954 308 985 Max.
333 955 356 984 l.
381 963 431 985 iv.
459 957 489 984 3.
526 955 559 984 in
576 953 598 984 s.
632 955 640 971 ‘
658 963 677 984 a
701 954 770 984 sole

70 1003 149 1033 milii
175 1013 242 1034 non
272 1004 409 1035 obstes!
446 1004 534 1035 vide
565 1009 601 1035 et
624 1004 771 1035 Miscell.

70 1052 216 1085 Observ.
248 1054 289 1084 A.
318 1057 413 1085 1733.
452 1055 570 1085 Mense
596 1054 771 1093 Septemb.

69 1105 134 1135 διο.
150 1113 183 1144 p.
194 1106 267 1136 256.
290 1104 390 1135 Adde
404 1105 494 1135 Hirt.
509 1106 549 1134 B.
562 1104 667 1135 Afric.
679 1106 770 1134 c.28.

69 1153 227 1186 ‘Txirmae
252 1154 403 1195 equitum
429 1154 470 1185 ab
498 1155 650 1195 utrisque
678 1153 771 1183 duci-

69 1202 154 1243 bus,’
165 1205 231 1235 ἃς.
263 1205 338 1235 Nec
354 1204 441 1234 enim
460 1209 556 1245 puto,
570 1213 771 1245 quemquam

70 1253 277 1285 crediturum
295 1254 419 1295 potius,
436 1254 602 1285 excidisse
619 1254 772 1294 imperata

70 1309 355 1345 praeparaverant.

115 1356 156 1384 10
175 1354 300 1385 Priores
303 1353 407 1391 fossas
423 1352 561 1393 explent]
593 1352 772 1384 Postulare

71 1402 207 1434 videtur
222 1403 405 1441 sententia,
420 1407 458 1433 ut
481 1403 642 1442 legamus,
663 1405 691 1433 et
707 1402 772 1441 pri-

69 1462 147 1491 ores,
158 1454 211 1492 ὅτ.
236 1453 314 1484 Non
330 1453 418 1484 enim
432 1453 502 1484 liaec
517 1452 701 1483 istiusmodi
720 1456 772 1483 est

73 1502 301 1542 Constructio,
310 1512 385 1543 quae
396 1503 503 1543 possit
513 1502 687 1542 eleganter
699 1511 771 1533 esse

72 1549 248 1584 ἀσύνδετος.
277 1553 382 1583 Clark.
406 1553 492 1584 Mihi
510 1562 605 1583 secus
620 1552 770 1583 videtur:

17 1643 27 1650 ι
72 1603 224 1644 sequitur
253 1604 435 1643 Consulum,
462 1603 626 1634 adhibent.-
664 1611 697 1634 et
725 1604 773 1634 ita

74 1653 265 1685 sexcenties
280 1659 409 1685 auctor.

116 1712 275 1736 Lxxxni.
306 1708 325 1735 2
348 1705 398 1736 Ab
424 1705 473 1736 his
491 1704 690 1744 cognoscunt]
717 1704 773 1735 Ita

74 1755 135 1787 soli
165 1755 285 1795 Cujac.
318 1755 408 1786 And.
439 1755 551 1787 Oxon.
583 1755 708 1794 Scalig.
739 1760 773 1785 et

76 1805 169 1837 Leid.
194 1815 245 1845 pr.
280 1804 416 1846 Reliqui
454 1807 536 1837 Mss.
572 1815 646 1836 cuni
683 1804 770 1835 Edd.

74 1856 192 1896 primis
207 1855 334 1886 habent
355 1864 394 1886 ex
408 1855 468 1894 his,
485 1856 533 1886 uti
558 1860 673 1885 noster
696 1864 772 1886 cum

74 1905 147 1937 aliis
160 1914 225 1936 non
249 1914 343 1936 raro:
376 1909 414 1936 ut
429 1914 458 1937 c.
472 1908 523 1936 72.
547 1906 555 1921 ‘
574 1905 674 1935 rebus
697 1914 773 1945 cog-

75 1955 153 1986 nitis
176 1964 218 1986 ex
241 1954 412 1995 perfugis!
446 1956 538 1987 Cave
564 1960 674 1985 tamen
694 1954 773 1995 quid

74 2009 196 2036 mutes.
232 2013 266 2035 v.
290 2008 341 2035 45.
373 2007 382 2021 ‘
400 2003 453 2035 Ab
477 2004 526 2034 nis
550 2004 590 2034 de
621 2004 774 2044 periculo

48 2088 50 2090 ,
75 2054 215 2096 legionis
231 2054 468 2095 cognoscitur:
492 2056 533 2086 B.
553 2055 624 2086 Civ.
642 2063 702 2084 ιιι.
722 2057 772 2084 11.

73 2107 82 2122 ‘
97 2103 213 2136 Abiis
241 2105 356 2136 Caesar
378 2105 451 2135 haec
477 2104 567 2135 dicta
590 2103 773 2144 coguovit!

77 2155 202 2186 Eadem
231 2155 374 2186 variatio
405 2154 439 2185 in
473 2154 564 2186 Hirt.
592 2155 632 2185 B.
663 2152 773 2184 Afric.

77 2207 170 2235 c.62.

120 2258 140 2286 3
167 2256 249 2286 Erat
263 2266 282 2286 a
299 2255 350 2295 S.]
378 2256 503 2287 Lovan.
523 2261 556 2286 et
575 2254 720 2286 Dorvill.
738 2264 776 2285 eo:

76 2306 124 2337 liis
138 2306 172 2336 in
188 2306 221 2337 S.
256 2307 357 2337 Forte
371 2307 495 2337 exsistit
511 2317 528 2336 a
552 2306 586 2336 S.
621 2304 687 2335 Sed
707 2305 777 2335 vul-

77 2360 193 2396 gatum
209 2365 275 2386 non
294 2360 419 2386 temere
435 2356 589 2387 sollicito.

120 2409 139 2436 6
169 2406 269 2445 Opere
291 2405 498 2445 circumplecti
520 2415 579 2435 mm
599 2407 776 2445 potuerant,

79 2455 176 2487 nostri
190 2457 368 2494 necessario,
379 2455 448 2495 Sym]
479 2455 608 2486 Clarior
620 2455 728 2485 multo
741 2459 777 2485 et

80 2505 258 2537 dilucidior
274 2505 338 2537 erit
351 2505 533 2543 sententia,
550 2505 577 2535 si
598 2504 662 2534 hoc
678 2503 777 2534 modo

81 2555 316 2597 interpungas:
333 2565 421 2596 opere
433 2554 640 2594 circumplecti
654 2563 711 2584 non
724 2563 776 2593 po-

80 2608 203 2638 tuerant
224 2606 334 2645 nostri,
355 2606 523 2637 necessario
547 2606 598 2643 ⁸50·
636 2604 691 2634 Ita
713 2603 778 2633 dis·-

83 2655 186 2686 tinxit
193 2654 349 2687 Graecus.
366 2655 420 2694 ⁴0,
432 2655 594 2696 inquinas
604 2653 779 2689 δυνηθέντες

83 2704 111 2734 οἱ
132 2704 268 2743 ιῙόψ.ιι.’ἰοι
288 2704 439 2737 πάντοθεν
454 2705 662 2745 περιοχυροῦν,
684 2703 777 2742 ἀναγ-

85 2753 174 2786 καίως
198 2754 248 2787 καὶ
271 2754 313 2787 τὰ
338 2756 414 2796 ἑξῆς.
445 2756 556 2788 Dacis.
594 2754 779 2787 clariorem

1411 204 1521 247 1261

822 306 927 336 multo
941 311 975 337 et
986 307 1221 338 dilucidiorem
1232 305 1303 337 fore
1318 307 1520 338 sententiam

822 356 992 386 existimat
1006 357 1177 396 Davisius,
1189 357 1216 386 si
1231 356 1293 387 hoc
1310 356 1408 388 modo
1421 356 1524 388 intet—

822 415 972 446 pungas:
1012 418 1099 447 quem
1131 410 1202 448 quia
1215 420 1325 440 —non
1361 413 1523 449 potuerim

820 457 931 494 nostri,
954 458 1005 494 ὅτ.
1044 459 1170 488 Verum
1199 465 1274 489 utro
1299 460 1397 490 modo
1421 460 1524 491 inter·

823 515 965 544 pungas,
980 516 1114 545 prorsus
1125 508 1204 538 nihil
1221 510 1374 540 interest.
1388 510 1523 540 Etenim

823 560 966 594 utraque
984 556 1140 596 loquendi
1168 558 1253 588 ratio
1276 559 1411 598 optimis
1436 558 1524 590 Auc-

823 605 953 635 toribus
965 615 1059 645 ¹deque
1076 611 1127 636 est
1144 608 1280 638 usitata.
1314 609 1419 639 Clark.
1441 608 1522 639 Sine

822 654 925 686 dubio
941 655 1064 685 clarior
1087 661 1138 686 est
1163 657 1406 697 interpunctio,
1423 667 1522 698 quam

824 704 974 744 pr‘aetulit
1000 704 1161 735 Davisius
1187 715 1252 736 non
1279 706 1388 742 modo,
1409 707 1467 737 sed
1488 711 1524 737 et

824 753 995 792 pleraeque
1032 758 1219 793 agnoscunt
1249 755 1344 785 Vett.
1374 755 1462 787 Edd.
1489 760 1524 786 et

824 804 907 833 Mss.
955 801 1003 833 At
1034 803 1172 843 insuper
1197 803 1289 834 aliud
1317 804 1398 845 quid
1427 805 1525 836 latet.

824 853 911 883 Nam
934 851 972 882 τὸ
994 853 1067 892 quia
1092 862 1157 883 non
1190 859 1364 894 comparet
1392 855 1426 885 in
1455 855 1525 886 ullo

823 903 958 933 omnino
982 902 1122 941 Codice,
1139 913 1200 934 nec
1223 904 1256 934 in
1277 904 1525 944 Metaphraste.

824 952 913 983 Dein
927 955 1093 992 potuerant
1110 953 1192 984 Mss.
1210 959 1354 994 quatuor
1375 959 1409 984 et
1433 954 1523 985 Edd.

823 1012 881 1042 pp.
907 1006 1051 1042 poterant
1081 1003 1178 1034 Leid.
1208 1013 1257 1043 pr.
1287 1013 1355 1034 sec.
1388 1008 1423 1034 et
1458 1003 1522 1034 Ed.

823 1053 954 1092 Gryph.
991 1053 1060 1083 Pro
1086 1054 1254 1084 necessario
1276 1053 1403 1084 liabent
1425 1063 1528 1084 neces-

820 1102 962 1141 sarioque
973 1102 1062 1132 Scal.
1077 1102 1176 1133 Leid.
1191 1112 1243 1142 pr.
1259 1101 1348 1133 And.
1361 1108 1397 1134 et
1409 1102 1524 1134 Oxon.

822 1155 857 1181 et
883 1161 957 1182 cum
980 1151 1162 1182 Ciacconio
1190 1160 1250 1191 pto
1265 1151 1423 1190 fecerunt,
1438 1151 1526 1189 fece-

820 1204 904 1231 runt.
944 1200 1104 1240 Optime:
1137 1210 1202 1240 quo
1219 1200 1389 1230 lenissime
1406 1209 1525 1240 proce-

821 1250 874 1281 dit
890 1251 1010 1290 orati0‚
1033 1252 1042 1268 ‘
1057 1261 1158 1292 quem
1171 1261 1274 1292 opere
1290 1250 1525 1291 circumplecti

822 1310 888 1332 non
916 1306 1100 1341 potuerant
1123 1302 1242 1338 nostri,
1269 1302 1525 1341 necessarioque

823 1356 934 1382 castra
949 1350 1125 1382 fecerant.¹
1163 1351 1247 1381 Cum
1262 1360 1321 1390 que
1336 1350 1524 1389 exciderat,

822 1401 893 1440 quia
910 1400 1037 1440 priores
1055 1399 1214 1430 Editores
1230 1399 1498 1430 inculcaverunt.

866 1454 883 1481 7
913 1451 950 1481 C.
970 1451 1048 1481 Can.
1067 1449 1210 1490 Rebilus]
1247 1450 1290 1480 L.
1317 1449 1371 1480 vel
1395 1450 1527 1488 Lucius,

824 1507 874 1532 est
889 1502 922 1532 in
939 1502 1046 1542 Bong.
1064 1512 1117 1542 pr.
1132 1503 1230 1533 Voss.
1255 1511 1306 1542 pr.
1325 1502 1408 1532 Lov.
1425 1501 1523 1541 Egm.

823 1558 856 1582 et
882 1552 956 1582 L'rs.
980 1561 1019 1582 ac
1039 1554 1059 1582 6
1082 1551 1170 1591 aliis,
1192 1551 1274 1582 item
1298 1550 1385 1581 Edd.
1408 1550 1524 1590 primis

824 1604 923 1633 Vasc.
939 1602 1056 1642 Steph.
1073 1601 1227 1642 aliisque,
1242 1601 1291 1632 uti
1304 1605 1339 1631 et
1350 1600 1524 1640 Metaphr.

824 1653 880 1693 qui
898 1658 932 1683 et
948 1652 1051 1683 habet
1062 1652 1202 1690 Regulus
1213 1661 1287 1682 cum
1303 1650 1422 1681 iisdem
1436 1649 1526 1680 Edd.

824 1707 859 1732 et
877 1702 1022 1732 Dorvill.
1039 1700 1099 1731 sed
1117 1701 1203 1732 bene
1220 1700 1350 1731 Rebilus
1370 1698 1526 1729 emenda-

824 1754 874 1784 vit
897 1753 1038 1784 Ursinus
1061 1761 1079 1782 e
1104 1761 1163 1782 suo
1188 1751 1272 1782 Cod.
1304 1750 1449 1781 Reruus:
1476 1749 1528 1780 uti

823 1807 938 1833 exstat
964 1802 998 1832 in
1022 1802 1139 1834 decem
1162 1801 1257 1831 meis.
1292 1800 1330 1830 In
1347 1800 1458 1839 Bong.
1473 1808 1525 1838 pr.

824 1861 990 1892 suprascr.
1021 1851 1038 1881 b
1063 1860 1155 1881 more
1180 1851 1280 1881 solito
1308 1848 1528 1880 confusionis.

827 1903 864 1932 C.
881 1902 1010 1933 Rebilus
1022 1906 1165 1933 vocatur
1178 1905 1272 1931 recte
1285 1909 1313 1930 c.
1326 1902 1379 1930 90.
1395 1903 1431 1929 et
1443 1905 1526 1928 vm.

824 1954 876 1982 24.
904 1952 959 1982 ubi
983 1952 1016 1982 in
1032 1949 1232 1992 quibusdam
1248 1948 1408 1979 Rebilius:
1431 1952 1469 1978 ut
1492 1952 1528 1978 et

825 2004 866 2034 B.
885 2003 958 2034 Civ.
972 2013 1012 2034 ιι.
1025 2006 1078 2034 24.
1101 2003 1195 2033 Suet.
1214 2001 1298 2032 Ner.
1311 2010 1342 2031 c.
1357 2003 1409 2031 15.
1437 1998 1528 2030 Vide

824 2054 982 2084 Ursinum
998 2053 1052 2084 hic
1069 2057 1105 2084 et
1127 2052 1160 2082 in
1178 2050 1326 2082 Familiis
1342 2049 1502 2080 Romanis
1516 2059 1525 2079 z

825 2108 859 2133 et
876 2104 917 2134 B.
933 2103 1105 2134 Civ.1.26.
1130 2101 1228 2132 Adde
1242 2110 1293 2132 me
1307 2099 1349 2131 ad
1364 2101 1406 2130 B.
1419 2097 1526 2130 Afric.

826 2163 855 2184 c.
877 2156 929 2184 86.

869 2208 908 2236 ll
929 2205 1055 2245 Quoque
1069 2204 1172 2245 pacto]
1199 2203 1239 2234 Id
1256 2207 1307 2234 est
1323 2203 1405 2242 quid,
1420 2205 1450 2233 et
1470 2212 1528 2242 quo

826 2256 923 2286 modo.
959 2255 1087 2285 Verum
1100 2258 1104 2260 '
1118 2259 1234 2284 tamen
1265 2251 1390 2283 Audin.
1422 2251 1528 2282 habet

826 2316 884 2345 quo
898 2308 997 2343 pacm.
1031 2304 1080 2335 At
1101 2304 1212 2344 Bong.
1228 2302 1398 2340 Vossiani,
1415 2302 1529 2334 Oxou.

825 2355 949 2394 Scalig.
969 2353 1136 2395 Egmund.
1160 2353 1285 2384 Lovan.
1310 2351 1406 2382 Leid.
1430 2351 1529 2391 prim.

827 2409 863 2436 et
877 2407 898 2435 4
914 2404 1121 2435 recentiores
1143 2412 1218 2434 cum
1235 2401 1321 2434 Edd.
1342 2401 1457 2441 primis
1474 2411 1530 2431 ex-

827 2455 945 2486 hibent
957 2465 1086 2495 quoquo:
1108 2454 1142 2485 id
1159 2459 1224 2493 est,
1240 2452 1370 2494 quovis,
1386 2458 1424 2483 ut
1447 2452 1526 2482 alibi

829 2505 961 2546 saepius.
1009 2505 1076 2536 Sed
1104 2505 1218 2536 Graec.
1241 2503 1272 2533 τὶ
1293 2505 1357 2534 πῶς
1378 2515 1422 2533 τε.
1462 2499 1530 2532 A‘di

828 2564 861 2586 v.
892 2557 942 2586 33.
995 2556 1004 2571 ‘
1030 2554 1122 2588 Quid
1146 2563 1282 2595 quoque
1304 2553 1377 2583 loco
1404 2551 1529 2582 facien-

829 2604 908 2634 dum
924 2607 1042 2634 esset:'
1065 2603 1099 2634 id
1117 2608 1181 2642 est,
1197 2602 1335 2642 singulis
1352 2601 1453 2631 loeis:
1479 2599 1531 2629 uti

830 2662 908 2684 mox
930 2662 961 2684 c.
985 2656 1037 2685 85.
1073 2654 1082 2670 ‘
1107 2652 1195 2686 Quid
1220 2660 1351 2692 quaque
1375 2650 1407 2680 iu
1431 2654 1529 2689 parte

829 2709 964 2745 geratur
977 2704 996 2734 :'
1014 2704 1070 2735 ubi
1088 2703 1206 2734 itidem
1223 2701 1364 2732 vau-iant.

874 2756 914 2785 12
937 2752 1103 2793 Meridies]
1129 2753 1242 2784 Oxou.
1258 2749 1342 2782 Cod.
1358 2749 1527 2781 meridiem.
