1818 3131
301 217 395 247 mn.
431 217 512 246 rii.
544 216 650 246 cm».
674 208 742 247 55.
780 219 838 246 nr:
876 217 1027 247 nunno
1059 218 1287 248 GAmeo.

71 321 114 342 no
129 312 163 343 in
181 312 298 343 codem
315 312 430 343 codice
454 317 489 342 ct
513 311 567 341 hic
592 310 683 341 locus
702 319 771 341 rec-

72 362 140 392 tius·
173 363 315 401 legatur.
363 361 475 393 Verba
503 365 602 391 sunt:
644 360 704 390 ‘Si
737 369 770 390 re

71 412 291 444 frumentaria
321 413 496 450 Romanos,
522 416 580 441 aut
605 409 770 440 adductos

71 464 184 504 inopia
210 474 250 493 ei<
282 462 461 494 Provincia
488 460 670 492 excludere
698 470 770 500 pos-

73 514 170 550 sent:
199 515 278 545 Dno
293 513 378 544 dicit
399 513 513 543 hostes
530 512 688 551 agitasse,
708 512 770 542 Ro-

71 574 187 594 manos
197 562 379 594 excludere
393 561 585 599 srumento;
605 563 657 592 vel
671 571 772 603 quan-

71 613 114 644 ‹lo
132 613 188 643 illo
201 616 367 652 carerent,
382 612 493 643 reditu
509 613 540 642 in
555 613 770 652 provinciam.

73 662 182 696 Quam
210 663 410 704 scripturam
439 668 475 694 ut
503 663 674 694 meliorem
702 672 773 693 crc-

72 712 160 752 ‹iam,
192 712 276 744 facit
300 713 389 754 quod
415 713 502 744 infra
524 723 554 745 c.
579 716 630 745 59.
659 714 773 745 Caesar

73 763 143 794 ait:
167 764 258 804 ‘jam
282 764 395 795 Cat-sar
419 775 437 795 a
461 764 631 804 Gergovia
651 765 773 796 disces-

73 813 154 845 sisse
185 814 397 854 audiebatur,
415 815 485 855 jam
517 815 558 846 de
589 814 774 846 AEduorum

73 862 279 903 defectione,
302 869 338 895 et
361 864 511 895 secundo
535 864 657 896 Galiiae
681 870 774 895 motu

75 923 224 945 rumores
261 913 504 955 afferebantur,
541 915 702 957 Gallique
741 915 774 946 in

75 963 263 1004 colloquiis,
288 964 507 997 interclusum
531 966 654 997 itinere
671 971 705 997 e‘t
723 966 774 997 Li-

73 1022 152 1054 gere
180 1015 364 1054 Caesarem,
392 1016 503 1056 inopia
533 1016 691 1048 frumenti
719 1027 775 1047 co-

75 1070 187 1096 actum
225 1064 258 1095 in
301 1065 517 1097 Provinciam
559 1067 776 1098 contendisse

74 1113 344 1147 confirmabant!
375 1115 496 1156 Itaque
513 1117 576 1148 hoc
594 1117 776 1157 prohibere

74 1165 257 1196 volebant:
283 1166 425 1197 alterum
448 1172 561 1198 autem
586 1167 697 1198 locum
719 1177 776 1208 op-

75 1218 156 1249 time
180 1218 212 1249 in
238 1218 345 1249 veteri
371 1219 489 1250 codice
513 1220 686 1260 scribiquz'
706 1224 777 1251 sunt

66 1262 202 1310 finitimi
217 1269 406 1310 Provincioe,
422 1271 476 1302 vel
499 1270 583 1310 illud
610 1272 779 1308 ostendat,

77 1319 165 1360 quod
188 1319 236 1350 ait
251 1320 379 1360 jussum
405 1321 498 1351 iilum
522 1322 665 1352 militem
689 1323 779 1353 Allo-

78 1370 239 1411 brogibus
265 1371 389 1402 bellum
415 1372 550 1403 inferre.
596 1374 642 1403 Et
666 1374 780 1413 paullo

79 1428 155 1462 post
172 1422 310 1463 subjicit
324 1423 438 1454 Caesar
453 1425 462 1440 ⁴
481 1433 544 1464 quo
558 1422 690 1455 facilius
707 1424 782 1455 snb-

78 1472 198 1503 sidium
220 1472 410 1504 Provinciae
434 1473 517 1504 ferri
541 1474 678 1515 posset.'
723 1474 782 1506 Ni-

77 1522 198 1553 mirum
215 1522 375 1554 adversus
389 1524 527 1555 eosdem
545 1524 679 1556 milites.
712 1526 783 1556 De-

76 1572 176 1613 nique
193 1573 275 1603 nihil
300 1573 421 1604 clarius
446 1574 520 1605 loco
545 1575 700 1613 Caesaris,
717 1584 782 1616 quo

78 1623 146 1654 ait:
182 1625 190 1639 ‘
209 1624 333 1665 Cacsar,
364 1625 452 1666 quod
484 1626 596 1657 hostes
627 1626 783 1667 equitatu

80 1674 272 1714 superiores
290 1684 362 1706 esse
386 1675 612 1716 intelligebat,
629 1681 663 1707 et
681 1677 783 1707 inter-

79 1724 180 1754 clusis
203 1724 356 1755 omnibus
375 1725 564 1765 itineribus,
579 1728 670 1758 nulla
685 1737 721 1758 re
741 1737 783 1758 ex

81 1773 279 1813 Provincia,
295 1779 397 1816 atque
415 1776 518 1807 Italia
541 1778 711 1809 sublevari
728 1788 784 1818 po-

81 1823 193 1854 terat!
240 1825 290 1855 En
307 1824 361 1857 bic
378 1826 462 1857 dicit
479 1827 594 1858 Caesar
610 1828 682 1869 jam
708 1838 782 1868 per-

81 1873 209 1904 fectum
232 1873 328 1913 illud,
346 1876 433 1916 quod
459 1886 561 1918 supra
576 1878 689 1909 aiebat
708 1879 782 1909 hos·

80 1928 131 1955 tes
159 1924 193 1954 in
224 1924 335 1956 animo
359 1926 528 1958 habuisse.
576 1927 698 1970 Itaque
728 1939 782 1960 au-

79 1973 197 2006 dacter
212 1974 301 2006 hunc
317 1976 428 2007 locum
449 1978 512 2008 lioc
530 1982 631 2018 pacto
650 1987 782 2010 mecum

78 2024 239 2056 scribito:
264 2026 273 2042 ‘
291 2026 325 2057 Si
342 2031 402 2058 aut
422 2037 460 2059 re
484 2027 706 2060 frumentaria
720 2029 784 2059 Ro-

79 2084 207 2115 manos,
223 2079 281 2107 aut
305 2076 470 2109 adductos
494 2079 623 2120 inopia,
639 2089 682 2110 ex
698 2080 782 2110 Pro-

79 2126 203 2165 vincia,
233 2126 415 2158 excludere
446 2132 607 2169 possent!
651 2129 783 2161 Vossius.

81 2177 168 2206 Cum
190 2176 289 2207 AEdui
313 2186 381 2208 non
406 2178 442 2209 id
466 2179 530 2210 sibi
547 2180 713 2220 propositi
730 2180 785 2210 ha-

80 2226 194 2258 buisse
213 2227 401 2269 videantur,
421 2234 458 2261 ut
484 2230 653 2262 Romanos
673 2241 689 2262 e
706 2231 785 2262 Pro-

80 2278 182 2308 rim-ia
193 2279 395 2318 expellerent,
412 2280 470 2310 sed
494 2290 536 2311 ex
557 2291 614 2312 sua
635 2282 784 2322 ipsorum

82 2328 291 2359 solummodo
303 2329 453 2367 cit-itate;
469 2330 627 2372 illumque
640 2332 673 2362 in
685 2331 785 2362 finem

81 2387 137 2410 eos
154 2379 208 2409 vel
225 2380 468 2411 commeatibus
491 2391 507 2411 e
531 2381 698 2412 Provincia
710 2381 786 2412 sub-

80 2429 241 2460 vehendis
264 2430 498 2470 prohiberent,
521 2431 572 2462 vel
595 2431 708 2462 reditu
731 2431 787 2462 de-

83 2478 184 2520 nique
211 2480 245 2510 in
269 2480 467 2511 Provinciam
494 2481 782 2513 intercluderent:

82 2539 148 2561 non
167 2530 372 2571 negligenda
399 2532 535 2563 videtur
558 2532 673 2571 lectio,
688 2542 787 2573 quarn

83 2579 117 2610 in
139 2580 266 2612 Codice
290 2587 429 2613 vetusto
458 2583 612 2623 repperit
641 2583 785 2624 Dionys.

81 2630 222 2662 Vossius
239 2641 248 2669 ;
271 2632 333 2664 viz.
357 2634 366 2650 ‘
385 2633 412 2664 si
435 2639 493 2664 aut
510 2643 546 2665 re
562 2633 787 2666 frumentaria

84 2679 262 2721 Romanos,
290 2687 349 2714 aut
389 2683 553 2715 adductos
597 2684 712 2725 inopia
744 2694 787 2716 ex

85 2729 264 2762 Provincia
290 2734 475 2765 excludere
504 2735 665 2775 possent.'
712 2735 787 2766 Nisi

83 2777 174 2811 forte
203 2785 239 2812 et
272 2783 410 2823 vulgata
448 2784 552 2816 lectio
589 2785 639 2817 ita
676 2785 788 2825 accipi

167 2832 282 2874 Delph.
297 2837 328 2866 ct
348 2836 421 2868 γαν.
440 2837 521 2869 Clas.

759 2839 865 2870 Caesar

1411 209 1430 248 1
1438 207 1523 250 233

825 311 943 350 possit,
975 318 1011 343 ut
1037 312 1197 344 dicantur
1227 311 1326 344 AEdni
1355 312 1524 343 Romanos

823 371 887 392 non
917 372 955 392 ex
983 364 1149 395 Prorincia
1172 365 1356 405 expellere,
1382 364 1442 394 scd
1471 365 1525 394 ud·

822 414 1046 453 ‹1uctosz‘nv,·›ia
1069 424 1180 445 rerum
1205 425 1244 445 ex
1268 415 1434 446 Provincia
1450 413 1526 444 sub-

823 461 1064 501 vehendarum,
1079 473 1120 494 ex
1144 474 1203 494 sua
1224 465 1423 502 (iEvluorum
1439 464 1527 495 scili-

823 510 895 551 cet)
922 512 1060 543 civitate
1087 516 1238 554 expellere
1266 525 1362 556 posse
1389 524 1425 547 se
1451 524 1528 556 spe-

823 571 910 592 rare.
959 562 1095 593 Utrovis
1125 568 1235 595 tamen
1267 565 1380 605 modo,
1412 565 1527 607 paullo

824 611 939 643 durior
966 612 1111 650 ridetur,
1140 625 1238 654 quain
1271 616 1415 647 Caesaris
1441 616 1529 647 solet

824 672 896 693 esse
920 663 1056 694 locutio.
1102 664 1148 695 Et
1167 664 1302 696 fortean
1327 666 1454 706 aliquid
1478 666 1529 696 in-

826 713 1012 744 terciderit.
1038 714 1146 744 Clark.
1185 715 1291 746 Locus
1314 719 1367 746 est
1392 725 1531 756 corrup-

827 766 879 793 tus
908 767 942 793 et
969 762 1171 794 medicinam
1196 765 1344 796 tentavit
1368 765 1531 802 Vossius;

825 812 897 852 se·l,
915 820 951 844 ut
975 814 1053 844 mihi
1071 815 1216 854 videtur,
1244 825 1363 855 parum
1387 825 1532 847 commo-

826 864 904 895 dam
929 865 1069 905 reperit.
1115 865 1245 907 AEduis,
1265 867 1350 898 sicut
1371 867 1531 907 arbitror,

827 914 1003 946 consilium
1040 914 1106 946 fuit
1144 916 1315 947 Romanos
1347 926 1366 947 a
1395 917 1530 957 Ligeris

828 966 973 997 transitu
1001 967 1195 1007 probibere,
1223 978 1290 1008 quo
1315 977 1373 998 eos
1398 977 1433 999 re
1463 966 1531 998 fru-

827 1018 994 1048 mentarIa
1033 1019 1268 1058 excluderent,
1309 1019 1459 1060 adeoque
1499 1019 1533 1048 in

828 1066 1035 1105 provinciam
1057 1067 1191 1107 regredi
1215 1072 1393 1108 cogerent.
1439 1066 1536 1098 Infra

829 1126 858 1147 c.
885 1119 937 1147 59.
962 1118 971 1133 ‘
990 1118 1082 1148 Galli
1108 1117 1141 1148 in
1165 1118 1346 1159 colloquiis
1374 1118 1535 1149 interclu-

829 1176 902 1197 sum
945 1166 1068 1198 itincre
1106 1171 1142 1198 et
1192 1167 1315 1207 Ligere
1351 1167 1536 1205 Caesarem,

829 1217 945 1257 inopia
966 1217 1128 1248 frumenti
1151 1223 1321 1257 coactum,
1345 1219 1377 1248 in
1403 1218 1536 1249 1³:01·z'n-

829 1268 907 1298 ciam
921 1268 1111 1298 contendisse
1128 1267 1396 1299 confirmabant!
1443 1267 1536 1298 Hinc

831 1319 924 1349 clare
954 1318 1061 1359 vides,
1091 1320 1172 1360 quid
1201 1321 1354 1361 optarint
1388 1321 1537 1352 barbari.

831 1369 937 1400 Norv.
960 1369 1125 1409 Bongars.
1152 1380 1202 1410 pr.
1227 1371 1348 1402 Petav.
1372 1370 1535 1412 Gottorp.

833 1419 929 1450 Voss.
955 1424 990 1450 et
1021 1420 1185 1459 Egmond.
1212 1420 1349 1458 babent,
1373 1421 1400 1451 si
1431 1420 1473 1451 ab
1504 1431 1538 1452 re

825 1469 1050 1508 frumentaria.
1096 1471 1221 1502 Locum
1260 1471 1375 1512 itaque
1406 1471 1454 1503 sic
1487 1480 1538 1502 re-

833 1519 943 1560 fingo:
966 1522 995 1551 si
1021 1521 1064 1551 ab
1088 1531 1121 1551 re
1143 1521 1355 1558 frumentaria
1384 1522 1540 1553 Romanos

833 1571 1002 1611 excludere,
1024 1575 1052 1602 et
1075 1573 1223 1602 adductos
1237 1572 1337 1612 inopia
1352 1573 1385 1602 in
1403 1573 1540 1612 provin-

835 1620 922 1651 ciam
938 1622 1104 1661 repellere
1116 1626 1249 1662 possent.
1287 1622 1384 1653 Levis
1400 1627 1452 1653 est
1467 1632 1538 1653 mu-

835 1670 941 1709 tati03
965 1671 1024 1702 sed
1049 1681 1090 1702 ex
1115 1681 1156 1702 ea
1178 1681 1293 1702 seusus
1317 1672 1468 1712 exsurgit
1491 1672 1541 1702 rei

835 1729 1014 1761 congruus.
1075 1721 1163 1751 Vide
1202 1721 1350 1761 Celsum,
1392 1732 1424 1761 p.
1464 1724 1539 1753 147.

835 1770 945 1802 Dacis.
969 1780 1040 1802 cur.
1069 1780 1135 1801 sec.
1172 1770 1209 1802 Si
1232 1771 1269 1802 ab
1297 1781 1332 1802 re
1358 1772 1441 1802 Mss.
1466 1770 1539 1802 fere

834 1830 949 1855 omnes
975 1826 1010 1852 et
1037 1821 1124 1852 Edd.
1151 1822 1245 1852 Vett.
1275 1822 1328 1852 vel
1355 1832 1386 1852 a.
1424 1822 1539 1853 Oxon.

834 1870 923 1902 And.
940 1871 1018 1911 Cuj.
1034 1874 1069 1902 ut
1084 1871 1122 1902 ab
1131 1881 1169 1902 re
1186 1882 1196 1901 :
1215 1881 1329 1912 quom.
1346 1871 1432 1903 Edd.
1450 1882 1540 1912 quae-

835 1922 924 1962 dam,
955 1928 993 1954 ut
1024 1922 1114 1962 Aldi,
1149 1922 1310 1963 Gryphii,
1344 1923 1460 1955 -l‘lant,
1499 1923 1540 1954 Iu

835 1974 928 2005 Leid.
945 1984 998 2015 pr.
1015 1979 1147 2006 tantum
1164 1979 1228 2014 est,
1242 1975 1269 2005 si
1282 1984 1315 2006 re
1326 1974 1376 2012 fr.
1410 1974 1441 2005 A
1464 1975 1542 2006 Sca-

833 2025 940 2065 ligero
955 2029 1008 2056 est
1023 2034 1063 2055 ex
1081 2025 1196 2056 Ursini
1213 2025 1342 2056 Codice
1366 2025 1394 2056 si
1416 2028 1471 2055 aut
1493 2035 1542 2057 re.

835 2077 927 2107 Dein
944 2075 1142 2117 praepositio
1164 2085 1204 2106 ex
1228 2085 1294 2106 uon
1312 2081 1489 2116 comparet
1502 2076 1540 2107 *in

836 2126 954 2167 Cujac.
974 2125 1070 2156 Leid.
1095 2135 1146 2166 pr.
1169 2126 1294 2167 Scalig.
1318 2125 1431 2158 Oxou.
1448 2125 1542 2158 And.

836 2177 906 2208 Pro
923 2177 1072 2217 expellere
1090 2176 1222 2209 Duker.
1239 2186 1259 2207 a
1274 2187 1317 2207 m.
1341 2187 1393 2217 pr.
1415 2177 1542 2217 pellere.

838 2227 1013 2258 Exi-ludere
1030 2227 1149 2267 Cujac.
1170 2227 1266 2258 Leid.
1291 2237 1340 2268 pr.
1363 2228 1488 2269 Scalig.
1506 2232 1543 2259 et

837 2277 951 2309 Oxon.
983 2276 1063 2310 fors.
1095 2282 1131 2308 et
1161 2277 1289 2309 Audin.
1336 2279 1438 2311 Quod
1473 2288 1542 2309 non

836 2328 954 2359 dubito
985 2337 1101 2359 veram
1123 2337 1203 2359 esse
1242 2328 1436 2360 lectionem.
1481 2329 1543 2360 Ni-

837 2379 946 2411 casius
970 2379 1195 2412 Hellebodius
1216 2380 1344 2420 ejicere
1372 2380 1480 2411 voluit
1502 2390 1543 2411 cx

839 2429 1017 2468 Provincia,
1044 2430 1097 2460 vel
1128 2431 1244 2471 legere
1269 2431 1301 2460 in
1330 2429 1542 2467 Provinciam,

836 2479 886 2509 uti
902 2484 938 2509 et
961 2479 1196 2511 Hotomannus
1217 2489 1257 2511 ac
1281 2481 1428 2520 Lipsius.
1473 2479 1541 2511 Sed

838 2528 962 2568 Mstos,
978 2529 1125 2569 optimos
1141 2539 1234 2569 sane,
1251 2540 1386 2571 sequor.
1414 2529 1542 2560 Frandi

836 2577 903 2609 fuit
918 2578 1064 2610 librariis
1081 2581 1243 2620 repetitio
1260 2581 1355 2610 verbi
1371 2580 1541 2611 excludere.

836 2629 904 2660 Sed
931 2629 989 2660 ilia
1014 2639 1082 2662 non
1108 2636 1160 2662 est
1187 2629 1383 2672 infrequens
1415 2636 1542 2660 nostro.

838 2679 925 2711 Vide
941 2681 1075 2713 omnino
1091 2681 1133 2713 ad
1149 2691 1172 2713 1.
1189 2685 1242 2712 44.
1266 2683 1276 2698 ⁴
1294 2681 1320 2711 si
1345 2682 1468 2711 iterum
1484 2689 1543 2711 ex-

836 2732 942 2773 periri
972 2733 1089 2771 velint,
1115 2733 1238 2764 iterum
1275 2736 1431 2772 paratum
1465 2740 1541 2763 sese

838 2783 1028 2815 decertare.
1072 2784 1109 2814 Si
1124 2793 1208 2823 pace
1225 2782 1275 2813 uti
1290 2781 1417 2814 veiint.’
1464 2781 1542 2813 Dis-

1402 2834 1455 2866 41
