1818 3131
203 173 317 216 1014

202 279 323 319 malint,
351 284 386 310 nt
416 279 641 311 exhibuerunt
667 280 805 312 vascos.
824 281 903 312 ΑΜ.

203 330 335 370 Grypli.
365 330 479 368 szeph.
505 329 638 370 aliique.
683 331 750 361 Sed
774 336 809 362 et
825 332 903 362 alibi

203 380 320 411 Caesar
332 385 406 420 post
426 388 573 418 praesens
589 380 727 411 adhibet
741 381 906 421 inperfec-

207 435 278 461 tum
307 430 533 469 subjunctivi:
567 429 592 459 si
622 431 722 461 Mstis
748 431 903 462 habenda

201 486 254 510 est
272 479 368 510 tides.
388 479 428 509 V.
447 480 488 509 ad
513 488 536 509 1.
566 484 596 510 8.
625 481 665 511 Β.
693 481 765 512 Civ.
789 490 828 512 ιι.
850 484 902 512 39.

202 531 211 546 ‘
237 530 433 566 Accelerat,
460 534 498 560 ut
523 531 660 569 posset.’
686 532 725 562 B.
751 532 824 563 (iv.
849 540 903 561 111.

201 583 279 610 109.
305 581 313 595 ⁴
333 580 378 610 L't
405 579 437 609 in
463 585 633 620 potestate
650 581 804 619 haberet,
835 580 904 611 effi·

201 630 271 660 vii?
305 630 345 660 Β.
377 630 481 662 Afric.
509 641 539 662 c.
568 634 620 662 37.
654 633 837 672 ‘imm-rat,
868 638 904 662 ut

200 685 314 712 essent
338 681 486 722 praestoss
503 691 533 712 c.
551 685 604 713 85.
631 684 639 698 ‘
658 683 705 713 [t
723 682 803 722 fuga
820 684 907 713 salu-

201 737 269 762 tem
306 737 477 772 pararent,
517 733 761 773 ogrediunturl
792 742 820 763 c.
852 736 904 763 8¹3.

199 784 207 798 ‘
220 782 388 821 hortatur,
400 788 435 813 ut
447 784 586 814 servitia
597 783 876 814 manumitterent
887 784 906 812 ·.’

199 838 234 863 et
252 833 261 849 ‘
276 834 486 871 cohortatur,
498 841 533 864 ut
553 839 659 874 portae
673 832 909 873 aperirentur.'

242 891 291 913 lx.
321 885 339 913 3
375 883 564 923 Influmine
591 884 716 925 Ligeri]
740 885 904 923 Bongars.

199 942 248 973 pr.
269 933 395 964 Lovan.
414 934 535 966 Petav.
550 940 583 966 et
601 938 619 965 4
636 936 692 965 alii
723 945 797 966 cum
816 935 904 966 Edd.

197 984 316 1022 primis
348 984 473 1023 Ligure.
520 986 586 1016 Sed
611 987 695 1017 Mss.
722 987 844 1025 scalig.
871 991 906 1017 et

200 1034 294 1065 Leid.
313 1036 410 1074 prim.
438 1036 519 1067 dant
545 1037 683 1075 Ligeris:
707 1042 743 1068 ut
759 1039 766 1053 ‘
781 1036 904 1067 flumen

197 1085 330 1123 Rheni:
343 1091 406 1116 διο.
428 1087 437 1102 ⁴
454 1086 592 1118 flumine
616 1088 777 1127 Tium-iss
790 1088 904 1119 Valer.

198 1134 291 1165 Max.
307 1144 347 1166 ιι.
365 1138 438 1167 Δ1.5.
456 1137 513 1167 ubi
531 1137 586 1167 alii
608 1138 721 1168 Tiberi.
768 1138 856 1169 'Vide
871 1143 905 1169 et

200 1184 274 1214 YV.
295 1186 362 1216 LL.
382 1187 420 1216 1¹..
441 1186 541 1218 Alex.
567 1198 595 1218 c.
617 1190 669 1218 ⁶28.
694 1190 702 1205 ‘
723 1189 822 1219 Mons
841 1190 902 1220 Ce-

197 1236 328 1266 rennae’
361 1237 443 1269 Mss.
482 1247 546 1268 vu.
586 1241 640 1269 56.
686 1242 694 1256 ‘
727 1240 902 1279 Oppidum

196 1285 339 1326 Thapsi’
356 1288 438 1318 Mss.
451 1288 491 1318 B.
508 1288 711 1320 Afric.c.·28.
727 1290 781 1320 ubi
796 1291 902 1330 plura.

241 1334 330 1370 Quod
346 1337 452 1377 influit
482 1338 654 1378 Oceanum]
684 1340 739 1370 Sic
759 1341 797 1370 B.
815 1341 858 1371 G.
878 1350 902 1372 ι.

196 1388 226 1416 ὃ.
253 1386 261 1402 ‘
278 1386 387 1418 Quem
405 1386 529 1418 flumen
547 1389 750 1420 Rhodanum
768 1389 902 1421 influit.’

196 1435 236 1466 In
265 1436 336 1466 aliis
362 1436 499 1476 legitur,
524 1439 533 1454 ‘
551 1437 640 1478 qnod
664 1438 776 1470 influit
801 1441 832 1470 in
859 1440 905 1471 0-

196 1487 362 1517 ceanum!
407 1487 473 1517 Sed
501 1488 711 1528 praepositio,
733 1493 769 1520 nt
790 1495 905 1521 monet

195 1537 232 1567 F.
251 1537 406 1576 Ursinus,
423 1537 518 1568 abest
541 1548 560 1567 a
586 1539 681 1569 Vett.
708 1539 903 1578 codicibus,

195 1597 293 1628 quam
319 1588 396 1619 ideo
419 1588 678 1628 expungendam
700 1589 903 1620 censuimus.

195 1637 307 1668 Daris.
333 1636 441 1668 Abest
467 1647 545 1667 sane
573 1638 644 1668 liaec
674 1639 868 1678 praepositio
886 1649 904 1668 a

197 1686 294 1718 Leid.
312 1687 432 1726 primo,
445 1686 558 1718 Oxon.
574 1686 698 1726 Scalig.
715 1692 751 1717 et
768 1697 834 1718 nna
850 1689 904 1718 vel

196 1738 304 1767 altera
327 1737 491 1768 editione.
535 1737 602 1768 Sed
620 1737 652 1767 in
670 1737 794 1768 ceteris
818 1739 902 1769 Mss.

195 1791 231 1817 et
244 1786 332 1817 Edd.
348 1791 537 1826 comparet,
550 1791 585 1817 et
597 1787 704 1827 magis
718 1787 903 1827 respondet

196 1836 286 1876 stylo
303 1837 462 1875 Caesaris,
479 1836 536 1876 qui
553 1835 831 1876 pra-positionem
848 1847 903 1877 ge-

195 1887 323 1917 minare
340 1891 442 1917 amat.
489 1886 592 1917 Certe
613 1886 738 1928 ubique
755 1888 902 1919 retinen-

196 1936 271 1965 dam
290 1945 376 1972 esse,
395 1935 451 1966 ubi
469 1936 603 1976 plurimi
629 1941 663 1966 et
679 1937 836 1968 meliores
846 1938 901 1978 ju-

195 1988 278 2017 bent
295 1987 454 2025 Codices,
470 1986 608 2026 negabit
625 1997 736 2027 nemo,
761 1992 798 2018 ut
822 1997 900 2018 con-

195 2041 248 2066 tra
275 2046 341 2067 non
371 2036 576 2067 inculcanda
611 2041 675 2076 est,
703 2037 759 2067 ubi
791 2038 898 2068 Codd.

193 2086 358 2117 abnuunt.
396 2086 485 2116 Vide
503 2086 544 2116 ad
563 2095 586 2117 1.
602 2090 655 2118 -18,
679 2088 689 2104 ‘
707 2087 750 2118 ad
766 2092 900 2119 nostros

195 2136 420 2176 adequitare.'
446 2137 486 2167 B.
503 2137 548 2168 G.
574 2146 598 2168 1.
624 2142 655 2169 S.
680 2148 747 2169 non
774 2139 903 2170 habent

196 2185 279 2217 Mss.
303 2187 311 2202 ‘
326 2186 460 2226 Quem‚'
477 2187 536 2218 sed
560 2188 569 2204 ‘
583 2187 686 2228 quiin
699 2187 822 2219 flumen
837 2189 900 2220 Ru.

194 2235 335 2266 influit:'
369 2236 426 2266 nbi
443 2237 570 2268 adduxi
587 2246 653 2269 vn.
671 2241 723 2268 57.
758 2238 766 2255 ‘
784 2238 816 2268 in
840 2237 900 2269 flu-

194 2295 271 2316 men
299 2287 489 2327 Sequanam
514 2285 647 2319 influit!
689 2296 742 2319 lv.
768 2291 819 2319 10.
843 2289 900 2319 ‘in

196 2335 384 2367 Oceanum'
397 2341 433 2366 et
445 2337 453 2352 ‘
470 2337 502 2366 iu
518 2337 672 2367 Rhenum
690 2336 822 2369 influit.'
846 2338 899 2369 lb.

193 2385 204 2403 ‘
228 2385 411 2426 multisque
451 2387 623 2426 capitibus
656 2387 690 2417 in
721 2388 899 2419 Oceanum

190 2434 322 2467 influit.'
341 2445 387 2467 vr.
406 2438 456 2466 33.
484 2438 493 2453 ‘
513 2437 611 2469 Quod
637 2437 748 2469 influit
767 2439 798 2468 in
825 2439 900 2470 Mo·

195 2486 289 2518 sam.'
325 2487 366 2517 B.
394 2486 494 2516 Alex.
522 2495 551 2517 c.
568 2490 621 2518 29.
648 2488 656 2504 ⁶
675 2487 773 2520 Quod
791 2488 824 2518 in
841 2489 901 2520 Ni·

195 2537 262 2567 lum
280 2535 469 2567 influebat!

236 2591 255 2617 5
275 2587 376 2622 Quam
388 2587 525 2627 primum
535 2587 654 2629 potuit]
675 2589 731 2620 Sic
745 2589 898 2632 Scaliger

194 2642 231 2668 et
253 2647 348 2679 seqq.
376 2638 461 2670 Mss.
486 2647 601 2670 omnes
627 2644 663 2670 et
687 2641 774 2672 Edd.
800 2643 895 2674 vett.

194 2697 286 2727 qnum
294 2689 446 2728 primum:
460 2693 499 2720 ut
509 2699 539 2721 c.
553 2692 603 2721 ll.
616 2690 625 2706 ‘
637 2700 738 2731 quum
753 2691 896 2732 primum

195 2739 333 2779 posset!
355 2739 505 2782 Scdjam
517 2740 667 2773 restituit
681 2741 715 2772 id
728 2742 894 2775 Clarkius.

663 184 802 216 NOTAE
844 184 1109 218 VARIORL‘M
1151 184 1201 218 IN

999 283 1018 311 7
1044 282 1177 320 Cognito
1196 282 1233 312 (¹.
1260 279 1409 320 adventu]
1438 278 1587 313 'I‘nrbant
1604 278 1657 314 hic

957 340 1071 362 rursus
1100 334 1181 362 Mss.
1214 342 1289 362 nam
1322 331 1551 371 llongarsiani,
1573 332 1658 363 Vos·

956 382 1050 419 siani,
1071 382 1260 417 Leideuses.
1279 382 1395 421 s‘njzuu
1419 381 1537 412 l'etav.
1561 381 1658 422 Egm.

959 432 1082 462 Lovan.
1115 434 1212 463 (lou.
1251 433 1383 463 Duker.
1419 432 1562 463 Durrill.
1595 441 1658 462 nec

957 482 1076 512 dubito
1094 482 1136 512 de
1166 483 1252 518 aliis,
1277 483 1356 512 item
1388 481 1472 512 Edd.
1493 482 1588 512 Rom.
1606 481 1662 512 In·

957 538 1064 569 certa,
1094 532 1232 562 Mediol.
1256 533 1341 563 Yen.
1368 531 1494 561 addunt
1515 532 1660 562 artiores

950 581 1055 619 sacti.-
1078 581 1167 621 quod
1186 591 1288 619 genus
1304 582 1439 622 quidem
1464 582 1591 621 duplici
1611 590 1661 611 ra-

958 631 1048 660 tione
1066 636 1158 660 recte
1176 642 1210 660 se.
1227 631 1342 669 habet,
1369 636 1405 660 et
1430 632 1539 661 forsan
1556 631 1658 661 etiam

957 681 999 711 ub
1017 680 1168 712 Auctore
1186 682 1377 722 profectum
1402 687 1465 712 est.
1512 682 1600 712 Vide
1616 681 1658 713 ad

958 740 998 761 ιι.
1015 734 1046 761 7.
1066 737 1100 762 et
1118 733 1233 762 multis
1262 733 1344 763 locis
1370 733 1541 764 Frontini:
1580 735 1661 764 Cor-

959 782 1042 812 tium
1057 783 1098 812 ad
1124 783 1258 813 Sallust.
1292 785 1330 813 n.
1350 785 1424 814 (fat.
1448 793 1476 813 c.
1492 786 1524 813 6.
1548 785 1556 799 ‘
1572 783 1662 813 (Livi-

959 837 1059 870 tates,
1087 844 1169 874 quos
1208 834 1341 863 luxuria
1379 838 1482 874 atque
1518 834 1662 864 avaritia

958 882 1152 913 vexabant.'
1188 884 1228 914 Β.
1258 883 1331 913 (Τίν’.
1360 892 1414 913 ιιι.
1443 887 1495 914 Sl.
1531 886 1539 900 ‘
1559 884 1662 914 Nulla

958 932 1021 964 fuit
1047 934 1166 964 civitas
1181 935 1260 975 quin
1289 934 1454 974 imperata
1479 932 1661 965 facerent!

958 983 1011 1012 Sic
1030 983 1113 1013 Mss.
1133 983 1267 1023 qnidam
1287 992 1299 1013 x
1312 992 1350 1013 ιι.
1369 985 1420 1013 36.
1448 986 1456 1000 ⁸
1475 993 1571 1014 uliam
1587 992 1661 1014 csse

957 1033 1144 1063 civitatem.
1190 1033 1271 1072 Ejus
1288 1031 1494 1064 auctoritate
1513 1033 1661 1074 reliquos

956 1083 1144 1123 contineri‚'
1163 1083 1220 1114 ubi
1235 1084 1311 1113 vide
1330 1083 1437 1123 plura.
1464 1094 1494 1114 c.
1515 1086 1567 1113 (il.
1590 1085 1599 1100 ⁴
1619 1084 1662 1114 le·

956 1136 1071 1174 giones
1097 1142 1198 1176 atquc
1223 1145 1339 1165 omncs
1364 1134 1602 1175 perturbatos!
1619 1135 1660 1165 B.

955 1188 1028 1218 (iv.
1052 1197 1090 1218 ιι.
1109 1191 1161 1218 -11,
1185 1188 1193 1203 ‘
1213 1188 1319 1227 prima
1343 1192 1377 1217 et
1406 1187 1557 1217 secunda
1584 1191 1660 1227 post

954 1238 1087 1269 lios.’B.
1103 1237 1210 1268 Afric.
1228 1247 1256 1268 c.
1271 1241 1322 1267 53.
1341 1239 1348 1253 ‘
1364 1237 1523 1276 legiones,
1537 1235 1661 1276 veriti‚'

954 1290 1018 1318 stc.
1043 1294 1078 1319 et
1094 1288 1213 1318 similia
1244 1288 1441 1328 saepissime,
1459 1287 1662 1326 praesertim,

955 1339 1090 1380 quando
1103 1339 1235 1368 nomina
1251 1338 1384 1368 urbium
1399 1343 1572 1376 ponuntur
1585 1348 1661 1369 cum

955 1388 1131 1428 adjectivis
1167 1391 1201 1418 ct
1241 1387 1351 1418 verbis
1388 1387 1441 1417 l'l.
1486 1388 1588 1418 Num.
1626 1392 1661 1418 et

956 1437 1102 1468 Mascul.
1120 1438 1207 1468 Gen.
1221 1437 1263 1467 de
1280 1437 1400 1478 quibus
1415 1437 1492 1467 vide
1505 1438 1600 1468 Voss.
1617 1438 1659 1468 ad

956 1488 1144 1518 B.(:iv.11.
1164 1490 1215 1518 19.
1240 1492 1275 1518 et
1301 1492 1428 1528 pra-ter
1452 1487 1533 1518 alios
1560 1488 1663 1528 inpri-

954 1538 1016 1568 mis
1034 1547 1124 1578 sa‘pe
1142 1538 1182 1567 ad
1203 1538 1332 1568 Livium
1350 1538 1501 1568 Gronov.
1527 1543 1563 1568 ut
1580 1548 1661 1570 vm.

957 1591 1007 1618 ll.
1027 1587 1114 1619 infra
1129 1598 1177 1619 vr.
1195 1591 1224 1618 3.
1245 1591 1377 1619 v11.37.
1416 1588 1481 1619 Sed
1501 1589 1577 1630 quid
1594 1590 1662 1621 erit

955 1639 1077 1678 cognito
1102 1640 1235 1669 ‹ult-enta
1257 1639 1406 1669 certiores
1415 1637 1508 1676 facti.
1557 1639 1660 1671 Certe

954 1689 1008 1719 vel
1036 1694 1193 1729 superest
1223 1688 1366 1729 aliquid,
1394 1690 1446 1720 vel
1472 1689 1581 1728 deest,
1606 1690 1659 1721 ve!

955 1739 1169 1770 scribendum
1195 1743 1271 1770 erat
1295 1739 1448 1770 desubito
1475 1740 1511 1771 C.
1527 1742 1661 1772 adrerum

953 1789 1024 1819 sive
1050 1789 1209 1829 inopinato
1235 1789 1288 1820 vel
1318 1789 1454 1830 inopino.
1493 1791 1659 1830 Cognoscit

954 1843 988 1869 et
1001 1838 1231 1876 certiorsuctus
1247 1838 1280 1869 in
1294 1839 1378 1870 Mss.
1400 1845 1435 1870 et
1452 1840 1538 1871 Edd.
1557 1841 1658 1882 vulgo

946 1889 1105 1929 jungitur
1121 1898 1256 1930 quoque
1272 1897 1337 1920 vn.
1356 1893 1383 1920 l.
1399 1890 1457 1920 ubi
1473 1890 1561 1922 vide.

995 1941 1016 1968 9
1047 1939 1193 1979 Legatos,
1216 1940 1296 1979 quod
1319 1949 1427 1970 nomen
1449 1941 1532 1980 apud
1557 1950 1659 1971 omnes

951 1988 1104 2029 nationes]
1128 1988 1181 2019 An
1206 1989 1311 2029 legati
1335 1990 1489 2029 vocandi,
1507 2000 1588 2030 quos
1605 2000 1659 2022 su-

953 2048 1015 2078 pra
1031 2038 1132 2069 tribb.
1159 2038 1303 2069 militum
1327 2038 1428 2078 dixit,
1452 2039 1589 2070 emissos
1613 2039 1659 2071 ad

952 2087 1160 2119 frumentum
1185 2088 1472 2129 conquirendum?
1506 2089 1594 2121 Sane
1623 2090 1659 2121 li-

951 2142 1019 2169 cet.
1073 2139 1144 2170 Dio
1171 2143 1285 2170 tamen
1313 2140 1334 2169 l.
1364 2147 1496 2171 xxxix.
1522 2150 1552 2181 p.
1583 2143 1656 2172 109.

953 2187 999 2218 ait
1031 2188 1141 2228 primo
1176 2188 1294 2219 missos
1330 2189 1457 2220 milites
1495 2188 1658 2222 frumenti

952 2247 1090 2268 caussa:
1117 2238 1173 2269 ubi
1190 2238 1239 2268 illi
1265 2239 1392 2270 retenti
1416 2244 1506 2278 sunt,
1527 2240 1659 2280 legatos

951 2288 1006 2328 qui
1023 2293 1232 2328 repeterent.
1280 2289 1380 2321 Quod
1398 2298 1464 2319 uon
1483 2289 1657 2330 displicet.

949 2339 1074 2368 Tamen
1102 2340 1218 2370 Caesar
1241 2338 1314 2378 ipse
1338 2338 1421 2369 dicit
1447 2338 1553 2369 infra:
1577 2339 1586 2355 ‘
1604 2348 1657 2369 re-

951 2388 1060 2418 tentio
1074 2388 1226 2429 equitum
1242 2387 1492 2419 Romanorum!
1526 2387 1655 2420 Quibus

949 2439 1062 2470 verbis
1104 2439 1282 2470 manifeste
1311 2438 1463 2470 ostendit
1493 2437 1655 2471 frumenti

949 2489 1210 2530 conquisitores,
1225 2489 1305 2530 quia
1321 2489 1457 2530 publico
1480 2489 1581 2520 missu
1597 2498 1656 2520 ve·

948 2545 1081 2580 nerant,
1098 2539 1158 2571 abs
1181 2549 1217 2570 se
1233 2541 1364 2579 legatos
1384 2539 1561 2580 appellari.
1607 2541 1654 2572 Et

947 2590 1052 2630 legati
1075 2589 1164 2630 apud
1191 2589 1322 2620 Livium
1356 2590 1364 2605 ‘
1381 2589 1521 2621 nuncios
1542 2599 1579 2621 se
1597 2599 1656 2631 po·

952 2641 1022 2682 puli
1035 2639 1192 2672 Romani'
1208 2644 1342 2671 vocant.
1384 2640 1517 2672 Vossius.
1547 2641 1654 2682 Lega-

946 2694 1196 2722 tos—retentos
1212 2689 1267 2720 abe
1289 2699 1320 2721 ee
1338 2693 1367 2721 et
1384 2691 1417 2720 in
1432 2691 1554 2722 vincula
1569 2700 1649 2722 cou-

940 2741 1063 2783 jectos.
1106 2741 1198 2781 Lege
1216 2742 1304 2777 Quod
1317 2745 1464 2782 quantum
1479 2742 1512 2773 in
1526 2742 1652 2781 sesuvi-
