1872 3115
230 213 315 255 966

230 316 356 357 saepius
383 317 430 348 ita
463 317 575 348 Livius
611 321 646 347 et
678 317 755 348 alii:
790 317 833 348 ‘a
853 327 930 349 con—

229 372 351 408 spectu
387 366 566 397 abducere’
590 368 705 399 Front.
737 377 777 399 ιι.
811 371 842 399 8.
879 372 930 401 13.

231 417 240 433 ‘
255 427 274 448 a
290 416 367 448 sano
385 417 527 456 tollere,'
552 417 638 448 infra
654 419 693 449 B.
708 419 782 450 Civ.
802 429 857 450 ιιι.
876 422 928 451 32.

228 467 316 499 Vide
335 468 367 500 J.
385 469 429 499 G.
444 469 598 499 Vossium
614 469 656 500 de
675 470 809 502 Constr.
831 481 861 503 c.
876 474 929 503 46.

228 517 350 550 Horat.
374 518 440 549 Od.
465 528 514 549 ιν.
541 523 573 550 5.
598 519 710 550 ‘dulci
739 520 880 552 distinet
909 531 928 552 a

228 568 351 600 domo.'

273 622 309 650 ll
349 619 488 660 Utraque
511 621 623 662 periit]
659 622 743 653 Mse.
772 622 858 664 Reg.
893 629 928 655 et

228 669 352 710 Vossii,
375 676 410 701 et
436 671 528 702 Edit.
551 673 645 703 Vctt.
675 674 849 714 ‘utrmque
872 685 928 715 pe·

228 720 380 752 rici-unt!
407 722 515 751 Clark.
580 723 726 763 [ἐι-(τρυε
741 724 842 754 etiarn
861 735 927 755 me-

227 779 320 800 orum
338 771 436 811 longe
463 772 613 810 plurimi,
641 778 675 803 et
699 774 927 806 vetustissimi.

228 820 275 851 Ut
311 821 418 858 Bone.
458 832 508 861 pr.
541 832 605 853 sec.
643 823 722 854 Lov.
752 824 845 855 Leid.
875 835 926 865 pr.

227 870 326 900 Voss.
346 880 393 910 pr.
409 870 527 900 Petav.
545 878 578 901 et
597 872 667 902 alii.
704 872 831 903 Omnes
847 884 928 906 vero

227 930 303 951 cum
334 920 506 951 Carriensi
536 921 712 960 perierunt.-
749 933 823 962 quae
848 933 929 955 vera

225 970 329 1001 lectio
363 968 475 1000 forsan
517 969 612 1009 fecit,
651 976 687 1001 ut
727 975 854 1012 utraque
894 975 927 1004 in

226 1024 366 1060 utroeque
378 1021 511 1051 abierit.
557 1021 643 1052 Vide
661 1022 711 1053 el.
740 1023 926 1055 Burmann.

229 1071 271 1102 ad
290 1070 449 1101 Ovidium
466 1081 543 1102 cum
557 1071 730 1110 alibi,tum
748 1072 825 1104 Art.
851 1074 928 1106 Am.

227 1130 268 1152 11.
286 1125 360 1152 283.
385 1123 394 1138 ‘
407 1122 564 1162 Utraque
582 1122 763 1154 laudentur
785 1134 846 1164 per
861 1135 931 1156 car-

225 1170 339 1202 mina.’
384 1173 597 1212 Quamquam
625 1173 760 1205 omnino
787 1184 849 1216 ego
873 1185 930 1216 pu-

229 1228 311 1262 tem,
335 1226 471 1263 utrmque
498 1228 626 1254 rectum
655 1233 739 1264 esse,
766 1231 801 1257 et
823 1232 930 1258 muta-

228 1278 300 1304 tum
318 1278 450 1304 tantum
467 1282 485 1303 a
506 1273 753 1305 recentioribus
769 1275 929 1315 librariis,

228 1323 284 1363 qui
304 1323 502 1353 nesciebant
527 1323 651 1363 utrique
677 1324 710 1354 in
739 1326 861 1365 plurali
888 1327 930 1358 de

227 1372 358 1403 duobus
387 1372 465 1404 dici.
510 1372 577 1405 Adi
601 1375 735 1405 omnino
769 1376 930 1409 Socerum

230 1422 270 1453 ad
287 1423 473 1454 Val.Max.
493 1433 541 1455 vl.
559 1429 590 1455 5.
617 1428 645 1456 3.
706 1426 858 1458 Cortium
888 1429 930 1460 ad

229 1473 367 1504 Sallust.
389 1473 430 1504 B.
448 1475 549 1504 Catil.
568 1485 597 1506 c.
615 1478 668 1506 30.
692 1477 700 1493 ‘
716 1477 862 1518 Utrique
889 1479 931 1510 ad

228 1523 347 1553 urbem
373 1523 604 1562 Imperatores
634 1526 755 1556 erant!
800 1528 931 1559 Vorsti-

230 1583 285 1604 um
299 1573 340 1604 ad
366 1574 492 1605 Justin.
520 1582 568 1604 lx.
594 1577 623 1605 7.
669 1577 678 1592 ⁴
695 1576 841 1618 Utrique
859 1587 932 1609 cre-

232 1623 380 1654 duntur.'
414 1632 483 1655 xm.
509 1627 539 1655 6.
562 1625 698 1665 ‘Magni
719 1630 860 1667 uterque
885 1628 932 1659 vi·

231 1674 282 1711 ri,'
307 1673 420 1704 inveni
449 1674 481 1704 in
509 1674 592 1706 Mss.
620 1678 651 1706 2.
683 1676 816 1717 utrique.
846 1678 932 1709 Gro-

231 1734 307 1755 nov.
340 1725 381 1755 ad
413 1725 489 1757 Liv.
520 1734 648 1758 xxxvi.
679 1730 730 1758 16.
754 1728 932 1771 ‘utraeque

228 1774 367 1805 manus!
403 1776 443 1806 B.
477 1775 586 1807 Afric.
625 1787 656 1809 c.
687 1781 738 1809 61.
769 1779 931 1821 ‘utrique

229 1825 344 1856 duces'
373 1826 486 1857 Caesar
522 1832 557 1858 et
595 1827 721 1868 Scipio.
759 1830 800 1860 B.
833 1830 930 1871 Hisp.

228 1886 259 1906 c.
277 1879 327 1907 21.
373 1876 382 1892 ‘
396 1876 627 1918 Utrorumque
643 1878 750 1918 copiae
766 1879 786 1910 τ’
812 1880 861 1911 uti
879 1885 931 1912 est

229 1927 262 1957 in
278 1927 361 1958 Mss.
400 1927 531 1958 Passim
545 1928 658 1959 Caesar
674 1931 682 1946 ‘
697 1930 846 1971 utrisque
860 1940 931 1961 cas-

229 1976 302 2006 tris'
328 1976 369 2007 de
396 1976 539 2017 duobus,
561 1983 594 2008 et
623 1978 749 2010 Lucan.
781 1989 830 2010 lv.
860 1984 930 2012 196.

228 2029 236 2042 ⁴
254 2027 409 2068 Utraque
441 2027 560 2058 latera'
583 2028 713 2069 Livius,
737 2031 931 2071 Frontinus,

231 2077 299 2108 alii.
344 2077 452 2108 Immo
479 2079 570 2109 clare
596 2079 710 2109 Caesar
734 2080 776 2111 B.
806 2081 880 2112 Civ.
903 2091 928 2113 1.

231 2130 283 2158 83.
308 2128 462 2169 ‘utrique
480 2128 511 2159 in
531 2133 641 2160 casu-a
657 2130 837 2162 discedunt
851 2131 871 2162 :’
895 2137 930 2164 et

229 2187 268 2208 11.
287 2181 317 2208 6.
343 2180 351 2195 ‘
367 2184 519 2220 utraeque
536 2180 758 2211 laborarunt!

275 2231 312 2258 14
339 2228 487 2259 Hostium
502 2230 671 2270 equitatum
685 2232 930 2272 persequentem]

229 2279 296 2310 Ms.
330 2279 469 2311 Norvic.
501 2280 640 2310 exhibet
666 2280 764 2311 hostes
792 2282 931 2320 equitatu

226 2333 468 2370 persequentem,
493 2341 569 2362 cum
595 2341 660 2372 quo
684 2330 815 2363 faciunt
831 2332 930 2364 editt.

229 2380 326 2411 Rom.
351 2380 437 2412 Ven.
463 2381 527 2411 nisi
552 2381 641 2421 quod
666 2382 731 2413 inae
747 2386 929 2422 sequentem.

227 2429 296 2462 Sed
313 2440 332 2461 a
358 2431 494 2471 vulgata
519 2431 667 2463 lectione
695 2436 764 2463 stat
787 2432 930 2463 Graecus

227 2480 410 2521 interpres.
434 2481 545 2512 Daris.
590 2482 673 2512 Mss.
700 2482 786 2521 Reg.
804 2482 930 2513 Eliens.

226 2535 262 2563 et
278 2531 403 2571 Vossii,
425 2536 460 2563 et
490 2531 582 2562 Edit.
611 2532 706 2563 Vett.
728 2532 828 2563 hostes
849 2532 931 2573 equi-

225 2584 306 2614 tatu.
334 2582 442 2613 Clark.
492 2583 609 2613 Hostes
635 2582 775 2622 equitatu
799 2592 817 2613 e
847 2583 930 2613 meis

228 2631 391 2663 exhibent
423 2633 506 2663 Mss.
539 2633 665 2663 Lon-an.
694 2636 729 2663 et
755 2632 810 2663 alii
837 2632 931 2673 quin-

230 2690 320 2721 que:
346 2683 478 2714 hostium
503 2683 639 2723 equitatu
668 2682 763 2713 Leid.
794 2692 862 2715 sec.
896 2687 932 2716 et

231 2730 350 2770 Cujac.
366 2733 461 2764 hostis
484 2734 656 2774 equitatum
668 2733 776 2774 Bong.
791 2743 843 2774 pr.
861 2744 930 2766 sec.

231 2780 328 2812 Leid.
359 2791 409 2821 pr.
439 2783 564 2824 Scalig.
592 2784 713 2815 Petav.
773 2783 823 2816 At
849 2795 931 2817 vero

229 2830 470 2871 Egmundanm
512 2833 610 2863 hostis
646 2833 795 2873 equitatu.
859 2835 931 2876 Op-

696 225 838 256 NOTAE
871 225 1133 256 VAnloRUM
1169 228 1218 256 ΙΝ

982 318 1073 350 time.
1121 319 1389 360 Depravatiouis
1405 329 1560 352 caussam
1581 320 1685 353 fuisse

979 369 1098 410 liquet,
1131 370 1229 401 hostis
1258 371 1290 401 in
1324 370 1487 402 GenitIvo
1512 377 1685 412 sumptum

980 428 1065 458 esse,
1091 430 1166 451 cum
1183 426 1272 452 esset
1291 421 1528 452 Accusativus.
1575 421 1686 453 Inter-

981 480 1056 510 prvs
1074 470 1216 502 Graecus
1235 472 1354 503 incidit
1367 472 1399 502 in
1418 477 1600 512 corruptos
1611 472 1685 512 jam

980 521 1128 559 codices,
1167 531 1250 562 quos
1279 522 1367 552 inter
1392 521 1494 552 etiam
1526 520 1685 553 Vossian.

979 574 1077 613 prim.

1023 626 1063 653 18
1088 623 1117 653 Ε
1141 623 1295 663 munibus]
1326 622 1424 653 Leid.
1453 623 1549 663 prim.
1568 623 1682 653 Vossi-

980 682 1031 703 an.
1058 673 1157 712 prim.
1187 674 1224 703 de
1253 683 1295 702 m.
1325 681 1389 702 non
1419 672 1553 712 quidem
1586 673 1685 704 male.

978 722 1045 753 Sed
1061 721 1205 762 praefero
1224 722 1408 762 vulgatum.
1458 722 1624 761 Ereptum,
1648 726 1685 753 et

979 774 1162 805 restitutum
1203 774 1307 804 videre
1338 773 1387 803 sic
1418 772 1533 812 junxit
1565 771 1685 803 Cicero

981 823 1078 855 Orat.
1095 825 1127 854 in
1142 824 1244 855 Catil.
1275 832 1332 854 ιιι.
1352 826 1382 853 l.
1426 823 1435 838 ⁴
1450 823 1511 861 Ex,
1529 821 1686 854 faucibus

981 873 1042 904 fati
1072 878 1241 914 ereptam,
1265 878 1301 904 et
1327 873 1424 904 vobis
1450 877 1686 904 conservatam

979 934 1018 955 ac
1048 925 1240 955 restitutam
1270 923 1417 954 videtis!
1444 932 1508 954 vu.
1531 926 1584 954 47.
1625 924 1687 955 ‘se

981 986 1022 1006 ex
1039 975 1191 1006 manibus
1207 974 1434 1015 praedantium
1457 973 1600 1005 militum
1625 975 1688 1005 eri·

983 1026 1104 1066 peret.’

1033 1077 1183 1117 Videbat]
1210 1077 1261 1106 Ex
1293 1076 1414 1107 Petav.
1446 1076 1613 1116 Bongars.
1636 1086 1688 1117 pr.

981 1137 1049 1158 sec.
1069 1127 1229 1166 Gottorp.
1254 1126 1419 1167 Egmond.
1448 1127 1575 1158 Lovan.
1606 1128 1689 1158 scri-

982 1177 1130 1208 bendum
1162 1177 1296 1207 viderat.
1342 1177 1457 1207 Datis.
1502 1186 1573 1208 cur.
1620 1187 1687 1210 sec.

987 1228 1113 1258 Viderat
1149 1227 1252 1257 etiam
1279 1227 1389 1257 Palat.
1416 1232 1450 1258 et
1468 1232 1537 1258 tres
1557 1228 1622 1258 mei
1638 1237 1690 1258 re-

982 1278 1154 1308 centiores
1171 1287 1245 1308 cum
1264 1276 1351 1308 Edd.
1381 1277 1511 1317 primis.
1562 1277 1688 1309 Viderct

985 1329 1120 1360 Carrar.
1136 1332 1170 1358 et
1191 1328 1287 1358 Voss.
1306 1331 1387 1358 tert.

1024 1382 1066 1410 20
1090 1380 1141 1410 De
1157 1388 1190 1409 se
1206 1382 1255 1408 ter
1270 1377 1406 1408 sortibus
1415 1377 1602 1418 consultum]
1624 1378 1690 1410 Ille

982 1438 1054 1459 mos
1071 1429 1318 1459 Germanorum
1334 1438 1341 1458 z
1371 1432 1404 1458 et
1417 1428 1527 1459 adhuc
1543 1428 1690 1468 septimo

984 1479 1107 1509 saeculo
1136 1482 1213 1518 post
1245 1477 1390 1508 Caesaris
1418 1482 1574 1517 tempora
1612 1487 1689 1509 eum

986 1529 1134 1567 viguisse
1151 1527 1294 1565 legimus
1311 1526 1399 1567 apud
1419 1527 1549 1558 Bekam
1567 1527 1601 1558 in
1619 1527 1690 1558 vita

985 1578 1220 1617 Willebrordi,
1250 1587 1284 1617 p.
1313 1581 1344 1609 5.
1369 1577 1576 1609 ‘Radbodus
1605 1587 1688 1610 vero

984 1628 1140 1668 injuriam
1170 1628 1239 1659 Dei
1270 1628 1320 1658 sui
1359 1627 1520 1660 ferociter
1555 1628 1690 1660 ulscisei

987 1679 1186 1720 disponens,
1207 1679 1359 1720 jugulari
1383 1679 1486 1720 jussit
1513 1689 1615 1710 unum
1646 1679 1689 1711 de

984 1729 1130 1770 collegio
1143 1729 1260 1760 Sancti
1277 1729 1485 1768 Sacerdotis,
1502 1739 1564 1770 per
1576 1739 1689 1761 casum

985 1779 1172 1819 sortilegii!
1218 1779 1317 1810 Beka
1332 1789 1412 1810 vero
1428 1779 1500 1811 haec
1518 1789 1560 1810 ex
1586 1779 1689 1811 Alcu-

983 1828 1040 1859 ino
1071 1829 1195 1867 bausit,
1237 1829 1294 1870 qui
1331 1829 1550 1861 willebrordi
1582 1830 1687 1862 vitam

984 1880 1201 1920 conscripsit,
1226 1885 1262 1911 et
1286 1880 1333 1910 ait
1351 1879 1502 1921 quotidie
1531 1889 1607 1912 eum
1635 1885 1689 1912 ter

982 1933 1095 1959 sortes
1128 1929 1281 1969 jecisse:
1328 1929 1433 1960 verba
1467 1930 1541 1961 haec
1589 1935 1686 1963 sunt:

982 1980 990 1995 ‘
1008 1979 1192 2010 Radbodus
1222 1979 1326 2010 nimio
1350 1978 1464 2010 furore
1496 1989 1691 2020 succensus,

983 2029 1016 2060 in
1036 2029 1249 2061 sacerdotem
1277 2030 1346 2061 Dei
1372 2029 1452 2068 vivi,
1476 2039 1610 2061 suorum
1639 2031 1688 2062 in·

976 2081 1087 2121 jurias
1120 2080 1259 2112 deorum
1288 2081 1404 2112 ulcisci
1430 2081 1626 2120 cogitabat:
1653 2087 1689 2113 et

983 2140 1044 2171 per
1069 2130 1156 2161 diem
1184 2140 1318 2171 semper
1342 2131 1450 2162 tribus
1466 2131 1597 2163 vicibus
1628 2142 1688 2163 suo

983 2190 1075 2212 more
1107 2182 1269 2213 mittebat
1299 2186 1421 2221 sortes,
1451 2188 1486 2213 et
1516 2192 1684 2224 nunqnam

984 2230 1215 2262 damnatorum
1241 2240 1322 2270 soa,
1350 2232 1426 2262 Deo
1463 2241 1544 2263 vero
1571 2231 1687 2264 defen·

983 2281 1087 2312 dente
1115 2291 1203 2319 suos,
1238 2290 1339 2321 super
1366 2277 1498 2313 servu'm
1527 2282 1609 2321 Dei,
1631 2283 1685 2315 vel

985 2331 1129 2371 aliquem
1159 2341 1201 2362 ex
1227 2331 1308 2370 suis,
1325 2332 1446 2363 cadere
1464 2332 1597 2373 potuit:
1623 2342 1686 2364 nec

983 2382 1046 2412 nisi
1065 2392 1151 2413 unus
1169 2387 1300 2414 tantum
1317 2393 1359 2414 ex
1372 2383 1472 2415 sociis
1489 2388 1579 2415 sorte
1596 2393 1686 2415 mon-

983 2438 1124 2473 stratus,
1153 2438 1190 2464 et
1219 2434 1382 2474 martyrio
1407 2438 1587 2465 coronatus
1610 2434 1686 2465 est!

988 2482 1122 2514 Vossius.
1183 2482 1325 2514 Graecus
1363 2483 1550 2523 lnterpres,
1577 2493 1684 2525 neque

984 2533 1101 2564 Celsus
1127 2533 1332 2565 mentionem
1353 2532 1488 2564 -faciunt
1512 2534 1614 2565 ullam
1643 2534 1684 2565 de

984 2593 1124 2615 numero
1149 2583 1312 2623 ternario,
1327 2582 1386 2613 sed
1404 2582 1481 2614 wide
1499 2583 1620 2623 Scalig.
1643 2593 1684 2615 nc

983 2634 1111 2666 Brouk.
1129 2633 1171 2665 ad
1187 2632 1312 2665 Tibulli
1338 2642 1361 2663 1.
1386 2635 1417 2664 3.
1441 2634 1451 2650 ⁴
1467 2633 1546 2674 lpse
1572 2643 1684 2666 sacras

982 2684 1081 2724 pueri
1098 2690 1206 2715 sortes
1224 2687 1276 2713 ter
1288 2682 1448 2713 sustulit!

1024 2737 1065 2766 23
1090 2735 1138 2766 M.
1167 2734 1302 2765 Mettius
1323 2734 1478 2775 repertun]
1513 2735 1622 2766 Extat
1647 2739 1684 2766 et

981 2794 1133 2817 nummus
1162 2793 1281 2815 averso
1304 2784 1411 2816 latere
1437 2784 1532 2825 bigas
1557 2794 1683 2826 repra‘-

982 2840 1131 2874 sentam,
1147 2835 1327 2866 insistente
1352 2835 1501 2875 Pallade,
1525 2834 1681 2876 velquod
