1818 3131
257 181 371 226 1310

256 286 394 318 videtur
421 293 495 316 esse
525 284 558 314 in
590 283 699 322 Bong.
731 290 799 312 sec.
837 281 959 312 Posset

259 347 334 368 esse
365 346 446 375 qua,·
478 338 514 364 ut
540 333 584 363 sit
611 332 836 363 nominativus
864 330 959 361 verbi

257 386 400 426 cingebat
417 385 518 416 etiam
526 383 657 423 flumen.
703 382 757 413 De
779 381 840 412 hac
857 381 959 422 parti-

259 437 335 467 cula
351 434 494 465 diximus
510 442 613 473 supra
629 430 818 472 aliquoties.

301 489 320 515 ὃ
345 485 415 515 Ηοι·
437 482 590 522 avertere]
622 482 662 512 In
680 482 799 512 l’etav.
817 480 905 511 And.
924 486 959 511 ct

260 536 374 566 Oxou.
398 533 523 573 iegitur
539 533 662 573 flumen
685 531 796 561 averti.
841 530 959 560 Scribe

259 585 314 616 hoc
333 585 455 626 flumen
484 583 596 622 averti,
623 581 682 612 loci
711 591 742 611 n.
769 580 857 621 proh.
920 579 958 609 id

261 633 417 673 flagitare
467 633 586 663 horum
637 629 961 662 Commentariorum

260 683 368 723 stylus
380 681 526 712 videtur.
551 681 676 712 Statim
691 681 700 697 ‘
712 688 849 719 magnus
866 677 961 716 fon&

261 735 323 763 ἃς.
360 731 449 762 ‘hoc
477 729 593 761 fonte)
635 728 748 760 Ater-ti
790 732 885 757 ccrte
913 735 962 756 re-

261 782 349 822 cepi.

303 835 324 862 9
340 831 393 862 Sic
409 831 488 861 enim
504 829 590 868 imis]
614 829 669 859 xta
685 828 751 858 Ms.
766 826 881 866 steph.
899 825 963 856 Pe-

261 887 331 913 tav.
356 887 391 912 et
415 881 529 912 Oxon.
555 880 595 909 In
618 877 741 908 Audin.
763 877 808 907 sic
830 875 911 906 enim
930 876 960 905 ιἰι

259 932 341 962 imis.
367 931 460 962 Carr.
476 929 593 970 infimis
603 929 683 958 enim
696 928 750 958 sic.
776 926 912 966 Reliqui
928 930 963 956 et

260 981 347 1013 Edd.
372 981 488 1021 primae
511 979 654 1020 aiioeque
679 979 718 1009 In
741 977 857 1019 infimis
882 977 962 1007 enim

259 1032 315 1063 sic.
361 1031 475 1063 Quare
491 1028 607 1060 addidi
627 1028 746 1059 saltem
772 1028 816 1066 iu,
844 1027 962 1057 elisum

261 1090 279 1111 a
296 1080 426 1121 syllaba
441 1080 533 1111 vocis
547 1079 639 1111 enim.
664 1078 739 1109 Nisi
753 1077 853 1108 altius
867 1078 963 1108 ulcus

261 1135 295 1161 et
311 1130 453 1160 interius
469 1128 597 1159 sedeat.

306 1183 343 1210 17
370 1179 540 1210 Multitudo
553 1176 713 1218 aquatum]
733 1176 895 1207 Ultimam
909 1184 964 1206 vo-

263 1233 476 1268 cen1,utpotc
490 1226 793 1268 probam‚retineo,
804 1225 861 1256 sed
873 1224 963 1255 aliud

257 1279 381 1319 jubere
397 1278 556 1308 videntur
571 1277 666 1306 Meti.
691 1277 754 1307 Est
770 1275 858 1305 enim
873 1284 963 1314 aqua-

263 1339 329 1359 rum
346 1329 379 1359 in
396 1327 535 1363 duobus,
550 1326 720 1366 equitarum
736 1325 769 1354 iu
787 1325 864 1355 alio.
896 1324 964 1355 Sed

263 1378 381 1417 Cujac.
399 1375 523 1407 Audin.
549 1376 658 1414 Bong.
682 1384 749 1405 sec.
770 1374 848 1404 Pet.
867 1373 963 1404 Leid.

260 1437 312 1468 pr.
331 1426 454 1466 Scalig.
472 1426 568 1465 Egm.
584 1423 738 1454 Vossian.
755 1433 805 1464 pr.
821 1428 855 1454 et
872 1426 891 1454 4
908 1423 965 1454 alii

262 1487 338 1509 cum
371 1477 503 1508 Can-rar.
536 1479 570 1505 et
600 1474 664 1505 Ed.
696 1474 770 1504 Iuc.
802 1473 965 1505 exhibent

262 1530 453 1568 aquatorum.
499 1525 575 1557 Nec
592 1519 687 1554 male.
726 1524 814 1555 Caes.
830 1523 871 1554 B.
890 1523 963 1554 Civ.

262 1587 286 1609 1.
303 1579 357 1609 73.
381 1579 389 1593 ‘
406 1576 597 1617 Aquatores
609 1574 650 1606 ab
663 1573 818 1615 equitatu
833 1572 964 1613 premi.'

262 1627 394 1658 Auctor
420 1627 460 1657 B.
491 1625 589 1667 Hisp.
615 1634 644 1657 c.
670 1627 723 1656 21.
753 1623 762 1640 ‘
779 1623 835 1654 Ad
862 1633 964 1664 aqua—

263 1683 354 1709 tores
390 1680 521 1707 nostros
555 1673 805 1706 excurrerunt!
850 1674 896 1704 Et
917 1673 965 1704 sic

264 1728 389 1766 Livius,
420 1728 487 1760 alii.
531 1727 725 1757 Mutassent
751 1725 786 1764 ii,
815 1725 873 1766 qui
897 1725 965 1756 Ge-

262 1778 378 1810 nitivis
395 1778 524 1808 duobus
549 1777 717 1816 utrimque
740 1775 797 1806 uui
814 1774 966 1805 substan-

263 1828 335 1860 tivo
359 1828 490 1868 junctis
514 1825 799 1862 offendebantur-3
827 1827 862 1854 at
887 1823 965 1854 vide

263 1882 379 1908 notata
405 1877 448 1907 ad
478 1885 503 1907 1.
535 1879 586 1906 30.
624 1876 633 1892 ‘
652 1873 888 1905 Helvetiorum
917 1873 965 1903 in-

258 1927 367 1967 jurias
389 1926 505 1967 populi
533 1923 700 1955 Romani.’
746 1922 895 1954 Adridet
919 1926 965 1953 ta-

263 1986 341 2007 men
357 1976 462 2016 magis
477 1975 529 2006 hic
547 1974 611 2005 loci
626 1976 780 2013 aquatum.

307 2034 381 2056 xm.
401 2029 416 2056 1
442 2025 505 2055 Sub
519 2023 615 2064 ipsius
628 2022 732 2062 oppidi
748 2031 867 2053 murum
880 2031 966 2060 mag-

264 2085 321 2106 nus
360 2084 414 2106 ons
435 2072 669 2114 prorumpebat]
705 2072 772 2103 Ms.
801 2073 908 2103 Norv.
930 2076 966 2103 et

264 2129 384 2159 Brant.
415 2137 491 2158 cum
522 2126 619 2157 editt.
655 2125 755 2155 Rom.
786 2124 873 2155 Ven.
902 2124 966 2155 Be-

264 2179 369 2210 roald.
408 2177 471 2208 Sub
500 2177 596 2217 ipsius
624 2176 730 2216 oppidi
758 2185 878 2206 murum
907 2175 964 2206 nbi

263 2239 395 2269 maguus
415 2228 491 2266 sous
516 2226 745 2268 prorumpebat,
771 2225 860 2256 unde
884 2227 965 2256 scri-

263 2278 427 2317 bendum,
461 2282 592 2309 mutata
629 2276 858 2315 distinctione,
884 2276 965 2311 Quo-

263 2339 334 2359 rum
362 2329 459 2359 omnis
492 2331 598 2368 postea
625 2327 789 2358 multitudo
818 2330 966 2366 aquatum

263 2388 358 2409 unum
385 2379 417 2409 in
443 2380 541 2409 locum
569 2377 764 2408 conveniebat
788 2377 841 2407 sub
872 2377 967 2417 ipsius

264 2427 368 2468 oppidi
382 2437 514 2467 murum,
529 2427 581 2458 ubi
603 2437 731 2465 magnus
738 2426 814 2463 fons
826 2437 965 2467 prorum-

263 2476 367 2517 pebat,
389 2478 438 2516 isc.
468 2477 579 2508 Davis.
608 2476 811 2506 Conveniebat
837 2477 890 2508 sub
916 2477 965 2517 ip-

265 2528 334 2560 sius
359 2529 464 2569 oppidi
486 2538 616 2567 murum,
645 2527 700 2557 ubi
724 2538 852 2566 magnus
878 2527 966 2567 fouit,

266 2579 319 2618 ᾅτ.
363 2578 419 2610 Ita
433 2579 559 2619 optimc
576 2578 725 2608 restituit
742 2579 899 2608 Davisius
924 2589 966 2609 cx

267 2627 377 2660 Editt.
392 2629 488 2659 Vett.
512 2633 548 2659 et
573 2628 655 2658 Mss.
673 2628 798 2658 illiciis.
815 2633 850 2658 ct
864 2629 969 2658 Bran-

266 2676 328 2710 tii:
369 2677 570 2721 quibuscum
593 2677 764 2708 consentit
789 2678 854 2708 Ms.
879 2678 966 2717 Reg.

269 2727 422 2771 Scaliger
451 2727 574 2772 aliique
602 2726 791 2769 ediderant,
813 2728 968 2761 convenie-

720 187 862 218 NOTAE
893 185 1113 217 VARIORU
1124 186 1156 216 M
1192 185 1242 215 IN

1009 279 1093 310 bant.
1127 278 1191 309 Sub
1207 277 1302 317 ipsius
1316 274 1421 316 oppidi
1436 282 1568 313 murum,
1581 282 1709 313 nmgnus

1001 329 1087 369 sons,
1109 330 1162 369 ξε.
1186 327 1240 358 ΑΙ.
1263 324 1469 356 conveniebat.
1512 323 1577 355 Sub
1600 323 1708 363 ipsum

1009 380 1098 410 enim
1123 378 1227 418 oppidi
1249 386 1380 414 murum,
1400 384 1529 414 magnus
1545 374 1634 414 sons,
1656 375 1710 414 ᾇσ.

1012 429 1118 458 Clarlc.
1158 427 1368 465 Lecfionem,
1393 433 1492 465 quam
1517 424 1550 454 in
1578 427 1710 455 textum

1010 479 1143 518 recepit
1160 477 1331 515 Davisius,
1354 474 1506 506 invenias
1527 482 1661 513 quoque
1676 472 1708 504 iu

1010 528 1176 558 Vossiano
1200 528 1320 567 primo,
1342 524 1509 564 Egmund.
1534 524 1662 555 Lovan.
1677 526 1713 555 et

1011 583 1028 608 5
1044 577 1287 609 recentioribus
1300 577 1383 608 Mss.
1397 585 1473 605 cum
1486 574 1572 605 Edd.
1585 572 1713 613 primis.

1012 627 1059 658 At
1075 627 1108 657 in
1125 626 1256 664 iisdem,
1271 626 1321 655 uti
1337 626 1440 656 etiam
1464 626 1496 655 in
1520 626 1628 664 Bong.
1643 633 1712 655 see.

1012 680 1093 707 tert.
1112 675 1185 706 Pal.
1202 675 1299 705 Voss.
1323 682 1389 704 sec.
1413 673 1510 704 Gott.
1534 672 1711 710 additui-f.

1011 737 1111 767 aquae.
1156 727 1283 757 Verum
1314 725 1414 764 longe
1445 724 1631 763 elegantius
1661 728 1713 754 est

1010 777 1170 818 vulgata;
1194 777 1262 806 sive
1287 775 1398 816 potius
1423 773 1478 804 sub
1504 773 1603 813 ipsum
1632 773 1714 803 enim

1012 836 1059 866 op.
1077 837 1217 857 murum:
1241 825 1291 856 uti
1315 823 1478 855 exhibent
1501 824 1624 854 Petav.
1646 821 1714 854 Au·

1012 875 1080 906 diu.
1099 875 1211 905 Oxou.
1244 875 1338 905 Enim
1356 873 1483 904 addunt
1499 881 1632 913 quoque
1649 872 1714 904 Cu-

1005 925 1076 965 jac.
1103 925 1228 965 Scalig.
1253 924 1349 955 Leid.
1362 933 1412 963 pr.
1433 923 1466 953 in
1489 932 1546 962 quo
1565 931 1662 961 rouro,
1678 926 1714 953 et

1014 973 1100 1005 Edd.
1130 974 1208 1005 Bas.
1238 974 1325 1004 Veu.
1358 975 1454 1004 1717.
1502 973 1600 1003 Vasc.
1636 971 1714 1004 Aid-

1014 1024 1149 1064 Gryph.
1162 1025 1296 1055 Manut.
1307 1023 1423 1063 Steph.
1438 1023 1550 1053 Plant.
1564 1021 1689 1063 aliique
1702 1032 1713 1059 ς

1015 1074 1102 1115 quod
1137 1074 1284 1105 restitui.
1327 1075 1427 1113 Aquoe
1458 1076 1569 1103 tamen
1599 1071 1716 1104 addidi

1014 1125 1058 1155 ob
1086 1132 1276 1155 ceterorum
1308 1123 1474 1154 Codicum
1503 1131 1716 1162 consensum,

1015 1184 1113 1215 quein
1143 1178 1269 1215 augent
1298 1175 1399 1204 Yasc.
1431 1172 1567 1211 strada,
1597 1172 1715 1212 steph.

1014 1225 1149 1265 aliique.
1195 1225 1322 1258 Crebro
1338 1225 1397 1255 has
1414 1234 1514 1255 voces
1531 1223 1606 1262 sons
1628 1232 1717 1263 aquae

1007 1275 1147 1314 junctas
1177 1275 1339 1315 reperies
1397 1276 1548 1315 Languet
1578 1274 1716 1304 nimium

1014 1325 1103 1355 istud
1120 1325 1184 1363 ubi,
1196 1329 1244 1364 et,
1257 1329 1294 1355 ut
1314 1325 1466 1363 vidimus,
1478 1325 1511 1356 in
1528 1323 1718 1356 vetustiori-

1015 1372 1077 1404 bus
1095 1373 1231 1413 scriptis
1248 1383 1313 1404 non
1329 1379 1517 1414 comparet.

1058 1424 1076 1452 3
1103 1422 1258 1453 Fluminis
1271 1433 1298 1452 c.
1315 1422 1458 1462 vacabat]
1477 1423 1637 1454 Nonnihil
1649 1424 1716 1454 cla-

1015 1473 1084 1503 rius
1100 1472 1221 1504 Petav.
1239 1477 1273 1503 ct
1299 1472 1421 1512 Scalig.
1438 1473 1503 1513 afl.
1519 1473 1652 1505 circuitu
1667 1482 1717 1504 ta-

1014 1523 1114 1554 cahat.
1160 1524 1350 1565 Utrumque
1368 1522 1490 1554 Latine
1515 1522 1593 1564 dici,
1616 1532 1715 1554 nemo

1015 1574 1135 1607 nescit.

1057 1627 1077 1655 4
1095 1625 1167 1656 Νοη
1178 1624 1243 1656 sine
1258 1633 1369 1664 magno
1379 1623 1529 1664 periculo]
1550 1624 1636 1654 Sane
1649 1632 1717 1654 non

1015 1674 1245 1705 damnaverim
1261 1674 1487 1706 Petavianum
1503 1672 1668 1713 codicem,
1682 1673 1716 1704 in

1016 1734 1084 1765 quo
1101 1724 1174 1755 haec
1192 1723 1296 1754 verba
1311 1723 1525 1762 omittuntur,
1541 1723 1590 1754 uti
1609 1728 1644 1754 et
1669 1732 1718 1754 se-

1016 1774 1128 1805 cundo
1140 1774 1384 1814 Bongarsiauo.
1408 1773 1528 1814 Itaque
1541 1773 1604 1804 hoc
1618 1777 1717 1814 pacto

1016 1824 1160 1863 legenda
1194 1824 1266 1854 haec
1307 1823 1491 1864 periodus:
1528 1824 1598 1854 1100·
1625 1823 1718 1861 fonte

1011 1874 1171 1914 prohiberi
1192 1884 1279 1914 posse
1299 1874 1466 1914 oppidanos
1486 1884 1555 1904 cum
1576 1878 1718 1915 optarent

1014 1923 1136 1963 reliqui,
1161 1923 1268 1954 Coesar
1295 1933 1371 1954 unus
1396 1924 1533 1959 t·i‹1eret;
1555 1934 1571 1955 e
1595 1924 1719 1963 regione

1015 1974 1081 2012 ejus
1105 1974 1208 2004 vineas
1233 1984 1336 2014 agere,
1360 1976 1412 2013 isc.
1449 1975 1584 2006 Vossius.
1609 1976 1718 2015 Repe-

1016 2023 1155 2054 tendum
1172 2023 1232 2054 ᾰπὸ
1246 2024 1302 2054 τοῦ
1316 2024 1417 2055 κοινοῦ
1433 2024 1588 2064 prohiberi
1609 2034 1696 2063 posse
1708 2035 1719 2055 .·

1016 2074 1106 2116 quod
1131 2083 1207 2105 cum
1229 2074 1316 2105 haud
1340 2079 1503 2114 caperent
1523 2084 1541 2104 e
1560 2073 1718 2105 Librariis

1015 2124 1179 2163 nonnulli,
1208 2125 1274 2164 >has
1313 2134 1413 2155 voces
1452 2134 1471 2154 a
1519 2124 1717 2165 quibusdam

1016 2175 1125 2205 Codd.
1142 2175 1278 2206 exulare
1288 2175 1474 2215 jusserunt.
1520 2175 1611 2205 Cave
1628 2174 1716 2205 enim

1017 2234 1116 2255 aures
1133 2224 1286 2265 praebeas
1310 2224 1440 2263 Vossio,
1462 2224 1518 2264 qui
1540 2233 1597 2254 eas
1622 2228 1716 2255 recte

1017 2274 1136 2305 abesse
1150 2274 1302 2305 censuit:
1317 2274 1469 2315 sequitur
1482 2274 1571 2305 euim
1587 2273 1620 2305 in
1638 2273 1717 2305 Hir·

1017 2325 1080 2366 tio,
1101 2325 1190 2366 quod
1220 2325 1293 2366 ejus
1325 2325 1555 2365 conjecturam
1579 2333 1715 2364 prorsus

1016 2376 1153 2407 evertit.
1200 2376 1357 2406 Continua
1379 2379 1472 2406 certe
1493 2373 1664 2412 dimicatio,
1679 2378 1717 2404 et

1017 2428 1091 2458 lor-,o
1122 2427 1256 2468 quidem
1286 2427 1401 2468 iniquo
1430 2434 1585 2465 magnum
1615 2421 1717 2454 affert

1017 2479 1216 2518 periculum.
1241 2478 1351 2510 Daris.
1372 2478 1476 2507 Coesar
1490 2483 1567 2504 unus
1576 2473 1715 2511 rideret,-

1019 2529 1090 2558 Non
1114 2529 1180 2558 siue
1214 2537 1325 2566 magno
1358 2526 1494 2566 periculo
1521 2541 1563 2546 -—
1585 2532 1716 2562 aggeres

1015 2581 1134 2609 struere
1159 2580 1261 2621 coepit.
1306 2577 1361 2607 Ita
1375 2574 1535 2611 distinxi;
1560 2573 1716 2614 qnoniam

1019 2628 1107 2668 quod
1123 2628 1156 2658 iu
1172 2628 1281 2658 Editis
1311 2631 1398 2664 erat,
1422 2626 1528 2655 Coesar
1542 2633 1619 2654 uuus
1632 2623 1716 2655 cide·

1017 2682 1064 2710 ret
1093 2689 1150 2709 cos
1177 2689 1237 2709 non
1261 2678 1326 2708 sine
1354 2687 1463 2716 magno
1487 2676 1620 2716 periculo
1645 2685 1715 2716 pro-

1017 2728 1117 2760 hiberi
1152 2738 1250 2768 posse,
1283 2725 1429 2758 difficilis
1470 2725 1649 2759 videbatur
1677 2727 1727 2760 et·
