1915 3115
371 203 464 233 [ΑΒ.
488 202 520 232 1.
551 201 658 232 CAP.
686 190 759 231 40.
793 201 855 231 DE
890 200 1045 230 BELLO
1078 201 1307 232 GALLICO.

121 297 407 336 cilio—concilium,
422 300 460 327 nt
474 304 626 336 nuperae.
658 294 770 326 Davis.

163 349 367 388 Omniumque
389 346 530 378 ordinum
552 347 592 376 ud
606 346 641 376 id
655 345 817 376 consilium

117 398 266 429 adhibitis
291 396 530 437 centurionibus]
563 395 690 427 Contra
718 405 817 436 quam

118 448 193 480 fieri
210 446 360 484 solebat;
383 448 484 486 vulgo
502 446 590 477 enim
607 457 624 477 e
643 446 819 478 Centurio-

119 498 217 529 nibus
233 496 390 538 primipili
415 501 544 527 tantum
573 495 615 526 ad
642 495 818 527 consilium

123 552 199 578 sunt
224 546 379 578 adhibiti.
426 546 514 577 Vide
544 545 577 578 J.
608 546 760 587 Lipsium
777 545 818 577 de

118 597 192 628 Mil.
206 597 303 629 Rom.
329 596 421 628 Dial.
439 605 477 628 ιι.
494 599 525 627 8.
550 597 650 628 Idem.

160 650 178 678 3
204 647 293 683 Quod
307 651 360 679 aut
385 657 473 688 quam
488 647 521 678 in
534 651 668 688 partem,
690 650 743 678 aut
760 658 817 687 quo

115 697 240 728 consilio
255 699 451 738 ducerentur,
465 698 525 728 sibi
539 700 746 738 quaerendum,
762 701 817 729 aut

114 747 314 787 cogitandum
327 748 492 789 putarent]
516 749 663 789 Egregie
679 749 818 780 Tacitus

115 797 246 829 Hister.
263 808 302 830 ιι.
326 802 334 816 ‘
352 800 451 830 Miles
468 800 594 838 alacer,
619 799 677 840 qui
705 804 818 830 tamen

109 848 206 889 jussa
233 848 357 880 ducum
382 849 612 889 interpretari,
635 859 735 890 quam
761 858 817 879 ex-

116 900 211 941 sequi
225 901 361 931 mallet.¹
406 901 451 932 Et
467 900 559 931 Hist.
585 909 610 932 1.
634 900 728 931 Otho
751 900 816 931 ait:

113 951 122 967 ‘
142 950 300 982 Pareudo
314 951 704 991 potius,commilitones,
717 960 818 992 quam

116 1001 260 1042 imperia
286 1001 409 1032 ducum
431 1001 625 1032 suscitando
653 1011 706 1032 res
733 1001 817 1032 miii-

116 1056 207 1084 tares
223 1053 461 1084 continentur!
506 1053 550 1084 Et
564 1062 660 1084 mox:
685 1055 694 1070 ‘
710 1053 817 1083 Vobis

117 1111 208 1134 arma
231 1106 267 1134 et
296 1103 424 1134 animus
455 1102 512 1142 sit,
535 1103 615 1134 mihi
639 1103 817 1134 consilium

115 1157 151 1184 et
187 1152 323 1184 virtutis
360 1157 482 1184 vestrae
525 1155 679 1195 regimen
716 1153 817 1185 relin-

116 1203 234 1246 quite.’
263 1204 398 1236 Vossius.

158 1255 178 1284 8
203 1254 348 1294 Cognitis
379 1254 447 1285 suis
472 1254 654 1294 postulatis]
690 1254 726 1286 Si
758 1254 818 1286 im-

116 1312 266 1336 mensam
281 1305 424 1336 Caesaris
441 1305 659 1337 ambitionem
674 1314 819 1346 perpen-

116 1354 246 1393 damus,
270 1365 335 1397 qua
357 1355 498 1395 sactum,
528 1360 566 1387 ut
593 1365 707 1387 omnes
736 1356 818 1387 belli

118 1405 258 1446 gerendi
276 1407 470 1437 occasiones
487 1406 647 1446 captarit,
667 1416 735 1437 non
752 1406 819 1437 erit

117 1455 270 1495 dubium,
294 1456 374 1496 quin
412 1465 490 1487 vere
522 1457 705 1487 tradiderit
734 1457 818 1496 Dio,

118 1506 305 1536 Romanum
337 1505 426 1546 Imp.
465 1506 537 1537 haec
572 1507 615 1537 ab
644 1507 818 1538 Ariovisto

116 1556 315 1596 postulasse,
351 1555 412 1594 οὐχ
438 1555 486 1586 ὅτι
522 1555 574 1586 καὶ
609 1555 819 1595 καταπλήξειν

118 1605 224 1646 αὐτὸν,
254 1606 326 1637 ἀλλ’
360 1606 408 1636 ὅτι
439 1607 596 1647 ἐξοργιεῖν,
619 1607 679 1637 κάκ
707 1606 819 1638 τούτου

118 1655 271 1697 πρόφασιν
291 1655 429 1695 πολέμου
448 1657 499 1687 καὶ
529 1655 672 1696 μεγάλην
698 1657 748 1688 καὶ
774 1657 820 1687 εὐ-

118 1709 218 1748 πρεπῆ
228 1707 380 1748 λήψεσθαι
393 1709 537 1745 ἥλπισεν.
559 1708 648 1739 Vide
660 1717 819 1740 xxxvut.

117 1768 152 1799 p.
162 1761 215 1790 81.
255 1759 358 1789 Haud
370 1768 448 1790 sane
462 1759 652 1800 negandum
666 1764 730 1797 est,
746 1759 819 1790 Cae-

117 1818 226 1839 sarem
243 1809 275 1839 in
287 1809 378 1840 hisce
390 1809 652 1841 Commentariis
671 1809 820 1849 aliquan-

116 1857 159 1889 do
174 1856 272 1890 fictas
289 1858 453 1890 bellorum
477 1868 594 1890 causas
612 1859 819 1899 obtendisse,

117 1917 194 1940 cum
206 1918 320 1939 veram
333 1909 562 1941 dissimularit.
600 1909 723 1940 Lucius
738 1908 819 1940 Am-

117 1957 227 1999 pelius
244 1959 266 1990 l.
282 1959 466 1991 Hemone.
478 1963 531 1992 40.
549 1961 558 1977 ‘
573 1959 672 1991 Belli’
683 1959 818 2001 (Civilis

117 2007 209 2040 inter
224 2009 427 2050 Pompeium
449 2015 486 2042 et
513 2009 700 2050 Caesarem)
722 2011 731 2027 ‘
745 2020 819 2051 spc-

119 2058 188 2090 cies
204 2059 323 2100 magis,
341 2069 441 2100 quam
457 2070 558 2091 causa
575 2059 652 2100 fuit,
674 2065 818 2100 negatus

119 2117 139 2138 a
162 2107 289 2140 Senatu
314 2109 440 2141 Caesari
469 2110 675 2141 consulatus.
720 2110 820 2141 Cete—

118 2166 193 2189 rum
208 2158 385 2200 utriusque
409 2160 579 2191 aemulatio
595 2164 631 2191 et
647 2159 817 2200 cupiditas

119 2206 254 2248 imperii
280 2209 470 2249 occupandi
497 2210 529 2240 ei
555 2215 665 2241 ortum
698 2219 818 2241 revera

118 2257 364 2297 praebuerunt!
410 2258 536 2290 Confer
565 2264 600 2290 et
626 2260 665 2291 B.
698 2260 741 2292 G.
765 2269 814 2292 1v.

122 2309 174 2338 11.
197 2307 257 2338 ubi
290 2307 490 2340 invadendae
521 2309 707 2341 Britannia>
737 2310 817 2342 rati-

118 2366 201 2388 ones
238 2363 364 2397 narmt,
408 2368 484 2389 cum
521 2359 574 2398 iis,
609 2369 684 2400 quae
710 2360 817 2393 habet

116 2407 301 2440 Suetonius
316 2409 350 2439 in
367 2409 458 2441 Julio
473 2418 503 2440 c.
525 2412 578 2440 47.
605 2410 717 2442 Dat-is.

150 2459 190 2488 15
207 2458 280 2489 Non
291 2459 436 2489 minorem
446 2460 566 2489 laudem
573 2459 739 2496 exercitus,
747 2460 816 2501 δῖα]

119 2508 160 2539 C.
175 2508 326 2547 Marius;
351 2514 388 2540 ut
403 2510 513 2550 quivis
536 2509 657 2540 Latine
674 2510 816 2551 peritus,

70 2564 79 2569 ·
119 2557 220 2590 facile
237 2560 408 2600 perspicit.
453 2561 519 2590 Sed
546 2560 736 2591 Plutarchus
763 2561 817 2592 vel

119 2607 278 2648 imperito
309 2614 406 2642 utens
433 2612 636 2651 interprete,
658 2611 713 2642 vel
743 2611 816 2651 ipse

119 2657 230 2690 minus
245 2659 387 2700 peritus,
410 2660 458 2690 ita
484 2660 626 2692 Caesaris
653 2661 816 2692 sententi-

123 2716 177 2738 am
202 2710 388 2748 pervertit:
411 2709 490 2748 μήτε
514 2709 668 2752 κρείττοσι
691 2710 818 2750 μέλλων

120 2755 264 2799 Κίμβρων
275 2757 430 2799 μάχεσθαι
443 2760 611 2804 πολεμίοις,
632 2761 711 2802 μήτε
725 2761 818 2794 αὐτὸς

1481 193 1566 235 947

866 294 908 325 ὣν
929 295 1046 336 Μαρίου
1074 295 1184 336 χείρων
1205 295 1391 336 στρατηγός.
1425 296 1567 328 Hotom-

867 346 973 376 Extat
989 347 1082 378 locus
1099 347 1161 378 vit.
1177 347 1262 378 Caes.
1287 357 1319 387 p.
1335 349 1409 378 717.
1428 346 1469 378 Α.
1514 347 1571 379 Ita

868 395 970 426 etiam
994 397 1088 436 cepit
1113 397 1182 428 Jul.
1207 397 1340 435 Celsus,
1370 397 1427 438 qni
1452 407 1485 437 p.
1514 400 1569 429 34.

867 445 915 476 ita
931 445 1092 486 loquitur,
1115 447 1124 462 ‘
1138 446 1319 477 autminus
1336 446 1377 478 de
1401 456 1436 478 se
1454 456 1568 488 spera-

868 500 957 535 rent,
981 496 1040 526 tali
1057 496 1128 526 viro
1145 506 1183 527 ac
1200 502 1293 528 certe
1309 497 1415 527 nobili
1432 498 1567 537 saltem,

868 555 907 576 ac
926 545 1015 586 quod
1043 545 1085 576 de
1110 546 1148 577 C.
1178 545 1288 576 Mario
1316 547 1444 578 rustico
1472 546 1571 588 Arpi-

867 601 948 628 nate
974 602 1165 637 sperassent
1183 597 1303 627 Patres
1333 597 1472 637 eorum,'
1504 600 1568 629 &c.

868 647 952 678 adeo
990 652 1028 678 ut
1064 647 1246 678 videantur
1282 647 1490 678 Plutarchus
1533 653 1568 679 et

869 698 988 728 Celsus
1016 697 1114 728 aliam
1142 697 1326 728 lectionem
1349 697 1469 736 secuti,
1492 707 1568 738 quae

868 752 979 778 tamen
997 752 1136 788 recepta
1152 752 1203 778 est
1220 747 1380 778 deterior.
1412 747 1523 778 Dacis.

911 800 951 828 17
974 798 1099 838 Aliquis
1124 798 1209 838 usus]
1242 798 1326 829 Mss.
1365 808 1493 838 omues,
1532 803 1569 830 et

867 847 974 879 Editt.
998 847 1094 879 Vett.
1111 849 1237 889 aliquid.
1284 850 1370 881 Qnae
1397 852 1432 880 et
1456 849 1570 880 verior

866 900 982 931 lectio.
1009 899 1124 932 Graec.
1149 901 1300 942 Interpr.
1322 899 1415 940 μέγα.
1456 901 1566 932 Clark.

867 951 975 982 Recte
1003 951 1052 981 ita
1074 951 1243 983 Clarkius.
1288 952 1417 992 Aliquid
1449 950 1569 982 confir-

866 1005 978 1032 matur
993 1011 1012 1032 a
1036 1001 1119 1032 Mss.
1147 1002 1230 1033 meis
1259 1001 1464 1043 quindecim,
1486 1002 1570 1032 item

868 1052 984 1082 Ursini
999 1056 1033 1082 et
1048 1052 1195 1092 Brantii,
1212 1056 1315 1094 atque
1332 1052 1420 1083 Edd.
1437 1051 1569 1092 primis,

870 1111 974 1143 quare
1011 1102 1183 1143 revocavi,
1217 1107 1256 1134 ut
1293 1106 1329 1134 et
1364 1103 1569 1141 sublevarent,

868 1154 956 1194 quod
973 1153 1092 1195 scripti
1107 1158 1143 1185 et
1166 1154 1242 1185 olim
1272 1154 1355 1185 editi
1374 1159 1571 1185 constanter

868 1210 1029 1243 servant3
1068 1205 1134 1236 nisi
1165 1204 1254 1246 quod
1284 1206 1317 1236 in
1344 1206 1493 1236 florent.
1525 1206 1570 1236 sit

868 1265 923 1286 usu
938 1266 974 1286 uc
986 1257 1016 1286 d.
1030 1256 1273 1296 sublevarentur,
1296 1262 1331 1287 et
1347 1256 1379 1287 in
1400 1256 1570 1287 nonnullis

868 1306 1033 1338 sublevent.
1079 1308 1162 1338 Fors
1187 1311 1223 1338 et
1255 1308 1380 1339 rectius
1411 1312 1462 1339 est
1491 1317 1569 1348 quoe,

869 1357 958 1398 quod
976 1367 995 1388 e
1012 1358 1094 1388 Mss.
1113 1357 1283 1398 aliquibus
1299 1358 1447 1389 enotavi.

912 1411 953 1439 19
978 1408 1136 1443 Quantum
1151 1409 1276 1440 haberet
1299 1410 1332 1439 in
1357 1419 1388 1440 se
1411 1409 1479 1439 boni
1503 1418 1570 1439 con-

867 1457 1000 1497 stantia]
1025 1458 1208 1489 Constantia
1231 1459 1283 1489 liic
1310 1458 1479 1498 significat
1503 1458 1572 1488 ani-

869 1517 956 1538 mum
973 1508 1085 1539 timori
1101 1518 1168 1539 non
1191 1509 1386 1539 obnoxium.
1433 1508 1570 1540 Curtius

867 1566 923 1588 111.
956 1561 1007 1589 12.
1031 1563 1210 1599 postquam
1244 1563 1443 1589 narraverat
1472 1557 1570 1589 Darii

867 1605 973 1638 filium
990 1607 1074 1639 nihil
1089 1613 1276 1649 conspectu
1296 1608 1480 1640 Alexandri
1498 1614 1570 1640 tuni

868 1657 1013 1697 primum
1038 1667 1056 1688 a
1081 1667 1118 1688 se
1147 1659 1211 1689 visi
1236 1659 1461 1690 conterritum
1485 1668 1572 1700 esse,

868 1707 996 1747 subdit,
1020 1708 1029 1725 ‘
1051 1712 1177 1739 motum
1208 1708 1312 1739 fuisse
1342 1710 1470 1749 Regem
1503 1720 1572 1740 συη-

867 1758 986 1788 stantia
1025 1758 1156 1797 Pueri‚'
1194 1759 1228 1789 id
1267 1763 1332 1798 est,
1364 1759 1506 1791 audacia
1535 1765 1571 1791 et

868 1807 980 1838 animo
1012 1807 1194 1848 intrepido.
1252 1809 1308 1839 Sic
1345 1809 1433 1849 apud
1471 1809 1570 1841 Phae-

868 1858 965 1889 drum
982 1858 1064 1889 Fab.
1095 1867 1128 1889 v.
1160 1862 1211 1890 11.
1242 1862 1294 1890 12.
1339 1861 1348 1876 ‘
1369 1861 1571 1891 Constantior

869 1907 1005 1940 fuissem
1018 1918 1100 1940 vera
1111 1909 1330 1948 existimans‚'
1346 1920 1408 1950 pro
1424 1920 1463 1941 eo
1479 1911 1570 1951 quod

869 1964 933 2000 est,
955 1960 1065 1991 minus
1094 1959 1234 1990 fuissem
1264 1961 1479 2000 perterritus.
1503 1961 1570 1992 Du·

868 2011 926 2041 ris.
993 2010 1094 2042 Hanc
1134 2011 1313 2041 coustantioe
1361 2014 1571 2051 potestatem

869 2061 983 2092 multis
1015 2061 1161 2092 adstruit
1185 2061 1217 2093 J.
1241 2062 1296 2092 Fr.
1315 2061 1510 2092 Gronovius
1527 2060 1571 2092 ad

868 2111 984 2142 Taciti
998 2110 1195 2152 Agricolam
1211 2121 1241 2142 c.
1259 2113 1310 2141 27.
1342 2111 1442 2141 Idem.
1488 2111 1570 2142 Cur.

867 2171 936 2193 sec.
979 2161 1165 2202 Σωφροσύνη
1192 2161 1343 2202 Interpr.
1369 2161 1458 2192 Vide
1482 2160 1572 2192 infra

867 2212 910 2243 ad
936 2221 993 2244 ιιι.
1019 2215 1073 2244 25.
1096 2213 1192 2244 Cort.
1220 2212 1262 2243 ad
1280 2213 1368 2243 Plin.
1391 2213 1457 2253 Ep.
1474 2221 1498 2244 1.
1516 2215 1568 2244 12.

866 2264 884 2303 §
913 2266 944 2294 9.
977 2263 1285 2294 ‘Perseverantem
1307 2262 1498 2294 constantia
1519 2261 1570 2294 fu-

867 2312 941 2353 git?

909 2367 951 2395 20
974 2363 1126 2404 Inermes]
1151 2363 1284 2404 Optimi
1318 2361 1569 2403 Bongarsianus

867 2413 965 2454 prim.
997 2418 1033 2444 et
1058 2413 1260 2444 Lovaniens.
1298 2413 1442 2444 inermos.
1489 2412 1569 2444 Sine

866 2463 969 2494 dubio
999 2473 1103 2502 vere3
1142 2469 1181 2494 ut
1217 2463 1409 2503 Sallustius,
1433 2463 1569 2503 Cicero,

866 2513 989 2554 aliique
1013 2514 1091 2545 olim
1117 2514 1223 2545 locuti
1247 2519 1334 2545 sunt.
1381 2513 1449 2544 Adi
1473 2513 1568 2544 SerV.

867 2563 910 2594 ad
925 2563 1019 2603 Virg.
1035 2563 1110 2594 AEn.
1125 2573 1149 2594 ι.
1165 2566 1240 2594 484.
1267 2572 1301 2594 x.
1317 2565 1393 2594 425.
1438 2563 1570 2594 Victor.

866 2619 902 2645 et
918 2615 1051 2646 Manut.
1074 2615 1116 2646 ad
1135 2615 1247 2647 Cicer.
1274 2616 1336 2655 Ep.
1356 2615 1447 2644 Fam.
1465 2623 1497 2643 x.
1515 2614 1569 2645 34.

866 2665 876 2680 ‘
888 2665 943 2696 Ex
959 2665 1098 2707 reliquis
1110 2665 1301 2706 legionibus
1312 2673 1468 2705 magnam
1483 2663 1568 2694 mul-

866 2714 1060 2755 titudinem,
1087 2715 1148 2746 sed
1165 2712 1391 2746 inermorum!
1437 2713 1566 2744 Rursus

866 2764 910 2795 B.
940 2764 1011 2796 Civ.
1042 2774 1068 2797 ι.
1090 2767 1144 2796 68.
1180 2763 1330 2795 ‘milites
1362 2761 1495 2796 inermi’
1529 2762 1565 2794 in
