1818 3131
227 205 337 247 1074

229 311 325 352 ponit
353 318 415 350 per
439 309 536 339 solere
561 307 701 338 Vossius
731 307 772 338 ad
799 316 848 338 vr.
871 308 925 338 44.

226 364 235 378 ‘
254 362 301 393 Ut
324 359 530 397 instituerat,
552 357 586 388 iu
614 357 751 389 Italiam
777 357 819 389 ad
845 367 924 389 con-

225 414 346 442 ventus
370 407 519 449 agendos
545 406 719 448 profectus
746 407 832 440 estz'
866 409 924 450 qui

224 464 317 495 locus
333 462 422 492 hunc
448 459 594 491 maxime
609 459 838 501 confirmaret,
860 461 925 492 nisi

227 512 363 554 plurimi
379 510 524 543 Codices
541 509 816 551 aliudjiiberent.

266 566 287 594 6
309 561 600 601 subductionesque,
614 561 732 602 paullo]
756 563 823 593 Ms.
837 561 924 603 Reg.

226 617 263 643 et
279 612 373 644 Edit.
391 613 487 644 Rom.
510 611 731 652 subducunt-es,
752 613 926 654 pannoque,

223 663 287 694 &c.
334 663 440 694 Clark.
485 662 540 694 Sic
556 662 658 694 etiam
684 663 810 694 Lovan.
829 663 925 694 Leid.

224 722 293 744 sec.
320 717 357 744 et
375 712 461 744 Edd.
495 713 591 744 Med.
620 714 708 745 Ven.
740 713 800 744 sed
830 714 925 745 Carr.

224 762 339 794 Patet.
363 762 461 795 Gott.
486 767 525 794 'et
540 764 637 795 Voss.
656 768 737 794 tert.
753 763 926 794 subductio-

222 821 348 853 rcsque:
372 813 460 843 unde
490 817 569 844 nata
599 818 651 844 est
673 813 782 844 altera
809 813 927 852 inepta

222 862 337 894 lectio.
385 862 591 893 Humiliores
616 862 701 894 fecit
725 872 828 893 naves
853 864 926 894 Cae-

223 921 290 950 sar,
317 912 350 942 ui
382 911 514 943 facilius
543 913 671 944 subduci
702 917 737 944 et
766 913 801 945 in
831 913 926 944 arido

223 961 386 993 collocari
409 967 568 1002 possent:
593 963 621 994 si
637 962 718 1004 quid
741 968 830 995 esset
856 973 926 994 mu-

225 1013 379 1054 tandum,
402 1014 544 1045 rescribi
575 1016 730 1056 placeret
754 1015 927 1047 subductio-

223 1063 343 1105 nisque,
355 1065 445 1107 quod
463 1065 497 1095 in
510 1065 585 1096 aliis
600 1075 672 1097 esse
688 1066 821 1097 notavit
832 1066 926 1097 Ciac-

223 1115 353 1148 conius.
399 1116 647 1157 Substricciores‚
667 1118 829 1158 paulloque
843 1117 927 1147 Vas-

223 1174 292 1198 cos.
333 1165 548 1197 subductiones
573 1167 700 1198 viat-ium
730 1168 792 1198 hoc
825 1177 926 1198 sensu

223 1214 314 1254 apud
330 1215 524 1248 Vitruvium
547 1227 680 1258 quoqne
697 1227 874 1249 occurrere
889 1223 927 1250 ut

224 1274 256 1295 c.
285 1268 336 1296 ll.
364 1270 399 1296 et
427 1267 551 1307 passim
580 1267 721 1299 verbum
750 1268 927 1307 subducere,

219 1314 292 1354 jam
312 1316 344 1346 in
360 1317 496 1348 Lexicis
513 1317 730 1349 observatum
747 1322 810 1349 est.
857 1318 927 1349 Ad-

223 1365 266 1396 de
282 1366 336 1396 liic
355 1367 620 1399 Hotomannum.

267 1418 286 1446 7
313 1417 429 1447 Nostro
444 1417 548 1457 Mari]
567 1418 623 1449 lta
637 1418 926 1449 Mediterraneum

222 1465 391 1497 vocabant
407 1467 562 1498 Romani.
608 1468 816 1508 Pomponius
834 1469 928 1500 Mela

223 1525 248 1547 1.
266 1519 296 1547 1.
322 1521 400 1557 post
414 1517 625 1558 descriptum
642 1519 724 1550 illud
739 1527 844 1559 mare,
857 1520 866 1535 ‘
886 1519 926 1550 ld

224 1566 346 1605 omne,'
364 1567 485 1608 inquit,
498 1568 506 1583 ‘
520 1577 585 1609 qua
597 1569 701 1607 venit,
716 1578 848 1610 quaque
862 1569 926 1599 dis-

224 1616 389 1656 pergitur,
411 1627 478 1648 uno
495 1618 658 1649 vocabulo
686 1622 826 1649 nostrum
842 1629 927 1650 mare

224 1665 373 1698 dicitur.’
422 1667 510 1698 vide
527 1672 562 1699 et
578 1677 634 1699 ιιι.
653 1671 682 1699 1.
728 1669 840 1700 Dat-is.
886 1669 927 1699 In

223 1726 254 1747 η.
272 1727 313 1747 ηι.
354 1717 410 1748 Sic
430 1717 513 1748 Mss.
531 1722 567 1749 et
583 1718 693 1749 Editt.
709 1718 805 1750 vett.
821 1719 926 1750 Scali-

224 1777 286 1807 ger
301 1772 337 1799 et
351 1768 558 1800 recentiores
572 1769 735 1799 omittunt
751 1769 794 1799 in.
839 1769 926 1800 Sunt

225 1818 283 1858 qui
301 1819 427 1859 legant,
452 1819 485 1849 in
498 1820 624 1858 reliquis
640 1819 759 1849 utimur
778 1819 924 1849 maribus.

223 1868 291 1899 Sed
308 1869 379 1900 haec
403 1877 448 1900 ex
474 1868 694 1909 sequentibus
721 1868 754 1898 in
781 1868 924 1899 alienum

222 1917 335 1948 locum
374 1918 591 1958 transcripta.
640 1918 748 1948 Clark.
816 1918 925 1949 Etiam

223 1969 289 1999 mei
328 1978 444 1999 omnes
482 1973 670 2007 agnoscunt
715 1968 926 2007 pra‘positio-

226 2029 325 2057 nem3
349 2028 454 2059 quare
471 2018 589 2058 reponi
607 2027 680 2048 eain
697 2017 825 2048 curavi.

267 2072 287 2100 9
312 2069 421 2100 Minus
437 2068 579 2108 magnos]
604 2068 658 2098 Sic
675 2078 716 2098 ex
733 2078 763 2098 v.
783 2078 811 2099 c.
830 2069 926 2099 resti-

227 2119 293 2150 tuit
316 2118 423 2150 Gabr.
452 2119 616 2157 Faernus,
645 2123 681 2149 et
703 2118 751 2149 ita
766 2118 927 2149 exhibent

226 2170 292 2200 Ms.
312 2169 418 2200 Norv.
436 2174 471 2200 et
496 2170 593 2200 editt.
614 2169 710 2200 Rom.
743 2168 822 2200 Ald.
850 2179 926 2200 cum

224 2219 298 2250 aliis
315 2220 506 2250 nonnullis:
534 2220 706 2260 pleraeque
723 2221 809 2249 euim
827 2219 928 2257 magis

223 2280 350 2309 magnos
388 2274 650 2310 ropraesentant,
689 2270 778 2300 nude
818 2270 926 2301 Hadr.

226 2320 382 2351 Valesius
398 2320 430 2351 in
456 2320 642 2350 Valesianis
667 2329 698 2359 p.
718 2322 788 2350 178.
814 2319 926 2359 legen-

224 2369 304 2400 dum
335 2370 486 2409 conjecit
500 2370 595 2400 maris
621 2378 767 2408 magno&
794 2370 851 2400 scd
878 2369 927 2400 ita

224 2420 316 2462 loqui
341 2429 407 2451 non
423 2420 542 2451 solitus
567 2424 620 2450 est
644 2420 773 2458 Caesar,
801 2424 837 2449 et
863 2419 926 2450 lee-

226 2470 365 2507 tionem,
397 2479 497 2510 quam
531 2469 744 2507 retinuimus,
775 2479 827 2499 res
852 2469 926 2508 ipsa

225 2521 385 2561 postulat.
410 2520 521 2551 Datis
568 2519 676 2552 Codd.
693 2520 843 2550 nonnulli
863 2530 926 2550 ma-

221 2573 274 2611 gis
290 2583 418 2612 magnos
436 2581 625 2612 perperam.
663 2572 771 2602 Clark.
819 2572 928 2611 Magis

223 2630 398 2664 comparet
413 2623 445 2653 in
462 2623 540 2653 solis
558 2622 695 2654 Andino
708 2627 741 2652 et
756 2622 927 2653 Oxonien-

224 2674 272 2704 si:
302 2673 410 2705 ceteri
443 2682 559 2704 omues
585 2682 659 2703 cum
692 2672 778 2703 Edd.
810 2672 927 2713 primis

224 2723 345 2760 ²›zinus;
368 2729 406 2755 ut
428 2723 502 2764 ipsa
525 2723 614 2754 ratio
642 2728 677 2754 et
704 2723 927 2764 experientia,

219 2773 338 2812 judice
376 2775 477 2806 etiam
509 2774 673 2815 Grutero,
699 2774 765 2816 legi
790 2775 927 2816 jubent.

696 212 836 242 NOTAE
872 211 1132 243 VARJORUM
1169 211 1219 242 ΙΝ

974 305 1026 337 Ex
1043 304 1252 346 praecedenti
1268 305 1368 343 nitigis
1390 304 1533 346 inrepsit
1558 312 1593 337 et
1609 306 1675 339 huc

974 355 1052 389 loci.
1097 354 1359 387 Coul'uuduntur
1387 356 1437 386 liae
1466 366 1567 388 voces
1596 367 1678 398 quo·

975 415 1039 448 que
1057 415 1121 437 vn.
1138 409 1190 437 53.

1019 460 1055 488 ll
1083 457 1122 488 In
1147 457 1273 498 reliquis
1298 457 1418 488 utimur
1446 456 1598 498 maribus]
1619 457 1677 490 Sic

976 512 1069 539 recte
1087 508 1229 539 Ursinus
1247 513 1282 539 et
1299 508 1538 539 Hotomannus
1555 517 1573 539 e
1591 508 1677 540 Mss.

976 568 1016 590 ae
1032 558 1206 589 Prisciano
1222 568 1286 590 vii.
1314 561 1367 590 70.
1393 559 1458 590 Ed.
1475 560 1574 590 Puts.
1599 558 1680 590 scri·

975 609 1122 640 bendum
1147 618 1221 640 esse
1237 609 1435 640 docuerunt.
1482 610 1560 640 Nec
1583 618 1679 640 secus

977 665 1091 691 exstat.
1108 660 1142 690 in
1165 659 1247 690 Mss.
1261 661 1402 691 aliorum
1427 665 1463 692 et
1482 661 1565 691 meis
1582 660 1678 701 quiu-

977 711 1102 750 decim,
1133 715 1168 740 et
1198 710 1286 741 Edd.
1316 710 1495 750 prioribus.
1554 709 1677 749 Aldus,

978 761 1152 801 Gryphius
1177 764 1212 791 et
1237 760 1293 790 alii
1321 759 1547 790 exhibuerunt
1569 760 1601 791 in
1615 760 1678 790 alio

976 811 1058 842 mari
1087 811 1136 841 uli
1161 812 1383 841 adsueverant:
1415 809 1505 851 quod
1535 809 1679 841 habetur

977 872 1112 903 quoque
1130 862 1163 892 in
1187 860 1323 892 Andino
1338 865 1373 892 et
1395 860 1506 892 Oxon.
1528 860 1614 891 male
1631 864 1681 891 ta-

977 921 1066 953 men,
1096 915 1253 952 respectu
1280 912 1336 941 τοῦ
1360 911 1459 942 mari:
1484 920 1561 941 eum
1585 910 1680 941 Pris-

977 963 1094 994 cianus
1109 972 1272 1002 expresse
1288 962 1378 992 hunc
1392 961 1477 993 citet
1493 961 1618 1000 locum,
1641 964 1681 992 ut

976 1013 1149 1051 ostendat,
1183 1012 1326 1053 probum
1354 1021 1429 1043 esse
1466 1011 1504 1042 τὸ
1530 1011 1680 1043 maribus.

978 1063 1091 1096 Quare
1105 1063 1194 1103 vide,
1208 1073 1285 1093 num
1304 1067 1445 1103 praestet
1461 1063 1549 1094 bona
1564 1063 1681 1101 lectio,

977 1114 1056 1145 milii
1073 1119 1169 1145 certe
1195 1113 1293 1144 valde
1315 1113 1462 1153 adridet,
1490 1121 1590 1154 quam
1613 1121 1682 1144 ser-

977 1169 1102 1195 varunt
1120 1165 1202 1195 Mss.
1222 1164 1433 1205 Cujacianus,
1455 1162 1618 1203 Scaliger.
1644 1166 1682 1193 et

977 1215 1152 1247 Leidensis
1190 1215 1330 1255 primus.
1372 1225 1401 1255 q.
1428 1225 1457 1255 q.
1488 1215 1522 1244 in
1551 1213 1680 1254 reliquia

978 1265 1113 1296 maribus
1126 1265 1173 1296 uti
1188 1266 1400 1296 adsueverant.
1450 1265 1592 1295 Utuntur
1614 1263 1680 1296 Ed.

978 1315 1152 1346 Bel-oaldi.

1022 1367 1062 1395 12
1088 1365 1204 1395 Omnes
1224 1364 1397 1404 actuarias]
1433 1365 1548 1396 Naves
1566 1367 1682 1396 actua«

979 1416 1038 1445 riae
1069 1414 1247 1446 celeritate
1278 1414 1502 1454 praestabant,
1532 1418 1568 1446 et
1595 1414 1681 1446 velis

978 1466 1076 1497 simul
1096 1474 1136 1496 ac
1153 1465 1252 1496 remis
1270 1465 1470 1506 agebantur.
1514 1465 1604 1496 Vide
1619 1465 1683 1497 Isi-

978 1516 1097 1548 dorum
1116 1516 1352 1556 Hispalensem
1382 1525 1458 1548 ΧιΧ.
1483 1519 1514 1548 1.
1558 1517 1616 1548 De
1640 1516 1680 1547 iis

977 1567 1049 1598 fuse
1076 1567 1178 1600 Joan.
1204 1566 1394 1598 Scliefferus
1417 1568 1492 1599 Mil.
1520 1567 1609 1598 Nav.
1636 1575 1678 1598 ιι.

978 1621 1028 1649 ll.
1048 1628 1080 1658 p.
1097 1621 1150 1649 81.
1167 1627 1264 1659 seqq.
1312 1618 1427 1648 Davi-5.

1021 1672 1060 1700 13
1087 1669 1165 1703 Quae
1179 1671 1249 1698 sunt
1260 1668 1328 1698 usui
1345 1669 1384 1698 ud
1396 1668 1560 1698 armandas
1572 1666 1680 1706 naves]

977 1719 1127 1751 Funibus
1149 1719 1347 1759 reliquoque
1375 1723 1541 1759 apparatu
1557 1718 1681 1749 iustru-

977 1769 1094 1799 endas.
1142 1768 1229 1799 Vide
1246 1775 1315 1798 not.
1345 1767 1387 1798 ad
1412 1769 1452 1799 B.
1475 1768 1520 1800 G.
1549 1777 1605 1800 111.
1625 1770 1677 1800 14.

977 1819 1134 1858 Spartum
1169 1819 1342 1858 praecipue
1372 1819 1546 1858 intelligit,
1581 1819 1679 1860 cujus

976 1867 1154 1898 mirificum
1185 1877 1259 1898 esse
1287 1868 1320 1898 in
1347 1869 1513 1908 Hispania
1538 1878 1680 1908 proven·

978 1922 1048 1948 tum
1077 1917 1248 1949 docebunt
1275 1918 1399 1948 Strabo
1426 1919 1552 1959 Geogr.
1581 1919 1602 1949 l.
1621 1928 1678 1950 ιιι.

977 1978 1010 2008 p.
1030 1971 1100 1999 160.
1124 1968 1164 1998 Β.
1189 1974 1224 1999 et
1239 1968 1369 1998 Plinius
1388 1968 1433 1998 H.
1453 1969 1498 1999 N.
1525 1976 1605 2000 mx.
1624 1972 1675 2000 11.

978 2019 1075 2049 Idem.

1020 2071 1062 2099 20
1095 2069 1330 2108 Demonstravit]
1358 2070 1458 2099 Malit
1475 2070 1677 2101 Ciacconius

975 2120 1193 2157 demonstrent,
1209 2124 1245 2150 ut
1259 2121 1303 2158 τῷ
1318 2121 1446 2150 doceant
1462 2119 1679 2159 respondeat.

976 2169 1045 2201 Sed
1062 2170 1136 2200 vide
1154 2174 1271 2201 notata
1288 2170 1331 2200 ad
1354 2170 1505 2201 Frontin.
1528 2168 1631 2200 Praef.
1657 2170 1678 2200 l.

979 2226 1188 2262 111.etsupra
1201 2221 1242 2251 ad
1260 2230 1297 2251 ιι.
1313 2224 1363 2251 10.
1377 2231 1416 2251 ac
1429 2230 1494 2251 νιι.
1507 2223 1559 2251 35.
1577 2219 1678 2251 Adde

979 2273 1019 2302 B.
1040 2271 1113 2303 Civ.
1132 2281 1156 2302 1.
1175 2274 1227 2302 80.
1274 2271 1444 2302 Gruterus
1468 2271 1571 2301 vellet
1589 2270 1680 2301 dele-

978 2332 1025 2362 re,
1040 2327 1075 2352 ut
1093 2326 1127 2352 et
1145 2332 1215 2362 seq.
1232 2323 1432 2352 demonstrat.
1477 2320 1545 2352 Sed
1561 2329 1678 2352 consu-

978 2373 1008 2402 le
1027 2371 1119 2403 dicta
1134 2371 1176 2401 ad
1194 2380 1216 2401 ι.
1232 2374 1285 2402 43.

1021 2425 1060 2452 21
1107 2422 1244 2462 Accepta
1281 2421 1435 2461 oratione]
1491 2419 1677 2451 Adsentior

979 2472 1086 2503 Hadr.
1106 2471 1257 2509 Valesio,
1281 2471 1336 2511 qui
1362 2471 1393 2501 in
1410 2471 1524 2501 Vales.
1551 2479 1584 2509 p.
1603 2472 1677 2501 178.

978 2522 1063 2563 legit
1087 2525 1212 2562 accepta
1228 2522 1358 2560 ratione,
1385 2521 1419 2551 id
1436 2526 1500 2558 est,
1524 2519 1679 2552 satisfac-

979 2573 1081 2612 tione,
1109 2572 1338 2603 excusatione.
1384 2571 1482 2603 Quod
1502 2576 1538 2601 et
1555 2571 1678 2602 Ursino

978 2629 1055 2653 ante
1088 2631 1164 2652 eum
1192 2621 1225 2651 in
1259 2625 1408 2651 mentem
1440 2626 1593 2659 venerat,
1622 2621 1678 2652 cui

979 2673 1215 2706 Hotomunnus
1230 2675 1358 2702 temere
1376 2671 1580 2712 refragatur.
1611 2672 1679 2703 Da-

976 2723 1034 2754 vis.
1077 2721 1221 2753 Ursinus
1245 2726 1281 2752 et
1311 2722 1465 2753 Valesius
1492 2723 1679 2763 conjiciunt

977 2773 1167 2815 legendum,
1214 2776 1339 2813 accepta
1385 2773 1517 2804 ratione
1562 2782 1676 2804 eorum.
