1883 3121
471 221 620 251 1.1n.1.
651 220 759 250 cn.
779 210 850 251 61.
887 221 948 252 DE
982 221 1138 252 annno
1168 222 1339 253 οινιιι.

180 314 290 352 litum,
318 322 385 344 nna
415 323 490 344 eum
520 312 707 344 homiuibus
734 312 880 343 interiit!

180 362 292 394 Daris.
316 362 372 393 Ita
383 362 392 380 ‘
411 372 488 394 usus
504 367 747 394 tormentorum
763 362 882 394 interit

180 413 291 453 spatio
307 413 510 454 propinquo'
526 413 566 443 B.
583 412 656 444 Civ.
674 420 713 442 ιι.
733 414 783 442 16.

224 472 296 496 ux.
313 467 330 495 1
355 464 425 494 Hoc
444 463 563 493 Coesarl
585 463 625 492 ad
648 461 785 492 Ilerdam
806 471 882 492 nun.-

179 513 276 553 cialo]
302 513 355 545 Ita
376 513 528 552 Scaliger
543 511 663 543 edidit.
705 511 745 543 In
763 512 881 552 priori-

180 565 242 596 bus
258 563 464 595 editionibus
479 567 566 601 erat,
582 562 652 593 Hoc
665 562 801 603 primum
815 562 882 592 Coe·

177 614 243 644 sari
267 615 307 644 ad
335 614 472 644 Ilerdam
493 613 669 643 nuntiatur.
704 612 881 643 Palatinus

180 664 296 703 liabet,
327 664 398 695 Hoc
433 664 567 703 primum
595 673 663 694 cum
697 662 815 693 Coesari
841 663 882 693 ad

176 714 314 745 Ilerdam
332 714 508 745 nuntiatur.
543 713 713 753 Corrupte
734 712 881 753 quidem,

176 764 236 795 sed
254 772 368 794 veram
391 772 512 794 eruere
541 763 723 794 lectionem
739 762 880 793 arduum

175 824 244 846 non
261 819 332 846 est:
358 823 424 845 non
441 813 559 845 dubito
586 812 787 853 rescribere,
810 812 881 843 Hoc

175 865 399 905 quamprimum
432 864 550 895 Caesari
575 865 614 894 ad
643 864 780 894 Ilerdam
808 873 882 894 nun-

175 918 286 948 tiatur.
324 916 478 956 Scaliger
494 921 588 946 certe
605 914 769 946 audacter
784 913 882 944 nimis

176 976 295 998 vocem
320 966 409 996 illam
436 965 572 1005 primum
603 964 765 1004 ejecerat.
810 963 882 994 Vos-

174 1017 248 1048 sius.
289 1017 356 1048 Ms.
388 1016 507 1047 Brant.
545 1015 615 1046 Hoc
651 1014 787 1054 primum
814 1022 881 1043 cum

178 1067 298 1097 Caesan·
320 1068 360 1097 ad
383 1067 518 1097 Ilerdam
533 1066 709 1096 nunciatur.
751 1065 791 1095 In
808 1065 881 1095 aliis

177 1116 287 1148 Codd.
319 1120 372 1146 est
400 1116 456 1145 Ιιοι·
483 1115 638 1154 praelium.
679 1113 880 1144 Rescriben-

175 1166 257 1197 dum
275 1170 358 1207 puto
373 1165 428 1196 hoc
446 1165 592 1206 proelium
615 1173 684 1195 cum
707 1163 826 1194 Caesari
840 1165 881 1193 ad

174 1217 312 1248 Ilerdam
338 1216 515 1247 nunciatur.
562 1213 722 1245 Mutandi
754 1213 879 1254 primus

175 1270 297 1299 auctor
321 1266 388 1298 fuit
414 1266 491 1298 Pet.
520 1264 733 1303 ciacconius,
760 1265 819 1305 qui
844 1268 880 1295 et

173 1319 309 1358 primum
338 1321 374 1348 et
403 1316 546 1357 proelium
577 1324 637 1355 pro
665 1314 879 1346 Glossemale

177 1368 306 1399 babuit.
331 1367 444 1398 Dat-is.
483 1365 630 1397 Restitui
649 1365 797 1404 priorem
814 1365 881 1395 lec-

176 1419 317 1455 tionem,
339 1427 438 1459 quam
455 1417 558 1448 etiam
581 1420 772 1456 agnoscunt
794 1415 877 1446 Mss.

175 1469 252 1506 mei,
279 1468 345 1499 nisi
375 1467 465 1509 quod
492 1467 630 1507 primum
659 1476 728 1497 cum
755 1465 881 1497 habeat

177 1528 309 1560 quoque
340 1517 475 1550 Dorvil.
508 1516 652 1557 proelium
681 1515 784 1546 etiam
823 1515 882 1546 ad-

173 1569 312 1610 scripsit
339 1569 492 1609 Lipsius:
527 1576 569 1597 an
594 1565 784 1606 opportune?
819 1566 880 1597 sed

173 1619 384 1660 conjecturis
409 1628 476 1649 non
501 1617 683 1657 indulgeo:
707 1616 799 1646 simul
826 1616 880 1647 lioc

179 1669 216 1701 C.
233 1669 378 1700 nunciato
401 1667 549 1708 conjecit
569 1675 703 1708 quoque
720 1666 878 1697 Ciaccon.

177 1721 219 1752 de
243 1731 310 1762 qua
334 1720 541 1761 repetitione
565 1718 621 1749 τοῦ
635 1718 728 1752 simul
745 1717 822 1748 vide
837 1717 879 1748 ad

174 1781 224 1804 lv.
242 1774 293 1802 13.
336 1771 434 1803 Idem
460 1771 494 1801 in
515 1769 589 1800 aliis
613 1767 790 1800 codicibus
807 1777 879 1798 esse

175 1822 223 1854 ait
234 1822 387 1863 proelium.
423 1821 527 1856 Quum
538 1820 673 1860 primum
689 1823 780 1849 stare
796 1818 880 1849 sutis

174 1876 302 1914 potest.
327 1871 415 1902 Vide
433 1869 475 1900 ad
492 1870 532 1900 Β.
548 1869 590 1900 G.
606 1877 660 1899 ιιι.
678 1871 729 1899 19.

218 1930 275 1953 Lx.
304 1924 324 1952 2
368 1921 447 1951 Cum
479 1919 660 1951 Oscensibus
697 1917 880 1959 contributi]

176 1973 377 2006 ciacconius
396 1972 479 2003 illud
501 1981 570 2002 cum
594 1970 742 2012 putabat
765 1970 879 2001 delen-

168 2023 268 2054 ·dum.
299 2022 458 2053 Arbitror
475 2022 613 2053 retineri
631 2029 743 2062 posse,
758 2025 796 2051 ut
811 2030 880 2051 cum

178 2073 361 2104 Oscensibus
389 2071 558 2103 contributi
598 2071 734 2102 dicatur
763 2080 804 2101 ea
831 2080 882 2102 ra-

176 2122 280 2161 tione,
308 2131 375 2162 qna
404 2121 560 2160 dicimus,
584 2130 653 2151 cum
681 2120 783 2161 aliquo
810 2130 881 2151 con-

168 2172 308 2211 junctus.
336 2172 427 2204 Usus
443 2171 573 2202 Plinius
590 2171 708 2202 eadem
724 2180 806 2202 voce
822 2180 880 2204 ιιι.

177 2226 207 2254 3.
218 2225 228 2240 ⁴
239 2223 375 2254 Praeter
387 2222 543 2253 civitates
552 2222 764 2254 contributas
777 2222 851 2253 aliis
861 2223 880 2252 :'

179 2279 216 2305 ut
234 2273 380 2305 arbitrer
397 2272 479 2304 illud
491 2272 683 2304 contributas
694 2281 779 2312 esse,
792 2272 882 2313 quod

179 2333 283 2364 supra
310 2323 435 2363 saepius
457 2322 546 2353 dixit
566 2323 680 2354 Caesar
694 2322 881 2354 attributas.-

175 2374 229 2406 uti
246 2383 323 2404 cum
345 2373 394 2404 ait
415 2372 610 2404 Suessiones
631 2373 769 2404 Rhemis
784 2372 882 2403 attri-

179 2424 280 2455 butos
295 2431 382 2461 esse,
397 2422 460 2453 hoc
475 2425 538 2460 est,
566 2422 602 2452 in
621 2431 736 2453 eorum
753 2421 882 2453 ditione

179 2473 320 2515 positos.
355 2473 485 2504 Plinius
502 2471 620 2502 eodem
644 2472 731 2503 libro
748 2477 782 2503 et
805 2482 881 2513 cap.

177 2522 308 2564 inquit:
331 2523 340 2539 ‘
360 2522 500 2554 Colonia
514 2522 667 2552 immunis
679 2522 780 2562 Illici,
794 2523 883 2554 unde

178 2573 372 2606 Illicitanus
388 2573 490 2604 sinus.
519 2572 559 2603 ln
575 2582 648 2603 eam
666 2573 884 2604 contribuun-

181 2628 239 2655 tur
254 2623 442 2656 Icositani?
483 2625 616 2656 Vossius.

221 2673 254 2706 3·
270 2674 315 2706 Et
338 2675 498 2716 Jacelani]
528 2674 588 2705 Uti
617 2674 758 2706 Ursinus
783 2684 802 2704 e
826 2683 884 2706 sno

180 2723 300 2756 codice
330 2724 500 2763 rescribit,
533 2729 646 2755 exstat
681 2734 815 2765 qnoque
851 2723 886 2754 in

181 2774 304 2807 Petu.
337 2775 458 2816 Cujac.
485 2775 594 2816 Bong.
620 2774 715 2806 Leid.
741 2784 792 2816 pr.
818 2783 884 2806 sec.

1519 213 1628 254 1381

930 314 1050 354 Scalig.
1074 316 1199 347 Lovan.
1224 316 1331 347 Dorv.
1349 315 1461 347 Palat.
1486 321 1521 347 et
1546 317 1631 356 aliis,

931 365 979 395 uti
994 371 1029 396 et
1045 366 1130 397 Edd.
1147 367 1262 406 primis
1277 378 1285 405 ;
1314 377 1420 409 quare
1436 367 1470 399 id
1494 368 1630 399 retinui.

931 415 1095 446 cellarius
1131 422 1242 448 tamen
1288 418 1460 449 revocavit
1490 418 1630 449 aliorum

929 464 1091 504 Iacetani,
1114 473 1150 498 et
1178 468 1254 499 vide
1279 469 1357 509 quid
1385 468 1518 500 adferat
1543 469 1630 500 Har·

930 514 1050 545 duinus
1062 516 1105 546 ad
1123 517 1213 548 Plin.
1231 518 1252 548 l.
1267 527 1322 549 ιιι.
1352 520 1445 550 Nota
1460 522 1511 551 20.
1524 520 1567 551 de
1583 520 1633 552 his

930 569 966 595 et
978 565 1279 605 Illurgavonensibus
1289 580 1299 600 .·
1326 579 1386 609 pro
1400 571 1520 611 quibus
1533 571 1632 611 Lurg.

931 615 998 646 Ms.
1017 616 1094 648 Urs.
1150 618 1221 648 Mei
1252 620 1399 651 retinent
1429 621 1538 659 Illurg.
1570 621 1634 653 nisi

931 666 1019 706 quod
1037 666 1132 698 Voss.
1146 667 1205 699 det
1218 669 1394 708 Barginon.
1409 676 1443 701 et
1453 671 1542 702 idem
1555 671 1634 702 dein

931 725 1007 746 cum
1032 717 1128 750 Leid.
1155 728 1206 758 pr.
1238 723 1274 750 et
1306 719 1451 751 Dorvill.
1478 721 1635 761 Lurgavo-

930 768 1031 798 nensis
1060 768 1226 808 praebeat.
1267 769 1441 809 Ilergaron.
1468 771 1549 811 legit
1579 773 1634 804 hic

930 817 1032 848 etiam
1049 818 1170 850 Surita.
1184 820 1226 850 ad
1240 819 1365 852 Anton.
1380 821 1497 853 Itiner.
1512 832 1544 862 p.
1558 825 1632 854 393.

975 870 994 898 8
1019 867 1294 910 Illurgavonenses,
1310 872 1363 912 qui
1374 872 1494 912 flumen
1511 873 1634 904 Iberum

931 919 1109 960 attingunt]
1155 921 1316 952 Nonnulli
1343 922 1451 954 Codd.
1477 923 1634 963 Lurgaro-

932 979 1049 1000 nenses.
1074 970 1144 1002 Hos
1167 972 1281 1003 Livius
1304 981 1396 1004 xxii.
1411 976 1464 1004 21.
1504 973 1636 1005 Ilercao-

931 1031 1038 1052 nenses
1051 1027 1165 1062 vocat,
1191 1027 1228 1053 ut
1244 1022 1350 1055 falsus
1365 1025 1408 1055 sit
1427 1025 1521 1056 Fulv.
1540 1025 1634 1057 Ursi-

931 1080 1005 1110 nus,
1027 1072 1163 1103 eosdem
1185 1082 1224 1104 ac
1249 1073 1415 1114 Ilergetas
1438 1075 1633 1106 arbitratus.

931 1121 1044 1160 Hujus
1073 1127 1186 1153 tamen
1212 1132 1361 1154 errorem
1384 1124 1535 1165 sequitur
1557 1125 1636 1157 Jac-

932 1169 1206 1210 Dalecbampius,
1223 1173 1279 1212 qui
1305 1182 1347 1203 ex
1363 1173 1436 1211 ipso
1453 1173 1563 1204 Plinio
1586 1182 1636 1205 re-

929 1218 999 1250 felli
1015 1225 1153 1260 potest:
1179 1221 1233 1252 hic
1257 1221 1346 1252 enim
1362 1221 1453 1252 Hist.
1478 1222 1561 1252 Nat.
1580 1231 1636 1254 ιιι.

929 1272 959 1300 3.
997 1269 1213 1310 Ilergaonum
1236 1271 1300 1311 (sic
1327 1275 1428 1302 vocat
1451 1272 1636 1313 Illurgavo-

929 1318 1066 1359 nenses)
1082 1319 1251 1359 regionem
1265 1326 1444 1360 memorat,
1461 1331 1480 1352 a
1503 1331 1569 1362 qna
1592 1322 1638 1353 Il-

928 1368 1098 1408 lergetum
1115 1369 1288 1409 regionem
1311 1369 1490 1402 manifeste
1516 1371 1635 1403 distin-

930 1418 1016 1458 guit.
1053 1418 1164 1451 Datis.

971 1463 992 1491 9
1018 1461 1170 1492 Celeriter
1182 1460 1244 1503 fit]
1271 1462 1399 1494 Lovau.
1423 1464 1581 1495 celeritate
1603 1468 1633 1496 et

929 1512 1166 1543 commutatione
1185 1522 1300 1544 rerum.
1320 1514 1413 1545 Leid.
1438 1524 1504 1546 sec.
1528 1515 1635 1546 celer-2·-

930 1561 1058 1603 tatefit.
1096 1562 1217 1603 Sedfit
1232 1563 1328 1598 abest
1351 1574 1370 1594 a
1386 1564 1506 1596 Petav.
1525 1565 1634 1596 Palat.

930 1612 1054 1653 Scalig.
1072 1612 1167 1644 Leid.
1185 1622 1235 1654 pr.
1253 1613 1350 1645 Voss.
1368 1615 1474 1645 Dorv.
1493 1620 1528 1646 et
1545 1615 1633 1646 Edd.

930 1663 1057 1704 primis.
1096 1664 1283 1704 Eleganter
1300 1665 1396 1705 quasi
1415 1674 1476 1704 per
1493 1665 1636 1696 admira·

931 1713 1057 1744 tionem
1074 1713 1319 1754 quodammodo
1344 1715 1460 1744 Caesar
1474 1715 1639 1755 loquitur,

930 1762 1011 1794 licet
1027 1763 1274 1804 simplicissime
1289 1764 1455 1804 procedat
1471 1765 1590 1796 oratio.

973 1821 1047 1845 Lxx.
1085 1815 1105 1844 4
1147 1813 1372 1853 ΑΙιίεαάἱνιεηι]
1425 1814 1507 1846 Mss.
1546 1814 1634 1855 Reg.

931 1863 1058 1894 Eliens.
1079 1867 1115 1893 et
1131 1863 1255 1902 vossii,
1270 1868 1307 1894 et
1322 1864 1431 1895 Editt.
1448 1865 1544 1895 Vett.
1565 1865 1635 1895 lali-

930 1914 1079 1944 tudinem.
1112 1913 1198 1946 Quae
1213 1912 1360 1944 fortasse
1387 1919 1422 1944 et
1438 1915 1549 1945 verior
1569 1915 1635 1945 lec·

930 1962 990 1994 tio.
1031 1962 1138 1994 Clark.
1186 1963 1399 1995 Altitudinem
1425 1965 1553 2004 primus
1585 1974 1634 1995 re-

931 2011 1011 2052 poni
1029 2012 1162 2043 curavit
1174 2013 1317 2044 Ursinus
1332 2024 1340 2044 ε
1365 2014 1399 2044 id
1417 2014 1507 2055 quod
1523 2019 1638 2045 exstat

931 2062 1034 2093 etiam
1052 2062 1085 2093 in
1102 2063 1200 2094 Leid.
1216 2072 1270 2103 pr.
1293 2064 1420 2094 Forsan
1441 2069 1476 2095 et
1497 2065 1529 2095 in
1547 2065 1635 2103 aliic,

931 2122 1008 2144 nam
1031 2113 1083 2144 bae
1112 2123 1212 2145 voces
1233 2119 1401 2154 perpetuo
1425 2114 1636 2145 confimdun-

932 2168 998 2195 tur.
1036 2163 1211 2204 Alioquin,
1229 2164 1317 2205 quod
1333 2165 1448 2203 sciam,
1466 2165 1550 2196 Mss.
1568 2165 1636 2196 mei

931 2218 967 2245 et
993 2213 1082 2245 Edd.
1105 2213 1235 2254 priores
1259 2214 1467 2253 latitudinem,
1487 2215 1576 2256 quod
1600 2219 1635 2246 et

931 2265 1168 2296 Hotomannus
1186 2274 1204 2295 e
1220 2274 1280 2295 suo
1297 2264 1430 2306 probat.
1461 2265 1538 2296 Non
1555 2269 1636 2303 tam,

932 2315 1020 2356 quod
1034 2316 1144 2355 major
1167 2314 1354 2346 latitudinis
1371 2314 1456 2345 ratio
1478 2313 1636 2344 habenda

932 2364 1048 2405 fuerit,
1069 2375 1169 2407 quam
1190 2365 1395 2403 altitudinis,
1414 2364 1493 2405 quia
1513 2363 1636 2395 fluvius

932 2415 1137 2447 avertendus
1157 2419 1243 2446 erat.
1283 2415 1370 2446 Nam
1387 2413 1483 2446 fossae
1500 2423 1565 2455 quo
1591 2414 1636 2444 al-

933 2467 1049 2508 tiores,
1079 2476 1120 2499 eo
1158 2467 1262 2498 etiam
1295 2466 1440 2507 majores
1479 2465 1634 2505 recipere

932 2522 1092 2557 poterant
1112 2527 1240 2558 aquas;
1262 2517 1321 2547 sed
1334 2516 1424 2557 quod
1440 2525 1507 2546 non
1526 2513 1635 2545 credi-

933 2567 1013 2607 bile,
1048 2568 1218 2599 Caesarem
1251 2567 1433 2607 imperasse
1469 2563 1633 2595 militibus

935 2623 1002 2648 tam
1022 2617 1163 2649 arduum
1179 2618 1342 2653 laborem,
1359 2614 1464 2645 fossas
1482 2622 1557 2644 xxx
1577 2623 1634 2654 pe-

935 2666 1015 2698 dum
1027 2666 1061 2698 in
1074 2667 1289 2699 altitudinem
1303 2663 1484 2697 effodiendi
1497 2674 1506 2701 ;
1530 2672 1633 2704 quare

934 2722 1087 2749 veterem
1103 2718 1283 2749 lectionem
1298 2714 1442 2746 restitui.

980 2767 1099 2804 Quibus
1117 2771 1238 2809 partem
1258 2766 1392 2807 aliquam
1414 2763 1533 2796 Sicoris
1549 2773 1636 2804 aver,-
