1872 3115
249 162 334 202 984
713 173 854 204 κοτε,
887 173 1150 206 vAiuoRUM
1186 176 1236 207 lN

251 266 360 298 Codd.
374 267 486 299 Penes
501 268 665 300 lectorem
675 267 853 299 arbitrium
865 272 952 299 esto.

250 317 458 348 Monendum
488 322 671 358 praeterea,
702 316 852 349 Grutcro
882 327 952 349 sus-

250 372 352 408 pecta
366 377 454 406 esse,
468 372 505 398 ut
523 366 691 404 clessam,
710 366 813 398 vcrba
827 368 867 398 ud
879 377 952 407 quos

248 420 373 448 ventum
388 421 465 448 erat.
513 417 589 448 Nec
610 417 710 449 valde
732 417 786 449 hic
803 417 953 458 refragor

251 466 295 497 ob
324 467 493 498 Mstorum
519 467 732 499 varietatem.
776 469 865 499 Satis
891 478 952 509 per

251 526 288 548 se
304 517 542 557 intelliguntur
558 518 724 550 notissimi.

296 571 336 598 18
359 568 398 598 In
412 568 498 608 sugo
512 567 572 600 sibi
587 569 755 600 subsidium
773 570 954 610 posuer-une]

250 618 410 650 Schottus
427 618 459 650 in
477 619 681 650 membranis
696 623 841 659 pom-rent
860 629 955 660 repe-

252 667 308 698 rit.
354 668 524 700 Neutrum
542 669 640 700 male.
691 670 826 701 Vossius.

295 724 335 752 21
360 720 424 752 Sub
447 732 644 762 occasumque
668 721 756 762 solis]
787 721 852 752 Sub
872 732 954 754 occa-

251 784 318 805 tum
334 774 404 805 sine
420 785 476 815 que
491 774 646 815 quaedam
663 774 751 805 Edd.
778 774 833 805 sub
848 785 955 807 occasu

252 824 326 854 solis
350 824 445 855 Carr.
463 825 540 855 Urs.
559 824 625 854 Ms.
650 824 745 855 Leid.
764 833 815 864 pr.
841 825 954 858 Oxon.

252 875 361 916 Bong.
386 880 464 906 tert.
491 876 544 906 sub
561 885 722 915 occasuque
745 875 839 907 Duk.
859 876 954 907 Leid.

252 929 334 956 tert.
351 930 386 956 et
403 925 465 955 Ed.
484 925 558 956 Inc.
605 925 704 956 Unde
722 925 866 966 adparet
888 935 956 957 rec-

254 980 325 1007 tum
351 985 424 1006 esse
452 976 640 1015 vulgatum,
672 980 731 1006 aut
762 976 884 1006 saltem
914 977 956 1006 ab

253 1026 406 1067 plurimis
432 1030 468 1057 et
497 1025 633 1066 optimis
666 1026 748 1056 Mss.
782 1025 957 1056 confirma-

255 1082 326 1107 tum
341 1076 395 1106 sub
412 1086 616 1116 occasumque.
660 1075 727 1106 Adi
745 1076 959 1106 collectanea

256 1126 299 1157 ad
322 1127 475 1158 Frontin.
503 1135 527 1157 1.
543 1130 575 1157 s».
599 1127 613 1166 ξ
639 1129 671 1156 9.
695 1126 776 1157 ‘sub
800 1136 957 1157 occasum

254 1178 334 1209 solis
349 1177 369 1208 ε’
387 1183 421 1208 et
436 1178 486 1209 Cl.
501 1177 610 1208 Drak.
628 1176 669 1207 ad
688 1177 759 1207 Liv.
777 1186 815 1208 11.
831 1181 883 1208 55.
902 1177 958 1207 nbi

255 1228 387 1264 eadem,
412 1233 450 1259 ut
466 1227 538 1259 sere
556 1237 702 1268 semper,
727 1233 778 1259 est
805 1228 957 1258 variatio.

253 1278 263 1294 ¹
278 1278 349 1309 Sub
383 1278 459 1308 luce
491 1282 525 1308 et
556 1277 690 1308 lucem!
728 1286 790 1307 vn.
821 1279 874 1308 61.
904 1280 956 1307 83.

258 1337 339 1359 vui.
368 1331 420 1358 49.
446 1330 454 1344 ‘
469 1328 530 1359 snb
547 1327 715 1359 decessu)
741 1329 782 1359 B.
803 1328 842 1359 C.
862 1337 886 1358 1.
904 1330 957 1358 28.

255 1378 264 1394 ‘
279 1378 341 1408 sub
359 1378 518 1408 noctem!

299 1426 392 1467 Sequi
428 1428 630 1468 claruerunt]
651 1428 837 1458 Tesmntur
854 1428 959 1459 Bran-

257 1477 324 1509 tius
365 1482 400 1509 et
425 1478 564 1508 Scottus
598 1479 630 1508 iu
663 1478 732 1508 suis
764 1478 846 1510 Mss.
893 1487 957 1508 non

259 1528 404 1568 reperiri
427 1528 464 1558 τὸ
485 1530 579 1568 sequi.
626 1527 741 1567 Addo,
757 1537 822 1559 non
839 1528 904 1568 legi
918 1527 959 1558 is-

256 1579 317 1612 tud
336 1579 474 1610 verbum
491 1579 523 1609 in
540 1580 707 1619 Bongars.
734 1588 785 1618 pr.
801 1587 870 1609 sec.
892 1578 958 1609 Pe-

258 1635 327 1661 tav.
347 1630 469 1660 Lovan.
487 1630 598 1660 Palat.
615 1629 761 1660 Dorvill.
780 1628 873 1659 Leid.
889 1637 957 1659 sec.

255 1684 335 1710 tert.
353 1678 511 1718 Gottorp.
526 1689 545 1708 a
559 1689 602 1709 un.
620 1687 670 1718 pr.
686 1678 734 1708 uti
749 1678 856 1708 necin
872 1677 958 1708 Edd.

257 1730 355 1761 Rom.
373 1729 514 1760 Mediol.
533 1729 619 1759 Ven.
637 1728 790 1765 Incerta,
806 1727 958 1767 aliisque.

256 1779 357 1813 Quod
390 1779 495 1810 multo
527 1778 717 1817 elegantius
745 1777 824 1807 mihi
850 1777 958 1807 visum

255 1835 319 1861 cst.
378 1830 580 1861 Destiteruraet
611 1828 745 1859 scilicet
774 1827 958 1868 interficere.

255 1879 350 1920 Sequi
381 1885 495 1910 uatum
529 1879 664 1909 videtur
695 1888 735 1909 ex
764 1888 834 1919 seq.
858 1887 957 1917 seque.

256 1930 344 1961 Vide
378 1930 496 1961 nefins.
526 1929 568 1960 ad
602 1928 702 1960 Ovid.
735 1928 843 1968 Epist.
875 1927 959 1958 Her.

259 1989 307 2011 xv.
324 1983 354 2011 8.

303 2039 368 2062 xii.
392 2032 411 2060 8
441 2030 553 2061 Vincas
576 2029 682 2069 agere]
720 2029 796 2059 Non
823 2027 960 2058 dubitat

259 2080 511 2118 Hotomanuus,
535 2080 614 2121 quin
640 2079 818 2119 legendum
844 2080 886 2109 sit
907 2089 961 2117 ag-

257 2140 376 2169 gerem,
392 2140 468 2160 euni
485 2129 691 2170 intelligens,
707 2138 773 2170 quo
789 2127 885 2159 fossa:
903 2139 960 2158 cx-

259 2180 405 2220 plentur.
450 2179 530 2219 Sed,
554 2189 594 2210 ne
620 2178 812 2218 κακοφωνίαν
837 2188 961 2209 memo-

261 2238 343 2269 rem,
367 2239 482 2260 omnes
500 2229 577 2260 libri
595 2230 794 2270 reclamant,
819 2238 882 2260 nec
908 2238 961 2259 res

259 2279 332 2319 ipsa
348 2280 510 2320 postulat,
532 2284 569 2309 ut
587 2279 767 2320 quidquam
785 2283 960 2309 mutemus.

261 2329 300 2361 ln
317 2338 393 2359 curu
410 2329 497 2360 enim
515 2329 615 2359 tinem
630 2329 819 2368 agebantur
835 2328 961 2365 vineae3

260 2384 297 2410 nt
314 2380 352 2410 iis
369 2381 450 2411 tecti
467 2380 590 2410 milites
614 2379 751 2410 urbibus
769 2387 962 2419 expugnan-

261 2429 312 2460 dis
328 2438 465 2469 operam
483 2429 614 2461 ‹larent.
659 2429 747 2460 Vide
764 2428 961 2460 ‘rurnebum

262 2479 406 2511 Advers.
424 2489 474 2511 xi.
491 2484 543 2511 24.
580 2480 690 2511 Davis.

305 2538 386 2561 1111.
402 2533 421 2561 2
444 2529 624 2570 Armisque]
659 2530 726 2562 Ms.
742 2530 827 2570 Reg.
842 2530 962 2561 Armis.

263 2579 361 2612 Quali
377 2579 530 2610 oratione
554 2577 709 2617 ἀσυνδέτῳ
725 2580 909 2619 saepissime
927 2580 961 2611 in

262 2629 454 2671 hujusmodi
471 2635 613 2661 utuntur
636 2630 750 2662 Caesar
766 2634 800 2660 et
818 2629 961 2661 Hirtius.

263 2679 350 2710 Vide
367 2690 468 2720 supra
484 2689 507 2711 1.
523 2683 576 2711 2⁴.
593 2684 628 2712 et
645 2678 742 2710 infra.
757 2680 771 2720 ς
787 2682 839 2711 36.
864 2680 884 2712 l.
899 2689 961 2711 vit.

263 2730 277 2769 5
295 2732 346 2761 31.
393 2732 446 2762 De
475 2731 570 2762 Bello
589 2731 659 2763 Civ.
685 2730 704 2761 l.
723 2739 776 2762 ιιι.
797 2731 811 2770 §
839 2733 890 2762 12.
907 2733 960 2762 35.

1003 276 1037 302 et
1052 273 1105 303 8-1.
1160 274 1215 304 De
1236 273 1335 304 Bello
1352 272 1452 304 Alex.
1479 283 1509 305 c.
1531 277 1584 306 ⁴4.
1608 276 1626 315 §
1645 277 1701 307 42.

1003 327 1038 353 et
1060 323 1142 362 §62
1187 323 1314 355 Annot.
1339 324 1381 354 ad
1406 324 1429 355 l.
1447 333 1509 355 vn.
1536 324 1578 356 de
1604 326 1702 357 Bello

1003 372 1137 403 Gallico
1162 373 1243 412 §62
1267 373 1347 404 item
1375 373 1504 405 Annot.
1541 374 1582 405 ad
1604 376 1622 415 ᾗ
1645 377 1701 406 22.

1004 429 1039 454 et
1067 425 1083 464 §
1104 426 1156 455 24.
1181 425 1223 456 de
1252 425 1348 456 Bello
1372 426 1535 457 Africano
1561 432 1595 457 et
1623 426 1702 457 alibi

1008 476 1143 515 passim.
1184 477 1291 507 Clark.
1334 477 1401 508 Sed
1426 487 1541 508 omnes·
1566 477 1630 508 mei
1646 477 1700 508 hic

1006 531 1141 556 servant
1158 527 1361 558 encliticam.

1048 580 1066 606 5
1092 576 1129 606 In
1146 577 1291 616 oppidum
1306 576 1583 618 Bratuspantium]
1608 578 1703 609 ldcm

1005 626 1142 657 videtur
1157 636 1197 657 ac
1219 626 1492 667 Caesaromagum
1514 628 1706 667 Ptolemaei,

1006 682 1136 707 mutato
1152 677 1284 707 nornine
1302 678 1334 708 in
1357 678 1517 708 honorem
1541 683 1599 709 aut
1622 678 1706 710 Julil

1007 732 1064 758 aut
1096 726 1241 767 Augusti
1272 728 1426 758 Caesaris.
1476 728 1564 758 Vide
1597 728 1707 759 Hadr.

1008 776 1178 807 Valesium
1203 777 1236 807 in
1263 776 1354 807 Gall.
1380 777 1478 808 notit.
1509 787 1541 817 p.
1560 779 1632 808 113.
1670 782 1706 809 et

1007 825 1084 857 Chr.
1115 826 1299 857 cellarium
1329 827 1458 868 Geogr.
1491 826 1572 858 Ant.
1601 836 1643 859 n.
1674 829 1706 859 3.

1008 885 1040 915 p.
1058 878 1132 906 245.
1171 875 1285 906 Dacis.

1049 933 1124 955 xiv.
1143 928 1182 955 10
1199 926 1310 956 Petere
1326 935 1384 956 uon
1399 926 1495 956 solum
1511 926 1706 967 Bellovacos]

1008 976 1115 1006 Editt.
1133 975 1386 1017 Antiquissimae
1410 977 1498 1007 hunc
1523 977 1634 1007 locum
1649 985 1707 1008 ex-

1007 1026 1124 1057 hibent
1147 1027 1358 1065 auctiororn3
1389 1028 1421 1057 in
1447 1026 1487 1057 iis
1512 1027 1600 1058 enim
1627 1027 1709 1067 legi-

1009 1087 1081 1108 mns
1096 1081 1247 1117 praterea
1263 1080 1378 1118 petere,
1395 1080 1459 1108 dcc.
1480 1087 1555 1118 quae
1571 1077 1707 1118 quidem

1010 1128 1113 1159 lectio
1130 1129 1267 1167 vulgata
1290 1137 1355 1158 non
1371 1133 1425 1159 est
1443 1128 1606 1166 deterior,
1630 1137 1708 1158 nam

1009 1179 1051 1209 ad
1070 1179 1169 1209 aliam
1185 1179 1349 1210 rationem
1367 1179 1487 1209 transit
1505 1178 1711 1218 Divitiaeus,

1009 1239 1070 1260 cur
1086 1229 1242 1260 servandi
1259 1229 1326 1260 sint
1345 1229 1530 1260 Bellovaci.
1570 1229 1666 1260 Idem.

1051 1289 1112 1311 xv.
1129 1283 1149 1310 2
1175 1281 1229 1319 Ee,
1251 1282 1330 1320 quod
1352 1280 1434 1320 erae]
1473 1280 1550 1311 Hoc
1581 1279 1711 1320 profec-

1011 1335 1081 1361 tum
1109 1336 1162 1361 est
1188 1340 1208 1360 a
1237 1331 1329 1362 libris
1360 1330 1486 1369 Ursini,
1515 1330 1710 1371 habentque

1009 1381 1161 1411 nonnulli
1178 1381 1254 1419 mei,
1274 1385 1312 1411 ut
1328 1380 1441 1412 Oxon.
1461 1381 1584 1420 Scalig.
1600 1381 1713 1411 Antea

1009 1430 1177 1461 edebatur
1197 1430 1278 1466 Sed;
1305 1429 1473 1470 quomodo
1497 1431 1600 1461 etiam
1623 1429 1709 1461 Mss.

1011 1480 1149 1520 Regius,
1187 1480 1300 1511 Palat.
1338 1479 1470 1511 Duker.
1510 1479 1605 1510 Leid.
1645 1488 1710 1510 sec.

1010 1530 1155 1562 Dorvill.
1174 1535 1209 1561 et
1225 1529 1313 1561 Edd.
1331 1530 1468 1560 multae:
1494 1530 1611 1560 melius
1636 1539 1712 1569 pro-

1010 1580 1120 1611 fecto:
1141 1590 1245 1622 quare
1258 1580 1379 1620 probat
1396 1580 1498 1611 etiam
1515 1580 1566 1611 Cl.
1581 1580 1715 1618 Wasse3

1011 1631 1186 1671 creditque
1202 1630 1234 1661 in
1261 1631 1328 1661 Ms.
1353 1631 1432 1661 olim
1457 1629 1560 1661 fuisse
1579 1631 1633 1661 sed
1656 1631 1711 1661 vel

1009 1683 1054 1711 at.
1082 1681 1224 1712 Graecus
1251 1680 1353 1711 etiam
1377 1679 1471 1711 ὀτιδέ.
1525 1681 1642 1712 Celsus
1665 1684 1713 1711 taz--

1009 1740 1087 1760 men.
1131 1731 1258 1760 Verum
1285 1730 1390 1770 Bong.
1419 1740 1471 1770 pr.
1495 1739 1563 1761 sec.
1590 1731 1712 1761 Petav.

1010 1779 1137 1810 Lovan.
1152 1779 1249 1810 Voss.
1265 1789 1393 1817 omnes,
1419 1779 1587 1820 Egmund.
1612 1779 1714 1810 Gott.

1011 1834 1043 1860 et
1066 1829 1161 1860 Lem.
1180 1834 1258 1860 tert.
1282 1839 1358 1860 cum
1384 1829 1447 1860 Ed.
1473 1830 1611 1860 Incerta
1635 1839 1714 1860 neu·

1011 1884 1098 1909 trum
1115 1879 1251 1910 liabent.
1297 1880 1380 1910 Mox
1398 1883 1426 1910 el
1445 1879 1538 1918 inter,
1550 1881 1613 1910 ἃς.
1634 1888 1714 1910 con-

1005 1929 1218 1969 junctionem
1249 1938 1314 1959 non
1349 1934 1537 1969 agnoscunt
1566 1928 1712 1960 Codices

1011 1979 1137 2017 Ursini,
1161 1980 1324 2019 BongarS.
1349 1979 1517 2018 Vossiani,
1541 1977 1634 2009 Leid.
1660 1987 1712 2018 pr.

1011 2035 1092 2060 tert.
1131 2029 1230 2060 Gott.
1279 2029 1374 2068 Egm.
1421 2029 1545 2059 Lovau.
1586 2027 1713 2059 Eliens.

1011 2080 1143 2111 Duker.
1159 2085 1195 2111 et
1213 2080 1276 2110 Ed.
1294 2079 1366 2110 Inc.
1390 2079 1583 2109 verissime.
1601 2077 1713 2109 Aliter

1012 2131 1102 2161 euim
1123 2131 1174 2161 bis
1190 2130 1279 2161 idem
1297 2130 1382 2160 dicit
1403 2131 1412 2146 ⁴
1427 2129 1547 2160 civitas
1572 2137 1713 2168 magna3

1012 2186 1046 2212 et
1070 2180 1287 2212 multitudine
1310 2179 1479 2210 hominum
1503 2178 1713 2219 praestabat!

1012 2230 1102 2261 Dein
1121 2239 1182 2270 pro
1197 2240 1232 2261 ac
1248 2230 1331 2260 Mss.
1351 2234 1484 2259 tantum
1507 2238 1573 2259 non
1599 2237 1714 2259 omnes

1012 2286 1048 2312 et
1079 2281 1167 2312 Edd.
1200 2280 1354 2321 quaedam
1385 2282 1486 2319 atque.
1546 2278 1602 2309 Sic
1633 2287 1714 2318 ergo

1013 2331 1104 2362 locus
1121 2331 1175 2361 hic
1200 2329 1400 2361 scribendus
1424 2330 1432 2345 ‘
1446 2329 1516 2367 scil,
1533 2339 1566 2369 q.
1582 2337 1630 2358 er.
1649 2329 1713 2360 civ.

1013 2391 1133 2421 magna
1151 2381 1242 2411 inter
1261 2381 1299 2410 B.
1324 2379 1543 2414 auctoritate,
1561 2382 1663 2417 atque
1681 2376 1713 2407 h.

1013 2441 1056 2461 m.
1075 2436 1190 2471 praust.
1207 2430 1227 2461 :'
1252 2430 1304 2461 vel
1322 2430 1400 2470 quia
1417 2429 1508 2469 prius
1524 2430 1553 2458 et
1576 2426 1608 2456 in
1628 2426 1716 2466 opti-

1013 2481 1075 2512 mis
1099 2481 1182 2512 Mss.
1211 2479 1321 2518 deest,
1344 2479 1407 2509 hoc
1435 2482 1536 2518 pacto
1564 2479 1572 2493 ‘
1589 2475 1714 2515 Dixit;

1013 2530 1102 2572 quod
1119 2534 1194 2562 erat
1210 2530 1274 2561 civ.
1291 2538 1413 2568 magna
1427 2527 1518 2558 inter
1534 2527 1574 2558 Β.
1598 2531 1715 2557 aucto-

1014 2583 1139 2619 ritate;
1172 2585 1219 2620 at,
1243 2578 1333 2621 quod
1357 2577 1455 2609 hom!
1500 2577 1547 2607 Ut
1564 2575 1647 2607 duas
1665 2586 1716 2608 ra-

1013 2632 1123 2662 tiones
1139 2630 1244 2668 dicat,
1261 2637 1364 2669 quare
1388 2636 1445 2658 eos
1471 2630 1713 2657 conservaret:

1014 2682 1123 2723 prima
1138 2679 1203 2711 fuit
1218 2680 1323 2710 honor
1347 2676 1527 2714 Divinam,
1550 2679 1583 2706 et
1610 2674 1716 2708 AEdu-

1014 2742 1122 2772 orum,
1139 2740 1238 2772 quam
1265 2728 1400 2770 publice
1423 2737 1492 2767 prae
1509 2736 1543 2758 se
1569 2725 1701 2759 ferebat
