1818 3131
214 251 328 296 1182

211 360 309 388 tanta
319 354 512 386 calamitate
527 354 766 388 commodum!
784 357 826 391 B.
841 358 914 390 Civ.

210 415 252 437 11.
267 409 319 438 40.
335 407 344 422 ‘
363 410 401 436 nt
415 404 546 436 miseris
563 405 596 436 in
614 405 736 439 rebus!
760 408 801 440 B.
815 408 914 440 Alex.

212 469 243 490 c.
260 462 312 489 6-1.
338 459 346 475 ‘
365 457 534 496 Secunda,
556 463 594 490 ut
610 459 753 491 hiberna
767 466 915 503 tempes-

211 508 308 540 tate.'
333 507 426 539 Alibi
443 510 451 525 ‘
468 514 505 539 ut
517 514 570 540 est
580 514 701 550 captus
714 510 913 543 Gallorum.’

211 558 312 590 Adde
329 568 358 589 c.
374 562 427 589 72.
458 559 498 590 Β.
517 558 616 591 Alex.
643 566 680 592 et
705 561 754 592 ita
778 562 847 594 alii.
872 563 913 593 V.

210 609 388 641 Drakeub.
413 609 455 640 ad
483 610 555 641 Liv.
578 619 603 641 1.
630 614 681 642 18.
719 612 809 643 Dein
827 614 914 644 male

209 659 272 689 Vir
281 658 403 691 doctus
417 659 459 690 ad
477 661 661 701 marginem
675 662 752 692 libri
769 663 820 693 sni
833 663 913 703 ejici

210 708 349 740 volebat
361 709 530 750 prorideri.
552 711 652 743 Quod
663 711 914 751 elegantissime

209 759 398 799 repetitur:
437 759 480 791 de
513 760 635 791 talibus
667 761 814 792 diximus
841 762 915 802 jam

211 818 315 850 saepe,
339 815 373 840 et
399 819 488 840 nunc
513 810 567 840 adi
586 811 685 841 modo
703 812 777 842 Cel.
800 811 915 842 Burm.

210 858 253 888 ad
272 858 392 890 Vellei.
409 869 433 890 1.
451 862 482 889 3.
508 860 517 876 ‘
536 860 637 892 Quod
661 870 763 900 quum
788 861 844 891 alii
867 861 915 892 fa·

209 907 313 946 ciant,
353 908 492 948 Tragici
534 908 805 949 frequentissime
833 910 916 942 faci-

212 958 297 988 unt.’

252 1011 294 1040 20
321 1010 543 1050 Omitteretur]
581 1011 657 1042 Hoc
688 1011 859 1043 invenitur
881 1012 913 1043 iu

209 1059 288 1090 solis
325 1059 529 1091 membranis
559 1060 702 1092 Andinis
738 1067 772 1092 et
802 1062 914 1093 Oxou.

207 1108 321 1140 forsan
361 1115 397 1140 et
434 1110 465 1139 in
503 1110 620 1150 anac.
661 1111 798 1152 Reliqui
838 1121 914 1142 cum

211 1159 300 1190 Edd.
318 1159 586 1200 Antiquissimis,
601 1160 651 1191 uti
669 1166 702 1192 et
716 1162 826 1192 multis
839 1162 914 1193 aliis

203 1210 513 1249 praetcrmitteretnr.
573 1211 672 1243 Quod
697 1221 756 1242 cur
780 1212 914 1243 damna-

208 1259 278 1289 rint
303 1260 426 1290 Veneti
455 1266 490 1291 et
514 1260 633 1298 Aldus,
674 1271 822 1292 caussam
849 1272 914 1293 non

208 1307 320 1340 video.
365 1310 559 1351 L‘trumque
586 1310 667 1351 quin
686 1311 841 1342 Latinum
861 1312 916 1351 sit,

207 1367 306 1390 nemo
323 1369 424 1390 sanus
441 1360 622 1390 dubitabit.
660 1361 747 1391 Vide
765 1362 806 1392 ad
821 1362 914 1393 Hirt-

207 1409 251 1439 tle
264 1409 304 1439 B.
322 1409 423 1440 Alex.
442 1420 471 1441 c.
486 1413 516 1440 9.
537 1414 669 1442 v11.25.
692 1412 701 1428 ‘
718 1403 816 1443 Q'iiod
831 1422 916 1452 prae-

208 1458 469 1490 termitteudum
497 1470 563 1490 non
591 1460 806 1493 existimavi!
860 1463 914 1493 Sic

206 1508 254 1540 ibi
280 1508 369 1539 And.
404 1515 439 1540 et
467 1510 579 1541 Oxou.
615 1510 754 1552 Reliqui
798 1522 913 1544 omnes

203 1562 466 1600 praetereundum.
495 1570 560 1591 vn.
583 1564 634 1592 54.
671 1562 679 1578 ‘
703 1561 915 1594 Praetermit-

208 1609 349 1640 tendum
377 1611 587 1641 commodum
611 1620 677 1641 non
701 1612 914 1645 existimave-

209 1659 312 1690 runt.’
336 1660 378 1690 B.
396 1659 501 1690 Afric.
524 1670 552 1691 c.
569 1664 621 1691 59.
639 1664 692 1692 81.
732 1664 809 1693 Non
826 1664 913 1694 arbi-

209 1713 281 1740 tror
305 1711 626 1750 prcetermittendum:
666 1712 721 1742 nbi
763 1715 912 1745 nonnulli

209 1768 344 1800 qnoque
365 1761 633 1799 proetereundum:
668 1761 700 1791 in
728 1762 850 1802 quibus
866 1764 913 1793 lo-

207 1809 254 1840 cis
272 1808 338 1840 fuit
355 1810 466 1841 forsan
481 1810 560 1840 olim
573 1812 889 1850 anlermielumlum.

250 1861 291 1889 23
318 1859 451 1898 Evocat]
487 1860 568 1889 Mes.
599 1860 684 1899 Reg.
718 1861 843 1891 Eliens.
876 1866 911 1892 et

207 1909 333 1948 Vossii,
357 1914 392 1939 et
415 1909 522 1939 Editt.
567 1910 662 1940 Vett.
689 1911 729 1940 ad
754 1921 785 1941 se
811 1916 909 1943 vocar.

211 1959 315 1989 Forte
331 1958 518 1989 omiserunt
534 1958 692 1990 Editores
717 1962 837 2000 nuperi
857 1972 911 1992 vo-

208 2018 267 2039 ces
294 2008 390 2047 istas,
409 2009 450 2038 acl
475 2018 529 2044 se;
564 2015 706 2049 propter
734 2020 802 2049 eas,
833 2022 908 2052 qnae

206 2063 405 2099 sequuntur,
446 2059 486 2089 ad
515 2059 705 2099 diripiendos
736 2060 909 2093 Eburones.

207 2110 357 2141 Quarum
373 2114 484 2140 tamen
499 2114 628 2140 ueutrae
643 2116 776 2141 vacant.
803 2112 909 2144 Clark.

208 2160 326 2190 Evocat
344 2159 505 2190 exhibent
522 2160 640 2200 Cujac.
655 2160 779 2193 Audin.
797 2160 907 2194 Oxou.

210 2208 306 2239 Leid.
325 2218 375 2248 pr.
390 2214 423 2238 et
440 2209 563 2250 Scalig.
582 2210 696 2240 Ceteri
710 2212 750 2241 ad
764 2220 797 2242 se
812 2216 910 2244 vocat.

209 2259 350 2291 Nullum
367 2259 445 2289 milii
461 2260 599 2291 dubium
615 2265 680 2299 est,
704 2261 784 2301 quin
808 2261 910 2293 fuerit

206 2310 247 2340 ml
260 2319 293 2340 se
309 2313 433 2340 evocat.-
458 2319 562 2350 quare
578 2310 613 2341 id
631 2311 775 2350 reposui.
822 2312 909 2343 vide

205 2360 343 2391 omniuo
366 2360 407 2389 ad
437 2369 486 2391 iv.
507 2363 560 2390 20.
591 2362 600 2377 ‘
621 2361 781 2392 Evocatis
805 2361 845 2392 ad
874 2372 909 2393 se

206 2410 355 2451 undique
372 2410 625 2441 mercatoribus'
655 2421 686 2442 r.
704 2415 756 2441 53.
782 2413 790 2428 ‘
811 2412 909 2443 l’rin-

205 2460 339 2500 cipibus
357 2461 398 2491 ad
424 2471 458 2491 se
481 2461 656 2492 evocatis?
683 2471 748 2492 vu.
766 2465 818 2493 33.
843 2465 850 2479 ‘
866 2464 908 2494 ad

205 2519 243 2541 se
261 2511 438 2541 Decetiam
455 2512 635 2542 evocavit)
666 2521 728 2542 vn.
747 2516 798 2543 2¹.
822 2514 830 2528 ‘
848 2514 910 2544 La-

207 2560 346 2591 bienum
366 2561 408 2591 ad
434 2571 469 2591 se
493 2562 635 2593 evocat.'
661 2563 700 2592 B.
721 2564 794 2594 (Σὺ.
813 2573 836 2594 ι.
855 2567 907 2595 31.

206 2611 215 2626 ‘
228 2611 358 2642 Evocat
375 2610 417 2641 ad
432 2621 466 2642 se
480 2612 740 2643 Massiliensium
760 2614 907 2653 primos!

250 2664 290 2692 25
329 2662 428 2696 Quam
459 2663 710 2703 legionariorum]
755 2664 793 2694 In
834 2665 907 2695 aliis

205 2722 296 2751 quam
320 2712 508 2751 legionarias
535 2712 631 2752 miles,
669 2723 743 2754 qnae
773 2714 908 2755 quidem

207 2762 310 2794 lectio
338 2764 392 2795 Fr.
411 2763 534 2794 Ursino
551 2768 587 2794 et
612 2764 666 2794 Fr.
688 2764 907 2797 Hotomanuo

206 2812 343 2845 videtur
357 2813 392 2845 in
410 2819 540 2846 textum
557 2815 766 2857 recipienda.
794 2817 906 2849 Dacis.

688 262 831 294 NO'rAE
864 263 1130 296 VARIORUM
1163 266 1215 297 IN

969 359 1066 392 Idem
1082 360 1154 401 ipse
1168 364 1300 392 statuo:
1327 361 1376 393 sic
1393 361 1486 395 enim
1507 361 1592 396 dant
1607 361 1672 396 Cn·
1690 373 1694 377 ·

960 409 1030 450 jac.
1049 411 1169 442 Petav.
1194 411 1357 453 Gottorp.
1380 413 1481 444 Voss.
1505 413 1671 454 Egmond.

967 469 1007 490 ac
1040 460 1179 491 Norvic.
1220 462 1302 493 Mox
1333 472 1400 493 non
1435 463 1671 503 periclitaretur

965 508 1024 540 sed
1038 510 1233 549 periclitetur
1249 521 1290 543 ex
1309 512 1426 544 iisdem
1443 513 1551 545 Codd.
1575 522 1673 555 repo·

967 559 1114 590 nendum
1130 571 1138 590 :
1161 570 1199 591 ac
1216 561 1264 592 ita
1280 562 1449 595 dederunt
1468 563 1672 603 Beroaldus,

968 608 1156 649 Gryphius‚
1193 610 1330 650 aliique.
1387 613 1485 652 Idem,
1507 623 1577 644 cur.
1602 623 1672 646 sec.

967 657 1074 689 Codd.
1124 659 1275 690 nonnulli
1293 670 1302 698 ;
1353 661 1542 700 kgionarius
1573 664 1671 695 maes.

967 707 1067 740 Quod
1091 708 1179 740 idem
1201 714 1263 740 est.
1311 711 1418 741 Clark.
1464 712 1672 751 Legionarius

967 759 1055 789 miles
1071 760 1175 790 etiam
1192 760 1358 799 Bougars.
1378 760 1576 801 Leidenses,
1588 762 1673 795 Vos-

966 809 1064 848 siaul,
1085 810 1210 850 Scalig.
1235 811 1361 841 Lovan.
1389 812 1564 852 ceterique
1588 821 1674 852 prae-

968 864 1022 890 ter
1038 859 1164 890 Audin.
1194 865 1230 892 et
1255 861 1368 891 Oxou.
1393 866 1597 901 agnoscunt,
1620 862 1672 894 uti

967 915 1099 941 etcum
1120 911 1204 942 Edd.
1229 911 1344 951 primis
1369 911 1510 944 vascos.
1535 912 1672 953 Strada,

966 960 1086 1000 Steph.
1105 960 1238 1001 Gryph.
1265 966 1353 1001 post.
1386 972 1460 992 eam
1488 963 1671 994 lectionem

965 1010 1187 1050 admiserunt,
1210 1021 1309 1051 quam
1336 1015 1372 1042 et
1393 1011 1470 1042 ideo
1488 1012 1519 1042 in
1538 1017 1670 1045 textum

966 1062 1100 1101 recepi:
1132 1061 1215 1092 licet
1240 1062 1350 1092 verior
1381 1061 1538 1093 videatur
1567 1063 1674 1104 scrip-

966 1117 1042 1142 tura
1053 1112 1217 1151 legionarii
1234 1112 1355 1142 militis.
1380 1113 1423 1142 V.
1441 1112 1556 1143 Clark.
1576 1113 1618 1144 ad
1630 1114 1671 1145 B.

967 1162 1040 1192 Civ.
1058 1171 1114 1192 ιιι.
1134 1165 1206 1192 106.
1227 1162 1317 1192 Dav.
1334 1162 1374 1192 ad
1394 1163 1432 1192 B.
1446 1162 1554 1194 Afric.
1568 1174 1599 1195 c.
1616 1167 1669 1195 14.

964 1212 1170 1243 Perit-litetur
1181 1211 1282 1242 etiam
1300 1213 1432 1252 praetuli
1448 1213 1490 1243 oh
1505 1214 1671 1246 rationem

964 1271 984 1292 a
1014 1262 1150 1293 Clarkio
1181 1262 1308 1300 datam,
1355 1267 1389 1293 et
1429 1263 1669 1295 auctoritatem

966 1313 1078 1352 Bong.
1107 1322 1159 1352 pr.
1186 1313 1286 1344 Voss.
1311 1322 1363 1352 pr.
1394 1313 1516 1344 Petav.
1541 1314 1668 1345 Lovan.

966 1361 1064 1401 Egm.
1091 1361 1215 1401 Scalig.
1232 1367 1265 1391 et
1284 1362 1430 1402 plurium
1453 1373 1528 1393 cnm
1549 1364 1669 1395 iisdem

966 1412 1088 1443 Editis.

1010 1461 1231 1502 Periclitetur]
1262 1462 1316 1493 Sic
1335 1463 1418 1495 Mss.
1436 1463 1490 1495 Al.
1511 1464 1671 1505 periclita-

965 1516 1063 1544 retur.
1107 1513 1174 1544 Sed
1198 1514 1317 1544 melius
1346 1515 1517 1554 convenit,
1545 1515 1670 1556 pericli·

965 1568 1075 1601 tetur,·
1128 1570 1271 1605 propter
1315 1575 1472 1607 sequens,
1525 1568 1668 1599 tollatur.

967 1614 1075 1646 Clark.

1008 1673 1122 1695 xxxv.
1141 1668 1177 1696 ll
1208 1665 1379 1696 Trans-eunt
1491 1678 1500 1696 .·
1532 1667 1670 1706 Primos,

963 1714 1033 1754 Sym]
1081 1715 1135 1746 Sic
1164 1715 1245 1747 Mss.
1278 1716 1364 1753 Rea.
1393 1721 1429 1746 et
1460 1716 1583 1747 Vossii.
1611 1717 1668 1747 Al.

966 1765 1172 1796 Transeuntes
1199 1779 1201 1781 ·
1284 1789 1293 1803 ‚
1316 1767 1444 1806 primos,
1467 1769 1520 1805 Esc-
1567 1767 1668 1800 Quod

964 1824 1082 1854 parum
1101 1816 1255 1847 interest.
1303 1817 1409 1847 Clark.
1457 1818 1548 1847 Bene
1568 1821 1667 1849 trans-

962 1868 1034 1895 eunt
1054 1866 1227 1896 revocavit
1252 1866 1420 1905 markium,
1443 1867 1531 1907 qnod
1548 1872 1582 1898 et
1598 1869 1667 1899 Ho-

964 1920 1141 1946 tomannus
1163 1915 1271 1954 vidit3
1307 1921 1342 1947 et
1369 1923 1546 1948 exaratum
1565 1924 1615 1949 ost
1632 1918 1666 1949 in

962 1966 1071 2007 Bong.
1086 1977 1137 2007 pr.
1155 1967 1247 1998 Leid.
1266 1977 1316 2008 pr.
1331 1978 1397 1998 sec.
1415 1968 1538 2007 Scalig.
1555 1967 1666 2000 Oxou.

963 2017 1086 2047 Petav.
1105 2018 1198 2048 Duk.
1216 2017 1370 2058 aliisque,
1395 2022 1430 2048 et
1455 2017 1543 2048 Edd.
1564 2019 1665 2051 Vasc.

960 2067 1030 2098 Str.
1058 2068 1174 2107 Steph.
1192 2068 1326 2109 Grypli.
1359 2073 1446 2108 post.
1479 2068 1664 2100 Transeunti

961 2118 1059 2148 voss.
1087 2127 1135 2158 pr.
1156 2118 1328 2148 Transeunt
1350 2121 1379 2148 et
1406 2118 1535 2149 Lovau.
1554 2118 1665 2150 Trans-

961 2172 1035 2199 eunt
1051 2169 1096 2199 liii
1113 2170 1210 2209 Egm.
1227 2165 1310 2198 οὗτοι
1327 2168 1421 2199 addit
1434 2173 1469 2199 et
1487 2168 1641 2201 Graecus.

1007 2222 1046 2250 12
1075 2220 1135 2249 l'ln'
1162 2229 1238 2259 pons
1266 2222 1332 2249 erat
1363 2218 1577 2259 impsrfectus]
1622 2219 1664 2252 In

963 2269 1088 2300 Codice
1107 2270 1239 2299 Carrar.
1255 2269 1417 2300 scribitur
1433 2268 1484 2299 ubi
1505 2279 1582 2309 pons
1596 2272 1664 2300 erat

958 2320 1136 2359 perfectum
1174 2325 1209 2350 et
1247 2320 1332 2350 hanc
1364 2319 1565 2350 varietatem
1595 2319 1665 2350 ani-

962 2369 1195 2400 madversione
1220 2369 1368 2409 dignam,
1393 2379 1456 2400 nec
1473 2370 1662 2400 oscitanter

961 2420 1234 2459 praetereundam
1259 2425 1375 2450 censet
1400 2420 1431 2451 J.
1450 2420 1496 2450 M.
1522 2419 1661 2450 Brutus.

960 2468 1028 2499 Sed
1054 2469 1134 2499 nihil
1161 2479 1244 2509 opus
1260 2474 1324 2506 est,
1349 2474 1386 2499 nt
1411 2469 1549 2498 multum
1577 2473 1660 2499 tcm-

962 2518 1051 2558 poris
1075 2519 1107 2548 in
1124 2518 1208 2549 lianc
1225 2518 1492 2558 disquisitionem
1509 2516 1660 2548 absuma-

961 2577 1060 2605 n1us3
1083 2568 1190 2608 prima
1215 2568 1303 2597 enim
1328 2567 1439 2597 fronte
1465 2572 1573 2606 patet,
1598 2567 1662 2599 lec-

961 2617 1085 2648 tionem
1104 2618 1193 2648 illam
1210 2628 1251 2648 ex
1268 2618 1337 2647 sola
1354 2617 1493 2647 Librarii
1509 2617 1663 2657 ignoran-

960 2668 1008 2698 tia
1040 2666 1261 2708 profluxisse:
1301 2666 1539 2707 imperfectum
1571 2667 1660 2698 enim

961 2719 1075 2749 Caesar
1094 2723 1192 2748 vocat
1209 2717 1465 2757 pontem,'quia‚
1488 2720 1496 2734 ‘
1514 2717 1659 2749 reducto

959 2768 1124 2806 exercitu,
1162 2772 1294 2807 partem
1337 2767 1489 2797 nltimam
1532 2767 1659 2807 pontis,

959 2828 1034 2860 quae
1059 2817 1149 2860 ripas
1174 2817 1337 2849 Ubiorum
1361 2817 1594 2859 contingebat,
1624 2818 1657 2850 in
