1818 3131
259 205 313 246 12
323 204 371 246 18

259 315 368 350 torp.:
387 310 496 340 accisis
509 310 578 347 alii,
592 310 651 340 scd
666 310 741 342 vide
759 312 849 352 Lips.
867 317 902 343 et
917 313 958 343 ad

259 368 314 391 ιιι.
333 363 380 391 Η.
397 362 404 375 “
425 359 556 390 Quibus
569 360 731 399 abscisis-‚³
749 367 784 393 et
799 363 929 394 crebro.

304 409 506 449 lucubratis]
562 411 682 442 Placet
727 412 789 443 hoc
843 414 959 455 Lipsio

259 460 385 490 ibidem
415 469 475 499 pro
492 460 634 491 dolabra
658 463 783 502 aptatis
799 469 835 495 et
850 466 960 496 conci—

261 510 324 548 sis3
349 515 450 550 atque
478 511 525 542 ita
552 517 664 543 exstat
689 513 722 543 in
746 514 831 544 Eud.
861 515 959 546 Rom.

262 560 401 591 Mediol.
431 561 639 601 Florentina,
666 563 767 594 immo
792 570 826 595 et
848 564 879 594 in
898 565 961 595 Ur-

262 611 389 642 siniano
405 621 444 642 ac
457 611 550 643 Leid.
564 613 809 644 s·›c.‹10!obr‹uis
829 615 959 645 Duker.

261 668 295 692 et
313 663 457 693 Dorvill.
483 668 518 694 et
545 665 607 695 Ed.
631 666 715 697 Ven.
766 666 889 696 Verum
915 673 961 696 ta-

260 724 336 744 men
365 714 446 745 Mss.
474 714 505 745 ni
529 715 626 745 nimis
650 721 727 746 sunt
744 722 910 754 recentes,
926 721 962 746 ut

260 775 375 796 eorum
413 766 652 797 auctoritatem
695 776 868 806 opponere
907 776 963 796 au-

261 816 357 848 deam
374 818 498 848 ceteris
516 817 597 847 Mss.
617 822 785 857 quotquot
802 817 870 847 vidi
886 827 962 848 cum

261 869 348 905 aliis,
380 868 486 908 iisque
519 867 769 905 vetustissimis,
798 868 854 908 qui
887 878 963 898 cum

261 916 401 956 reliquis
420 916 505 946 Edu.
531 921 610 946 ante
633 917 841 956 Scaligerum
870 917 964 948 exhi—

261 967 343 998 bent
369 967 550 1003 delibratis,-
578 967 626 997 uti
648 966 750 998 etiam
776 967 963 998 restituisse

262 1027 296 1048 se
323 1018 370 1048 ait
403 1016 560 1048 Gifanius
589 1028 607 1048 e
633 1018 737 1055 Msto,
766 1017 841 1048 lnu.
865 1018 963 1048 Lucr.

263 1079 296 1100 v.
320 1072 478 1109 perpetuo,
521 1069 697 1099 Deliltratis
723 1069 744 1099 i.
774 1078 804 1098 e.
835 1069 962 1100 cortice

262 1119 415 1150 nudatis:
445 1128 509 1159 quo
525 1128 622 1149 sensu
639 1119 702 1149 hoc
720 1119 858 1148 verbum
875 1118 963 1158 apud

263 1169 484 1200 Columellam
512 1169 694 1209 aliquoties
717 1169 887 1199 occurrit:
913 1170 964 1198 do-

263 1220 384 1250 labrare
409 1219 483 1260 quis
507 1219 645 1257 dixerit,
671 1228 796 1259 quaerO.
846 1218 887 1249 Id
912 1228 966 1258 po-

263 1269 331 1299 tius
345 1269 448 1299 dolare
466 1278 604 1299 vocasse
629 1274 762 1299 veteres
786 1268 963 1298 videntur:

265 1320 352 1350 unde
371 1319 471 1349 etiam
490 1318 621 1350 Avieno
639 1320 743 1351 Orbis
766 1321 870 1351 Dese.
893 1323 964 1350 117.

263 1379 309 1400 vs.
328 1373 380 1400 91.
409 1371 417 1386 ‘
436 1370 538 1400 tectis
563 1370 589 1399 si
618 1371 691 1410 quis
715 1370 807 1401 (lolat
833 1370 968 1411 inpiger

263 1429 375 1457 ornos,
392 1419 442 1449 vel
458 1419 535 1450 salis
554 1420 587 1450 in
602 1419 726 1451 fluctus
739 1421 795 1461 qui
813 1421 967 1461 cymbam

263 1471 378 1501 navita
397 1471 494 1510 texit,
509 1471 544 1501 Si
569 1470 651 1502 terit
674 1471 733 1502 hos
757 1471 884 1512 saltus‚’
902 1474 966 1503 ἃς.

265 1520 435 1562 quomodo
451 1521 538 1552 hunc
557 1521 666 1551 locum
685 1530 758 1552 esse
778 1522 969 1561 legendum,

264 1570 344 1602 alibi
366 1571 524 1602 vidimus:
550 1570 702 1610 ἀποζέσας
725 1572 778 1602 hic
797 1572 855 1602 dat
873 1572 967 1603 Grae-

266 1631 336 1658 cus,
367 1622 455 1662 quod
484 1621 619 1662 utrique
636 1622 740 1653 verbo
763 1623 968 1663 respondere

264 1675 392 1712 potest.
417 1671 578 1702 Ceterum
606 1681 670 1711 pro
697 1672 846 1702 secundo
863 1677 966 1712 atque,

266 1721 482 1762 quodminus
499 1721 665 1752 concinne
689 1721 721 1752 in
745 1721 892 1762 vulgatis
918 1731 968 1752 re-

266 1771 404 1812 petitur,
431 1771 587 1812 rescripsi
614 1782 651 1803 ac
678 1771 745 1803 fide
778 1773 861 1803 Mss.
895 1782 968 1803 sex·

268 1822 392 1861 decim,
410 1823 442 1852 in
459 1821 581 1863 quibus
598 1823 707 1862 Bong.
731 1832 782 1862 pr.
804 1822 899 1853 Leid.
917 1832 968 1862 pr.

265 1874 362 1904 Voss.
379 1884 427 1913 pr.
446 1873 526 1903 Lov.
550 1873 670 1903 Petav.
691 1874 785 1913 Egm.
802 1874 904 1913 Scal.,
921 1874 968 1904 uti

266 1928 301 1953 et
329 1922 414 1953 Edu.
444 1923 584 1954 Vascos.
608 1923 678 1954 Str.
703 1924 821 1964 steph.
838 1924 968 1955 etalio-

266 1982 350 2002 rum.

312 2026 349 2053 13
376 2022 416 2053 Se
447 2023 506 2063 ipsi
536 2023 726 2054 acutissimis
752 2023 841 2054 vallis
865 2023 970 2054 indue·

268 2072 354 2112 bant]
377 2074 433 2104 Sic
462 2072 550 2104 infra
577 2076 585 2090 ‘
604 2084 640 2104 se
668 2074 731 2114 ipsi
753 2073 897 2105 stimulis
921 2074 970 2104 in-

266 2125 444 2164 opinantes
483 2125 690 2156 induebant:
739 2124 793 2156 Ad
828 2125 969 2155 verbum

268 2176 422 2214 Grarcus,
438 2174 563 2205 ἑαυτοὺς
578 2174 619 2206 εἷς
629 2174 701 2206 τοὺς
716 2173 879 2214 ὀξυτάτους
895 2173 970 2205 ἐκεῖ·

267 2236 334 2255 »ους
358 2224 507 2263 σταυροὺς
529 2225 658 2256 ἐνέδυον“
676 2230 712 2257 et
729 2225 827 2265 infra,
845 2224 970 2256 ἑαυτοὺς

268 2274 309 2306 εἷς
335 2275 405 2306 τοὶ-ς
421 2275 569 2316 σταυροὺς
591 2275 813 2317 ἀπρόσδόκητοι
839 2276 968 2307 ἐνέδυον.

267 2327 387 2358 Recte.
414 2328 550 2358 Phrasis
572 2327 696 2358 erca
719 2333 784 2367 est,
807 2333 840 2358 et
859 2328 970 2358 Xeno-

267 2378 355 2416 phon
375 2377 437 2407 sub
452 2377 552 2407 finem
569 2378 591 2408 l.
609 2387 632 2408 1.
659 2377 841 2417 Cyropaed.
861 2378 901 2408 de
927 2378 970 2408 le-

267 2436 370 2467 νοτες
392 2426 442 2456 'iva
465 2428 497 2457 ἐν
519 2429 564 2466 τῷ
589 2427 709 2467 σφόδρα
733 2426 860 2466 φεύγειν
880 2427 971 2458 afri-bs

267 2476 376 2507 ἑαυτὸν
400 2477 557 2515 ἐμπίπτων
573 2477 668 2509 ἐνέδυ.
699 2478 832 2508 Vossius.
871 2478 969 2509 Anti-

267 2536 334 2568 qua
363 2533 415 2557 est
446 2531 481 2558 et
513 2528 651 2566 elegans
679 2528 835 2567 loquendi
872 2529 969 2559 ratio.

267 2575 354 2607 infra
380 2586 410 2607 c.
435 2579 488 2608 52.
515 2578 524 2592 ‘
542 2578 584 2608 Se
607 2577 670 2617 ipsi
699 2578 842 2608 stimulis
865 2578 971 2618 inopi-

268 2632 385 2658 nantes
416 2627 624 2658 induebant.’
660 2628 800 2658 Latinus
824 2629 970 2660 Pacatus

267 2679 354 2709 Pan.
369 2687 435 2709 xu-
458 2681 511 2709 34.
533 2681 564 2709 3.
593 2680 602 2695 ‘
621 2679 740 2710 Obviis
763 2680 901 2711 sudibus
925 2681 972 2711 in-

267 2727 483 2759 duebantur!
528 2728 692 2769 Virgilius
722 2729 796 2760 AEn.
828 2738 862 2761 x.
895 2733 970 2761 681.

265 2779 273 2794 ‘
294 2779 347 2810 An
372 2790 447 2811 sese
473 2789 631 2812 mucrone
648 2780 692 2811 ob
715 2785 846 2812 tantum
868 2781 972 2812 dede-

734 216 875 246 NOTAE
907 218 1169 250 VARIORUM
1203 220 1252 249 IN

1011 323 1070 345 cus
1097 324 1210 346 amens
1239 313 1387 345 Induat.'
1423 314 1600 345 Lucretius
1621 313 1644 345 1.
1661 321 1709 346 tv.

1013 373 1046 405 p.
1073 368 1148 395 509.
1175 365 1274 396 editt.
1305 364 1456 395 Wecliel.
1485 363 1559 394 ‘Ae
1583 374 1644 395 nos
1675 364 1708 394 in

1011 414 1165 445 fraudem
1195 414 1388 445 induimus!
1420 414 1475 445 Ad
1496 424 1571 444 eum
1601 415 1708 445 locum

1011 465 1109 504 plura
1127 465 1268 505 Dionys.
1287 465 1480 504 Lambinus,
1496 464 1585 495 uude
1603 469 1711 505 patet,

1011 524 1108 544 aures
1148 515 1326 546 Honor-ato
1362 516 1509 547 ,loannio
1543 525 1608 546 non
1640 524 1713 546 esse

1012 564 1229 604 praebendas,
1247 566 1299 595 cui
1330 567 1456 605 placuit
1477 576 1508 597 se
1523 567 1583 606 ipsi
1599 566 1713 597 amuis-

1010 613 1099 643 simis
1114 614 1202 643 tanis
1217 614 1410 646 inducebant.
1447 617 1531 647 Cum
1544 625 1584 647 co
1599 621 1711 647 tamen

1013 661 1126 693 facere
1152 662 1287 693 videtur
1315 664 1464 696 Achilles
1494 666 1634 706 Statius,
1654 665 1713 706 qui

1015 712 1152 753 hujusce.
1169 711 1328 743 facinoris
1350 716 1545 746 memoriam
1567 716 1713 747 servavit

1015 765 1049 794 in
1065 764 1152 794 notis
1165 764 1207 794 ad
1221 764 1347 795 Tibulli
1365 766 1459 806 Eleg.
1476 769 1542 798 ιδ.
1554 770 1584 798 1.
1601 767 1714 799 Davis.

1015 814 1102 844 Vide
1120 819 1237 845 notata
1253 824 1272 845 a
1294 824 1347 845 me
1372 815 1414 846 ad
1442 817 1568 847 Lucan.
1585 825 1625 847 ιι.
1639 818 1714 847 265.

1015 865 1023 881 ‘
1043 865 1126 896 Quis
1154 865 1238 895 nolit
1263 865 1296 895 in
1328 867 1393 896 isto
1413 866 1501 897 Ense
1526 866 1611 897 mori
1626 865 1645 897 :'
1681 870 1716 896 et

1016 915 1132 946 Davis.
1171 915 1213 946 ad
1245 916 1358 947 Cicer.
1387 916 1429 947 de
1459 915 1564 948 divin.
1592 926 1631 949 n.
1664 918 1715 948 17.

1017 966 1025 982 ‘
1045 965 1114 996 Cur
1132 976 1189 995 vos
1206 965 1345 997 induitis
1363 967 1394 997 in
1413 976 1468 998 eas
1485 968 1661 1008 captiones
1674 967 1696 997 ?'

1061 1018 1099 1046 1⁴
1124 1015 1193 1046 Hos
1203 1016 1306 1057 cippos
1316 1017 1524 1057 appellabant]
1548 1017 1625 1048 Vet.
1641 1016 1716 1048 cod.

1016 1076 1135 1105 cappos,
1154 1066 1240 1097 unde
1272 1068 1402 1107 Lipsius
1428 1068 1580 1099 faciebat
1604 1077 1718 1108 scapos.

1015 1116 1082 1146 Sed
1119 1117 1186 1148 noli
1220 1118 1337 1148 audire
1364 1128 1451 1149 eum.
1510 1118 1609 1159 Cippi
1640 1123 1717 1149 sunt

1017 1166 1195 1204 columnw,
1219 1177 1293 1207 quie
1325 1168 1449 1207 imponi
1474 1168 1585 1198 solent
1608 1168 1719 1208 sepul-

1018 1216 1118 1247 clu-is,
1143 1217 1295 1253 Glossaes,
1317 1218 1443 1258 Cippus,
1461 1216 1718 1258 στήλη,ἀνδριά3.

1016 1266 1158 1296 Talibus
1182 1267 1325 1307 insculpi
1351 1268 1507 1299 solebant
1523 1277 1718 1299 monumen-

1019 1321 1067 1355 ta,
1084 1321 1119 1347 et
1137 1327 1257 1348 nomen
1274 1319 1411 1358 sepulti,
1425 1325 1460 1351 et
1475 1329 1550 1361 quae
1566 1320 1632 1351 alia
1655 1320 1720 1351 huc

1019 1366 1203 1405 pertinent.
1250 1368 1347 1398 Unde
1387 1369 1549 1400 Horatius
1587 1370 1719 1400 Sermo·

1020 1425 1096 1445 num
1130 1425 1153 1446 1.
1186 1419 1217 1447 8.
1248 1416 1371 1449 ‘Mille
1397 1418 1501 1458 pedes
1532 1419 1564 1449 in
1594 1419 1719 1460 fronte,

1020 1472 1189 1498 trecentos
1215 1468 1336 1509 cippus
1366 1470 1398 1500 in
1424 1480 1542 1510 agrum
1569 1470 1636 1502 Hie
1661 1470 1719 1501 da-

1020 1516 1101 1548 bat.'
1140 1518 1208 1549 Ubi
1223 1519 1346 1560 cippus
1370 1529 1435 1551 non
1462 1521 1638 1560 tumulum,
1659 1520 1719 1551 sed

1019 1569 1151 1609 qualem
1179 1569 1248 1600 dixi
1278 1571 1465 1602 columnam
1497 1576 1604 1602 notat.
1653 1571 1718 1602 Ha:

1013 1618 1117 1659 juxta
1144 1620 1214 1651 vias
1238 1621 1390 1661 publicas
1415 1623 1493 1662 poni
1509 1622 1639 1661 solitae3
1664 1632 1721 1652 eo-

1019 1679 1085 1711 que
1107 1680 1198 1712 saepe
1223 1672 1376 1704 obnoxiae
1399 1673 1630 1713 jumentorum
1663 1682 1743 1705 aut-

1019 1721 1187 1752 hominum
1202 1721 1344 1762 injuriis.
1368 1724 1532 1755 Lucillius
1544 1723 1633 1764 apud
1647 1724 1722 1754 Fes-

1021 1776 1090 1802 tum
1120 1771 1201 1802 aitz'
1223 1774 1232 1788 ‘
1253 1772 1361 1803 Porro
1396 1773 1544 1804 homines
1575 1783 1718 1814 nequam

1019 1823 1124 1852 malus
1145 1827 1181 1853 ut
1205 1823 1391 1863 quartarin'
1416 1824 1534 1863 cippos
1557 1823 1721 1854 Collisere

1019 1873 1156 1903 omnes.'
1191 1875 1335 1913 Magnus
1350 1874 1524 1904 Turnebus
1542 1874 1574 1904 in
1592 1872 1723 1904 Adver-

1020 1923 1114 1953 san-iis
1149 1922 1267 1963 cippos
1297 1923 1543 1964 interpretatur
1571 1924 1720 1955 eminen-

1020 1972 1097 2010 tias,
1114 1976 1150 2002 et
1166 1972 1265 2003 devia
1282 1983 1469 2014 asperaque
1489 1975 1574 2006 loca.
1612 1975 1656 2005 Et
1672 1975 1720 2004 in-

1021 2026 1233 2061 terpretatur
1259 2023 1332 2054 haec
1353 2023 1457 2054 verba
1484 2023 1527 2055 de
1554 2024 1721 2064 imperitis

1021 2073 1232 2111 mulionibus,
1246 2073 1302 2114 qui
1325 2074 1433 2104 mulos
1457 2083 1533 2105 suos
1550 2074 1582 2104 in
1599 2075 1718 2115 cippos

1021 2124 1207 2155 eminentes
1231 2129 1266 2155 et
1291 2124 1488 2165 inaequales,
1505 2132 1567 2156 nec
1588 2127 1720 2166 planam

1020 2174 1108 2204 viam
1133 2180 1168 2205 et
1194 2179 1362 2216 aequatam
1385 2181 1583 2216 sequuntur,
1601 2185 1645 2206 ex
1669 2185 1722 2207 eo·

1021 2235 1087 2265 que
1106 2226 1157 2256 vel
1172 2225 1329 2265 jumenta
1350 2226 1520 2266 cespitare
1537 2230 1572 2258 et
1588 2226 1719 2263 cadere.

1021 2276 1075 2307 vel
1105 2276 1213 2307 everti
1240 2276 1394 2307 vehicula
1429 2277 1490 2317 ait,
1515 2287 1623 2319 eoque
1653 2277 1718 2308 dici

1020 2325 1108 2364 illos,
1128 2327 1246 2367 cippos
1271 2327 1442 2359 collidere.
1488 2328 1554 2360 Sed
1579 2329 1718 2359 multum

1020 2375 1160 2415 fallitur,
1188 2387 1264 2408 nam
1289 2377 1406 2418 cippos
1423 2387 1484 2419 pro
1508 2378 1568 2409 tati
1592 2379 1719 2410 tumulo

1020 2431 1079 2457 aut
1105 2427 1289 2458 eminentia
1313 2429 1423 2459 nullus
1448 2428 1594 2469 scriptor
1617 2427 1719 2458 dixit:

1021 2482 1190 2518 praeterea
1210 2488 1328 2509 versus
1353 2479 1399 2509 illi
1415 2482 1576 2518 corrupte
1603 2477 1651 2508 ita
1675 2479 1722 2507 le-

1020 2534 1167 2570 guntur3
1191 2534 1226 2559 et
1254 2535 1348 2560 recte
1366 2530 1438 2569 jam
1464 2528 1592 2569 pridem
1609 2538 1720 2559 cmc-n-

1021 2579 1117 2609 davit
1143 2578 1312 2619 Scaliger:
1337 2580 1345 2593 ‘
1364 2578 1468 2608 Porto
1495 2578 1642 2610 homines
1666 2588 1722 2609 ne-

1021 2641 1134 2672 quam,
1164 2631 1269 2676 malus
1301 2634 1338 2660 ut
1366 2629 1570 2670 quartarius,
1600 2629 1720 2670 cippos

1020 2681 1186 2712 Collisere
1216 2678 1386 2710 homines!
1432 2678 1491 2710 Ait
1518 2689 1554 2709 se
1583 2683 1720 2719 portare

1019 2730 1170 2762 homiues
1199 2738 1343 2770 nequam
1375 2733 1411 2759 et
1444 2729 1637 2769 insolentes,
1665 2728 1720 2770 qui

1021 2779 1140 2821 cippos
1166 2779 1229 2810 viae
1260 2779 1408 2819 publicae
1434 2779 1608 2820 appositos
1629 2778 1720 2811 colli-
