1818 3131
229 199 345 242 1064

229 310 371 343 quarum
391 300 675 342 significationum
696 299 790 333 nulla
811 297 865 332 bic
889 300 933 331 lo-

228 361 305 383 cnm
317 351 420 382 habet
435 361 441 379 :
461 349 572 380 forsan
583 348 696 381 fuerat
706 351 931 382 adducendum.-

229 408 268 434 ut
283 412 327 433 s.
344 404 396 432 46.
423 401 432 417 4
450 400 486 431 in
510 400 726 432 Atrebatium
749 401 832 433 fines
853 403 932 443 legi-

230 463 328 484 onem
359 452 531 484 adducat!
558 461 614 484 111.
640 456 694 485 28.
731 454 740 471 4
758 454 809 485 Eo
836 465 932 486 exer-

229 504 334 534 citum
358 502 524 535 adduxit.'
556 503 672 534 Front.
691 513 717 535 1.
733 507 763 535 6.
789 505 798 521 4
812 505 930 545 quibus

228 553 312 584 locis
329 553 385 583 alii
401 553 551 585 ducere!
574 563 657 585 νιιι.
674 558 727 586 35.
749 556 931 596 ‘jumenta

226 603 268 634 ad
284 603 447 644 oppidum
464 604 603 638 adducit
616 604 635 637 ε’
658 606 713 636 ubi
727 606 844 637 itidem
862 607 932 647 ple-

225 653 323 694 rique
353 654 436 686 Mss.
466 655 562 686 ducit.
594 665 623 686 c.
650 658 703 686 36.
736 656 745 672 ⁴
765 656 931 695 legionem

227 709 392 736 armatam
409 705 572 738 adducit.’
601 707 642 737 B.
654 706 753 737 Alex.
771 716 800 737 e.
812 709 864 736 68.
877 709 930 736 69.

227 760 264 786 ct
278 756 413 796 passim.
433 755 668 796 Nihilominus,
691 761 729 787 nt
744 756 828 795 dixi,
844 756 931 796 opti-

225 814 355 837 morum
374 806 538 838 Codicum
562 807 746 837 lectionem
771 807 846 837 loco
865 816 932 837 mo-

224 864 305 887 vere
322 865 388 887 nou
401 858 554 887 sustinui.
586 857 673 887 Vide
689 856 730 887 ad
749 856 789 886 B.
804 857 878 887 Civ.
890 866 928 888 ιι.

225 909 276 936 lv.
316 906 325 922 4
345 906 514 937 Deductis
529 908 561 937 in
578 915 691 937 arcem
708 906 929 938 cohortibus!

222 955 332 987 Immo
347 961 381 988 et
397 958 545 988 deducere
557 957 705 987 coloniam
718 957 852 988 obvium
864 962 927 989 est.

225 1006 268 1037 V.
287 1007 330 1037 ad
346 1007 474 1038 Lucan.
491 1017 541 1038 ιν.
558 1010 632 1039 397.

264 1060 307 1089 22
334 1058 375 1089 Ρ.
396 1057 571 1098 Sulpicium
601 1057 738 1098 Rufum]
780 1058 929 1097 Indicio,

224 1107 384 1147 arbitror,
415 1117 569 1138 nummus
600 1108 744 1139 Caesaris
775 1113 839 1148 est,
871 1110 927 1150 qui

222 1165 340 1189 averso
357 1159 464 1189 latere
478 1168 598 1189 navem
613 1159 811 1198 impressam
825 1159 928 1191 habet

222 1208 339 1239 addita
373 1209 597 1249 inscriptione
629 1212 734 1239 ΠΟΎΒ
765 1212 927 1241 ΣΟΤΛΠῙ-

223 1262 330 1293 ΚΙΟΣ.
354 1262 463 1290 ΡΟΎΦ.
516 1259 651 1291 Vossius.

267 1317 375 1341 xxut.
389 1312 409 1340 2
435 1310 559 1347 Tert.s.
574 1310 683 1349 vigilia
698 1310 804 1350 solvit]
841 1311 925 1342 Mss.

220 1357 299 1391 Urs.
327 1360 407 1391 Pet.
436 1359 527 1390 And.
553 1360 648 1391 Leid.
679 1360 776 1400 prim.
801 1362 927 1392 ‘naves

220 1409 353 1441 solvit?
376 1410 466 1452 quod
492 1410 600 1441 videri
625 1415 740 1450 posset
757 1419 775 1441 e
804 1411 927 1443 Glossa

220 1463 349 1491 natum.
385 1459 510 1491 Solvere
524 1461 612 1491 enim
627 1470 690 1500 pro
707 1471 798 1492 naves
813 1462 927 1493 solz-ere

219 1510 347 1550 saepius
374 1511 534 1542 occurrit.
580 1510 773 1542 Videndum
798 1516 926 1552 tamen,

218 1568 260 1590 an
278 1560 398 1600 plenus
415 1561 562 1592 Caesaris
579 1562 689 1601 stylus
712 1571 778 1593 non
796 1564 926 1603 praeop-

218 1614 272 1641 tet
298 1610 332 1641 id
363 1610 452 1641 addi.
499 1610 603 1641 Certe
631 1611 706 1642 aliis
731 1612 812 1643 locis
837 1613 925 1644 solet

218 1659 412 1700 adponere:
439 1665 477 1692 ut
495 1661 536 1692 B.
556 1660 595 1692 C.
620 1670 644 1693 ι.
667 1664 720 1693 28.
744 1671 800 1693 111.
814 1666 845 1693 6.
871 1665 923 1694 14.

215 1712 271 1740 26.
289 1715 325 1740 et
341 1711 476 1751 saepius.
513 1711 596 1749 Sed,
612 1711 661 1742 uti
673 1711 741 1751 hic,
755 1711 805 1743 ita
821 1721 855 1743 v.
870 1714 923 1744 23.

216 1760 225 1777 ‘
234 1760 386 1791 secunda
395 1770 496 1802 quum
507 1760 664 1792 solvisset
675 1761 816 1802 vigilia!
834 1762 923 1794 Vide

208 1810 260 1841 de
288 1811 339 1842 his
364 1811 406 1842 ad
433 1820 498 1842 vn.
526 1813 578 1842 85.
632 1810 788 1851 Amplius
817 1812 922 1845 addit.

217 1860 317 1892 Leid.
335 1871 386 1901 pr.
403 1862 511 1892 noctis.
545 1860 613 1892 Sed
630 1861 703 1901 hoc,
719 1861 790 1892 siue
807 1861 923 1902 dubio,

219 1910 399 1942 Glossema
414 1911 516 1951 sapit.

259 1965 279 1994 4
316 1963 354 1993 Id
379 1963 484 2003 paullo
513 1961 649 2000 tardius]
709 1961 826 1994 Graec.
854 1962 922 2003 περὶ

208 2012 326 2043 vestra.
371 2013 412 2043 Iu
429 2013 512 2043 Mss.
532 2013 617 2052 Reg.
638 2012 765 2043 Eliens.
783 2017 820 2044 ct
835 2013 920 2044 Vos-

211 2063 253 2094 sii
278 2067 314 2094 et
337 2062 423 2094 Edd.
439 2063 534 2094 Vett.
553 2062 662 2094 deest.
680 2063 786 2094 Clark.
834 2062 920 2095 Cum

210 2112 357 2145 vClarliio
382 2113 468 2144 lianc
492 2113 693 2153 particulam
718 2113 876 2144 revocavi
901 2123 920 2144 e

217 2163 303 2194 Mss.
316 2164 405 2195 Scal.
423 2163 519 2195 Leid.
536 2164 655 2204 primo,
666 2164 779 2195 Oxon.
794 2164 917 2194 Petav.

211 2213 367 2254 aliisque,
381 2214 428 2244 uti
443 2218 477 2245 et
489 2214 577 2245 Edd.
588 2214 729 2245 Vascos.
741 2214 919 2255 Stephani,

216 2262 349 2302 Gryph.
365 2272 433 2294 see.
455 2268 490 2294 et
503 2264 588 2295 aliis.

209 2334 211 2337 .
257 2315 276 2342 7
318 2313 431 2353 Copias
461 2313 614 2354 armatas]
683 2313 918 2354 Lovanieusis,

214 2362 372 2394 Leidens.
388 2365 570 2403 secundus,
587 2364 667 2395 item
684 2363 845 2394 Dorvillii
861 2373 916 2395 co-

214 2412 307 2444 dices
325 2423 402 2444 cum
420 2414 632 2445 Editionibus
649 2414 778 2454 primis,
795 2414 915 2445 Roma—

207 2472 268 2502 na,
297 2463 546 2495 Mediolanensi
574 2470 611 2495 et
636 2465 723 2495 Ven.
755 2464 916 2495 exhibent

212 2516 333 2545 tur-mas
356 2518 503 2545 armatas.
548 2515 588 2546 In
617 2514 777 2545 Leidensi
805 2515 914 2554 primo

213 2573 279 2594 vox
294 2568 434 2595 armatas
448 2574 514 2595 non
531 2569 715 2605 comparet,
730 2563 795 2594 nisi
812 2573 828 2594 a
846 2574 914 2595 ma-

213 2623 259 2645 nu
286 2614 438 2646 secunda
464 2615 552 2645 inter
569 2624 703 2651 versus;
727 2618 764 2644 et
789 2614 824 2645 in
850 2614 913 2645 Ed.

209 2665 371 2696 lilzevirii
395 2665 680 2707 editui-firmatas.
724 2665 850 2697 Forsan
866 2676 913 2696 co-

208 2716 279 2755 pias
295 2719 433 2746 armatas
449 2716 570 2747 Glossa
587 2715 690 2747 fucrit
715 2717 771 2746 τοῦ
787 2720 914 2747 tur-mm.

256 2769 276 2795 b
312 2767 449 2798 Natura.
473 2766 575 2807 Adeo]
620 2766 674 2798 Ita
699 2767 851 2807 Scaliger
879 2773 912 2799 ct

696 206 839 237 NO'rAE
872 206 1093 238 VARIORU
1103 207 1134 241 Μ
1170 207 1220 238 ΙΝ

985 299 1230 332 Recenliores:
1257 300 1342 332 Mss.
1366 303 1402 332 et
1428 300 1516 333 Edd.
1535 300 1633 332 Vett.
1649 305 1686 333 ot

984 351 1160 392 Interpres
1187 353 1303 382 Graec.
1328 353 1422 382 ‘liaec
1448 356 1524 383 erat
1551 357 1687 393 natum,

982 406 1073 442 atquc
1088 403 1133 434 ica
1149 402 1343 442 montibus:
1357 406 1420 434 bec.
1445 403 1554 434 Clark.
1597 403 1685 435 Adeo

982 453 1074 493 legas
1099 454 1132 484 iu
1158 454 1242 484 Mss.
1260 454 1391 493 Ursini,
1413 453 1560 493 Cujacii,
1581 453 1690 485 Scali-

984 504 1066 543 geri,
1083 503 1239 542 Andanis,
1254 503 1408 535 Leideus.
1427 514 1475 545 pr.
1499 509 1536 535 et
1557 504 1688 536 Oxoni·

982 554 1053 583 ensi
1069 564 1076 583 :
1106 553 1272 593 praecedit
1285 557 1377 594 atque
1392 554 1447 585 ibi.

1026 602 1189 633 Montibus
1201 605 1342 642 angustis
1357 614 1440 635 mare
1454 603 1684 646 continebatur]

983 653 1111 683 Locum
1128 654 1216 684 liunc
1234 660 1428 694 suspectum
1450 655 1553 687 habet
1575 657 1614 688 P.
1633 657 1687 688 Ci-

982 704 1154 742 aemulus,
1180 704 1332 745 legitque
1355 705 1503 736 montium
1517 707 1686 747 angustiis,

981 754 1034 784 vel
1061 754 1214 786 montibus
1241 766 1325 786 »nure
1348 756 1570 789 continebatur.
1613 757 1682 789 Sed

979 805 1171 837 mutatione
1195 807 1276 837 nillil
1295 812 1345 838 est
1369 817 1473 848 opns3
1498 808 1570 838 vult
1593 807 1684 840 enim

979 855 1106 894 Caesar,
1120 865 1213 887 mare
1230 856 1400 888 montibus
1418 858 1451 888 in
1468 866 1624 897 magnam
1638 858 1686 890 la·

979 904 1162 936 titudinem
1190 905 1320 936 diffusis
1347 907 1562 945 circumdari,
1585 906 1686 948 περιέ-

977 958 1102 995 χεσθαι,
1116 960 1154 986 ut
1172 962 1267 987 recte
1288 957 1557 998 Metaphrastes.
1579 959 1588 974 ‘
1600 957 1683 990 Adi·-

979 1009 1033 1035 tus
1050 1005 1169 1036 insulae
1185 1015 1259 1037 esse
1275 1007 1422 1038 munitos
1446 1006 1599 1038 mirificis
1612 1017 1683 1039 mo·

977 1056 1078 1087 libus’
1095 1062 1213 1088 narrat
1230 1063 1265 1089 et
1280 1057 1400 1089 Cicero
1417 1058 1458 1088 ad
1476 1058 1584 1090 Attic.
1598 1058 1620 1089 l.
1634 1067 1683 1091 lv.

977 1107 1089 1149 Epist.
1120 1111 1170 1139 16.
1203 1110 1317 1141 Dacis.
1363 1109 1620 1149 Metaphrastes
1649 1110 1683 1141 in

978 1167 1038 1188 sua
1054 1159 1207 1190 versione
1231 1160 1321 1190 vocis
1345 1160 1490 1199 angustis
1515 1161 1684 1201 rationem

976 1217 1043 1238 non
1074 1208 1202 1241 habuit.
1250 1210 1450 1250 Perperam.
1495 1210 1585 1241 Nam
1607 1210 1681 1250 pari

976 1257 1077 1288 modo
1100 1262 1234 1289 montem
1249 1263 1415 1298 angmtum
1437 1259 1525 1290 dixit
1539 1260 1679 1291 Tacitus

978 1308 1067 1340 Ann.
1082 1318 1132 1340 ιν.
1148 1312 1202 1340 47.
1228 1309 1328 1349 Idem,
1345 1320 1416 1341 cur.
1428 1319 1498 1340 sec.

1020 1361 1041 1389 9
1063 1360 1171 1398 Acmen·
1186 1361 1302 1400 posset]
1348 1361 1405 1392 Ita
1428 1362 1481 1392 vel
1504 1361 1589 1392 adici
1604 1371 1682 1393 exa-

977 1412 1072 1439 ratur
1094 1409 1129 1440 in
1155 1409 1269 1442 Palat.
1285 1411 1450 1451 Bongars.
1476 1415 1556 1442 tert.
1584 1411 1683 1444 Leid.

977 1468 1044 1490 sec.
1071 1459 1166 1491 Duk.
1184 1460 1331 1491 Dorvill.
1348 1461 1463 1492 Pulm.
1489 1460 1619 1502 (forsan
1644 1467 1681 1493 et

977 1508 1104 1549 Scalig.
1122 1508 1237 1541 Oxou.
1255 1515 1291 1542 et
1305 1509 1451 1551 Audin.)
1474 1516 1578 1552 atque
1592 1511 1680 1543 Edd.

976 1558 1074 1589 Rom.
1093 1559 1188 1589 Med.
1206 1561 1292 1590 Ven.
1320 1565 1358 1592 et
1383 1561 1566 1602 plerisque.
1611 1562 1679 1594 Sed

975 1608 1060 1640 Mss.
1080 1609 1245 1650 Bongars.
1270 1620 1320 1651 pr.
1343 1620 1411 1643 sec.
1436 1613 1593 1643 Vossiani
1611 1623 1680 1644 om-

975 1669 1047 1698 nes,
1063 1660 1161 1691 Leid.
1189 1662 1289 1701 prim.
1315 1667 1352 1694 et
1380 1663 1517 1704 tertius,
1545 1664 1681 1697 Lovan.

974 1709 1144 1750 Egmund.
1169 1710 1331 1753 Gottorp.
1355 1712 1497 1754 aliaeque
1520 1723 1597 1744 cum
1615 1714 1679 1746 Ed.

975 1758 1124 1798 Incerta,
1139 1759 1230 1798 Auli,
1248 1761 1395 1802 Gryphii
1411 1767 1448 1794 et
1462 1763 1537 1794 aliis
1550 1764 1680 1796 liabent

973 1809 1077 1847 adigi:
1101 1810 1190 1850 quod
1205 1811 1246 1842 ob
1263 1812 1427 1843 Codicum
1444 1815 1678 1853 praestantiam

972 1857 1035 1889 hoc
1052 1859 1126 1890 loco
1142 1859 1394 1900 praescrendum
1408 1862 1544 1894 videtur
1559 1864 1678 1896 eodem

972 1917 1084 1949 sensu,
1100 1919 1166 1950 quo
1182 1910 1288 1948 adjici.
1313 1911 1362 1942 Ut
1376 1912 1464 1942 enim
1476 1922 1569 1951 agere
1583 1915 1678 1945 telum

972 1967 1069 1999 aeque
1081 1958 1205 1990 dicitur
1221 1961 1392 1999 acjacere;
1408 1962 1450 1993 de
1464 1973 1530 2004 quo
1543 1964 1620 1996 vide
1634 1965 1677 1996 ad

972 2018 1002 2040 c.
1021 2012 1072 2040 17.
1096 2009 1215 2051 quidni
1232 2011 1281 2042 ita
1302 2013 1428 2051 adigere
1448 2013 1536 2044 idem
1555 2015 1622 2046 erit
1636 2024 1677 2047 ac

971 2058 1126 2097 adjicere?
1148 2060 1203 2091 Sic
1220 2061 1322 2092 etiam
1343 2064 1465 2103 ‘agere
1492 2064 1622 2104 tus-ress
1640 2069 1677 2096 et

970 2109 979 2124 ‘
994 2109 1132 2149 adigere
1159 2113 1278 2142 turres'
1302 2121 1335 2143 v.
1359 2115 1412 2144 43.
1456 2113 1561 2145 Certe
1583 2114 1676 2145 ‘adi-

969 2168 1051 2199 gere
1069 2159 1196 2199 telum:
1217 2160 1226 2176 ‘
1239 2160 1366 2192 ferrum
1384 2162 1509 2202 alicui,’
1525 2164 1578 2194 ‘in
1597 2173 1675 2205 pec-

969 2208 1034 2240 tus'
1061 2214 1096 2241 et
1113 2210 1233 2241 similia
1250 2212 1375 2252 saepius
1391 2218 1587 2244 occurrunt.
1633 2214 1675 2246 V.

970 2259 1073 2291 Ovid.
1088 2261 1174 2292 Met.
1189 2271 1223 2292 v.
1242 2264 1294 2292 70.
1314 2265 1365 2293 78.
1382 2272 1431 2294 vr.
1446 2266 1499 2294 27.
1519 2273 1584 2295 xn.
1599 2267 1673 2297 324.

967 2312 1043 2341 453.
1067 2319 1124 2342 xv.
1144 2314 1218 2343 562.
1262 2313 1392 2345 Justin.
1411 2323 1435 2344 1.
1453 2317 1484 2346 9.
1501 2314 1534 2344 in
1551 2315 1673 2355 quibus

969 2364 1082 2392 tamen
1108 2362 1174 2393 alia
1199 2364 1355 2404 quaedam
1377 2365 1477 2397 ratio.
1525 2366 1670 2407 Propius

967 2411 1103 2443 accedit
1130 2412 1224 2444 locus
1251 2414 1285 2444 in
1313 2414 1401 2447 Ibin.
1428 2418 1504 2446 307.
1525 2415 1670 2455 ‘jaculis

965 2463 1122 2494 moriaris
1140 2464 1271 2496 adactis
1285 2465 1305 2495 :’
1319 2471 1356 2496 et
1371 2467 1486 2498 Valer.
1501 2466 1597 2496 Max.
1613 2475 1669 2498 ιιι.

967 2514 997 2543 2.
1028 2514 1045 2553 ξ
1069 2516 1121 2544 23.
1168 2515 1176 2531 ‘
1190 2514 1266 2546 Pila
1295 2516 1441 2547 hostium
1469 2516 1668 2556 corporibus

967 2563 1114 2604 adegisti
1125 2564 1146 2595 :’
1164 2565 1221 2596 ubi
1235 2565 1311 2596 vide
1324 2566 1424 2596 etiam
1437 2568 1543 2597 soceri
1559 2571 1667 2597 notas.

965 2622 1005 2644 11.
1023 2616 1074 2645 21.
1102 2618 1214 2645 tamen
1231 2615 1386 2656 plerique
1405 2615 1488 2645 Mss.
1504 2626 1595 2655 quam
1611 2626 1667 2656 quo

966 2665 1059 2695 telum
1073 2664 1290 2704 adia-iponem
1311 2669 1345 2695 et
1370 2673 1427 2695 ιιι.
1447 2668 1497 2695 13.
1519 2666 1527 2681 ‘
1542 2666 1668 2706 Neque

965 2713 1066 2745 facile
1084 2715 1188 2745 telum
1216 2715 1475 2755 adjiciebatur:’
1502 2721 1537 2747 et
1561 2726 1590 2748 e.
1615 2720 1666 2749 14.

966 2766 1067 2797 ‘satis
1084 2766 1259 2797 commode
1285 2767 1351 2798 tela
1375 2766 1476 2807 adjici
1493 2767 1665 2808 possent?
