1818 3131
205 229 319 272 1222

207 335 313 368 Attio.
331 344 383 367 lx.
402 338 453 366 12.
490 335 601 366 Daris.
646 336 734 366 Vide
750 336 792 367 ad
810 345 834 368 1.
851 338 904 367 30.

203 388 212 404 ‘
229 387 464 418 Helvetiorum
502 387 642 426 injurias
682 389 798 429 populi
835 388 904 420 Ro-

203 437 315 468 mani.’

248 494 375 516 xxmx.
390 488 408 516 4
427 486 638 526 Perdam-ae]
655 487 826 519 Mirorliic
839 489 903 520 loci

204 537 372 567 Mstorum
399 537 545 566 omnium
573 547 795 570 consensum:
827 550 902 570 eum

201 586 274 617 aliis
299 586 331 616 in
356 587 438 617 locis
463 596 595 627 semper
620 587 693 619 fere
718 590 904 629 varientur,

203 641 239 667 ct
267 636 338 666 sine
369 636 470 667 dubio
497 638 604 669 multo
631 639 819 679 elegantius
851 640 903 670 bic

202 687 375 724 legeretur
399 690 591 728 produxerat
604 701 614 720 .·
638 696 677 721 ut
692 691 767 721 luce
783 691 903 721 clarius

203 740 326 779 probat
343 741 418 771 Cel.
435 741 550 771 Burni.
570 741 611 772 ad
627 742 765 772 Sueton.
783 741 902 772 Claud.

201 801 231 822 c.
259 800 308 822 ιν.
341 793 350 809 ‘
369 793 435 823 Per
463 793 599 823 eosdem
630 792 752 832 gradus
779 792 902 833 produ-

202 842 353 874 condus!

243 894 263 921 8
288 891 505 931 Pugnaremc]
529 892 694 931 Bongars.
718 892 815 932 prim.
842 893 903 923 Lo-

199 950 276 972 van.
291 941 461 981 Egmund.
474 943 573 973 Voss.
592 942 689 982 prim.
704 946 739 972 et
753 941 902 983 quinque

197 992 421 1031 recentiores,
448 1002 522 1023 eum
551 991 639 1023 Edd.
668 992 796 1033 primis,
825 1003 903 1033 pug-

197 1046 357 1073 naverant.
404 1042 544 1073 Rectius
571 1042 677 1073 multo
704 1046 739 1073 et
768 1043 902 1083 elegan-

199 1094 288 1123 tius:
321 1102 397 1123 cum
426 1092 568 1123 verbum
599 1092 770 1132 pertineat
797 1094 839 1124 ad
867 1103 902 1125 u-

199 1147 369 1183 trumque.
409 1151 488 1174 vni.
512 1146 562 1174 54.
581 1145 589 1160 ‘
606 1143 683 1174 Una
710 1154 729 1174 a
756 1144 902 1185 Caesare,

198 1192 307 1223 altera
323 1201 341 1223 a
359 1192 522 1233 Pompeio
539 1194 755 1224 mitterentur
770 1193 790 1224 τ’
813 1195 901 1235 quod

198 1243 286 1273 male
324 1244 466 1274 mutavit
506 1243 674 1274 Ciarkius.
723 1245 764 1274 B.
791 1243 900 1277 Afric.

198 1302 228 1323 e.
241 1296 295 1324 67.
311 1292 432 1323 ‘Alter
445 1292 683 1332 Adrumetina),
696 1295 782 1324 alter
793 1295 902 1335 Thap-

197 1354 269 1374 sum
307 1343 528 1374 obsiderent)
596 1345 744 1375 Consule
781 1345 900 1376 Celeb.

199 1395 315 1424 Burin.
332 1393 375 1423 ad
399 1393 487 1423 Vell.
514 1393 652 1424 Patere.
676 1402 702 1425 1.
727 1397 775 1424 16.
791 1395 901 1425 ‘alter

198 1443 240 1473 ab
271 1444 380 1474 altero
410 1442 519 1474 videri
550 1443 788 1485 nequiverint!
831 1445 901 1475 Pai-

198 1494 284 1524 ratio
305 1498 358 1524 est
380 1498 482 1535 atque
505 1494 539 1525 in
562 1495 662 1526 alius.-
691 1495 733 1526 de
759 1505 825 1536 quo
850 1505 900 1526 su-

198 1553 269 1583 pra.

238 1604 300 1626 XL.
317 1600 334 1627 5
361 1596 400 1627 In
416 1597 575 1628 celeritate
598 1597 700 1637 posita
716 1597 792 1638 esse]
823 1598 900 1629 Pri-

199 1654 250 1676 mo
283 1655 382 1677 voces
412 1647 603 1687 transposui
632 1647 802 1679 Mstornm
833 1658 901 1679 om-

196 1696 286 1726 nium
315 1696 532 1729 auctoritate.
579 1698 670 1729 Dein
698 1699 819 1730 iisdem
844 1700 899 1740 ju-

197 1746 352 1777 bentibus
368 1747 462 1787 meis,
484 1752 520 1778 et
537 1747 666 1787 Ursini,
689 1749 822 1780 Brantii
841 1750 899 1781 ali-

196 1797 347 1838 isque,et
358 1798 421 1828 Ed.
435 1798 523 1838 Ine„
539 1798 649 1830 delevi
665 1798 702 1829 τὸ
717 1809 797 1830 esse:
808 1800 898 1841 quod

195 1847 267 1878 sine
296 1848 365 1878 ulla
391 1849 596 1880 necessitate
621 1850 794 1881 inculcant
820 1850 898 1881 Edi-

197 1898 316 1928 tiones.

240 1951 279 1978 12
304 1947 355 1978 Ne
368 1948 563 1988 quemqnam]
595 1949 661 1980 Ms.
681 1948 897 1990 Oxoniensis‚

195 2008 232 2028 ue
247 1998 314 2038 quis
329 2008 416 2038 quem
433 1998 613 2040 interficiat.
658 2000 751 2029 Bene
776 2009 819 2030 ex
847 2000 898 2032 Cl.

195 2048 317 2079 Wassii
335 2049 480 2089 judicio,
504 2049 558 2080 cni
585 2049 773 2081 subscribo.
818 2050 897 2081 Jam

194 2099 283 2130 euim
305 2098 338 2129 in
363 2099 531 2141 plerisque
556 2100 637 2130 Mss.
663 2100 729 2140 legi
753 2099 897 2131 vidimus

194 2158 228 2180 ι’.
259 2152 311 2179 58.
337 2150 439 2181 ‘Neu
468 2150 542 2191 quis
574 2159 674 2191 quein
699 2150 792 2190 prius
827 2151 897 2181 vul-

196 2200 317 2232 neret!

236 2252 275 2281 13
293 2250 550 2292 Eporedorigem]
572 2250 628 2282 Sic
642 2260 744 2291 supra
757 2251 896 2292 hujusce

193 2300 256 2331 viri
271 2309 392 2332 nomen
416 2301 551 2332 extulit.
580 2301 689 2332 Editt.
708 2306 821 2333 tamen
837 2312 896 2335 nu-

193 2359 283 2391 perae
314 2350 368 2381 hic
405 2351 470 2382 ioci
501 2352 775 2392 Emporedorigem
805 2353 898 2384 exhi·

194 2402 287 2441 bent,
310 2402 368 2433 sed
386 2411 444 2433 nos
459 2411 501 2433 ex
527 2401 595 2433 fide
621 2407 707 2434 vett.
735 2403 896 2435 Codicum

192 2461 307 2483 veram
317 2451 497 2483 lectionem
508 2453 713 2484 reduximus.
740 2454 814 2494 Illa,
822 2464 896 2495 qnae

190 2503 352 2544 obtinuit,
389 2513 505 2534 errore
541 2505 786 2545 typographico
830 2506 897 2546 pri-

191 2563 283 2585 mum
327 2553 482 2594 admissa,
523 2556 730 2594 posteriores
781 2567 896 2589 ornnes

192 2603 292 2635 editt.
310 2609 348 2636 ut
363 2604 413 2645 fit,
431 2605 607 2637 invaserat.
640 2608 753 2639 Davis.

236 2663 308 2686 xm.
324 2658 343 2685 5
371 2655 494 2690 Quanto
518 2666 567 2687 res
588 2657 620 2687 in
642 2658 777 2698 periculo
803 2660 896 2701 esset]

193 2705 248 2736 Sic
266 2715 307 2736 ex
326 2706 392 2737 Ms.
422 2706 532 2747 Regio
556 2708 700 2739 restitui.
747 2708 845 2740 Quod
861 2710 895 2741 in

194 2756 302 2787 Editis
320 2762 385 2797 est,
401 2757 516 2797 suerit,
529 2757 637 2789 minus
653 2758 706 2790 hic
722 2760 894 2792 convenit.

195 2805 272 2836 Non
289 2807 378 2838 enirn
395 2807 429 2839 id
446 2807 607 2840 nunciant
622 2808 767 2852 equites,
790 2819 894 2851 quan-

660 240 802 271 No'rAE
834 240 1096 272 VARIORUM
1129 241 1181 272 IN

955 340 990 368 to
1005 347 1057 369 res
1085 338 1117 368 in
1145 337 1296 378 periculo
1311 336 1427 377 suerit,
1451 337 1511 369 sed
1527 342 1654 380 quanto

954 386 986 417 in
1000 388 1151 428 periculo
1166 393 1236 418 tum
1251 388 1414 428 temporis
1428 392 1515 420 esset.
1543 389 1653 422 Clark.

955 437 1004 467 Eo
1022 442 1172 477 tempore
1192 437 1320 475 [κρύη
1340 439 1472 479 quando
1489 440 1543 470 bic
1561 440 1654 481 equi-

956 492 1006 517 tes
1023 487 1150 518 dimissi
1167 496 1186 517 a
1209 488 1312 518 Fabio
1339 488 1652 528 proficiscebantur.

955 536 1100 566 Videtur
1127 541 1238 568 tamen
1267 543 1343 569 esset
1368 540 1434 580 legi
1460 550 1592 581 quoque
1620 541 1655 573 in

955 586 1078 623 Oxon.;
1096 596 1171 616 nam
1188 588 1271 618 nihil
1294 591 1443 622 enotavit
1456 591 1504 622 Cl.
1524 592 1654 631 Wasse,

954 638 1035 668 licet
1059 639 1274 670 collationem
1297 640 1339 671 ad
1363 642 1491 673 Clarkii
1517 643 1580 675 Ed.
1606 643 1655 674 in·

953 687 1118 719 stitnerit.

995 740 1016 767 9
1041 737 1154 768 lIsdem
1166 739 1197 769 in
1212 740 1552 782 rallopermanendum]
1568 744 1653 775 Cum

953 788 1078 829 integri
1093 789 1250 820 nimirum
1272 791 1355 820 nulli
1382 796 1509 830 essent,
1527 792 1584 833 qui
1600 792 1658 824 de·

953 837 1052 869 fessis
1071 840 1307 871 succederent.
1355 841 1454 874 Quod
1475 851 1540 873 non
1557 842 1658 874 intel·

952 889 1124 930 lexerunt,
1150 890 1205 931 qui
1231 896 1471 931 reposuerunt,
1498 893 1601 924 eodem
1623 894 1656 924 in

952 939 1052 975 1·a!lo,·
1076 945 1114 970 ut
1144 946 1238 971 recte
1269 943 1446 973 annotavit
1467 942 1656 975 Hotoman-

953 998 1027 1019 nns.
1053 990 1161 1021 Clark.

996 1042 1036 1069 10
1063 1040 1173 1071 Omnis
1187 1040 1326 1081 generis]
1350 1041 1428 1072 Urs.
1441 1041 1655 1077 And.0xon.

953 1089 1040 1123 Scal.
1056 1089 1151 1122 Leid.
1169 1101 1220 1131 pr.
1237 1092 1318 1122 omni
1331 1101 1453 1130 genere.
1495 1093 1654 1125 Rectius:

953 1139 1016 1170 nisi
1045 1140 1142 1171 malis
1169 1151 1255 1172 οηιπε
1277 1151 1386 1180 genus.
1438 1142 1486 1173 Ut
1507 1142 1540 1173 id
1557 1152 1658 1182 genus

952 1199 1015 1230 per
1043 1190 1189 1230 ellipsin,
1218 1196 1254 1222 et
1277 1192 1409 1223 similia.
1455 1193 1545 1224 Vide
1577 1203 1654 1233 quae

950 1241 1065 1271 notavi
1090 1241 1130 1272 ad
1163 1241 1264 1282 Apul.
1289 1243 1309 1274 l.
1335 1251 1384 1274 xi.
1406 1253 1440 1284 p.
1455 1246 1530 1274 24⁴.
1549 1244 1558 1261 ‘
1577 1243 1654 1276 Alio

952 1300 1076 1330 genere
1092 1290 1216 1323 facium
1231 1293 1380 1324 lumine!

995 1344 1031 1372 ll
1059 1341 1179 1380 Magno
1198 1344 1266 1373 usui
1281 1343 1385 1381 juisse
1405 1342 1574 1383 tormenta]
1599 1343 1655 1374 In·

951 1394 1031 1429 epta
1047 1396 1126 1422 sunt
1145 1401 1218 1432 quae
1243 1393 1387 1423 tementis
1409 1392 1521 1424 adfert
1545 1393 1656 1424 Hoto-

950 1448 1105 1481 mannns,
1122 1441 1289 1481 quomodo
1312 1442 1365 1472 liic
1388 1443 1570 1483 legendum
1594 1453 1654 1484 pu-

951 1490 1062 1522 tabat.
1122 1491 1265 1532 Optime
1295 1491 1438 1524 Graecus
1469 1492 1654 1532 intellexit,

951 1541 1007 1582 qui
1021 1541 1125 1572 habet
1141 1541 1259 1573 καὶτὰς
1274 1541 1330 1580 μὲν
1345 1542 1487 1581 μηχανὰς
1509 1542 1582 1583 πρὸς
1596 1543 1655 1580 τὴν

949 1592 1011 1621 τῶν
1021 1590 1176 1630 πολεμίων
1188 1591 1345 1632 ἀπείργειν
1355 1593 1450 1632 ὁρμὴν
1462 1591 1544 1632 μέγα
1555 1592 1654 1635 ταύτῃ

950 1642 990 1683 τῇ
1001 1640 1096 1682 ἡμέρᾳ
1109 1640 1332 1679 συμβαλέσθαι.
1364 1643 1499 1674 Vossius.

994 1696 1034 1725 12
1058 1695 1244 1735 Pluteosque
1274 1696 1352 1725 rullo
1381 1694 1509 1734 addere]
1547 1694 1656 1726 Nimi-

950 1754 1023 1775 rum
1051 1754 1093 1776 ne
1123 1745 1405 1777 transcenderent
1425 1745 1560 1777 hostes:
1587 1750 1654 1778 ter-

949 1804 1020 1825 ram
1036 1799 1150 1825 autem
1165 1795 1279 1826 subito
1303 1795 1387 1826 adeo
1411 1804 1573 1836 aggerere
1596 1805 1655 1828 ne·

949 1844 1081 1885 quibat.
1126 1845 1240 1876 Plutci
1265 1850 1376 1877 autem
1399 1846 1454 1878 hic
1478 1855 1544 1878 non
1567 1847 1655 1878 acci-

948 1894 1065 1935 piendi
1097 1904 1156 1935 pro
1185 1896 1339 1926 machina
1370 1897 1439 1937 illa,
1469 1905 1536 1937 qua
1567 1896 1654 1929 tecti

947 1945 1074 1976 milites
1099 1955 1182 1985 opus
1207 1945 1464 1978 administrant:
1491 1947 1551 1978 sed
1579 1947 1656 1979 sim-

949 1995 1087 2035 pliciter
1111 2000 1190 2026 sunt
1213 2005 1360 2036 asseres,
1375 2001 1479 2038 atque
1501 1997 1551 2028 ita
1577 2006 1653 2029 eam

947 2055 1068 2077 vocem
1103 2051 1281 2087 acceptam
1320 2047 1493 2078 veteribus
1533 2053 1654 2079 auctor

949 2095 1071 2127 Festus
1087 2101 1160 2128 est:
1184 2098 1193 2113 ‘
1213 2097 1327 2128 Plutei
1340 2101 1453 2128 crates
1470 2097 1565 2129 corio
1577 2106 1652 2129 cru-

948 2145 992 2177 do
1007 2146 1163 2187 intentae,
1180 2156 1255 2188 quae
1277 2147 1435 2178 solebant
1451 2148 1579 2189 opponi
1595 2147 1655 2179 mi·

947 2197 1064 2228 litibus
1085 2208 1170 2239 opus
1201 2197 1418 2238 facientibus,
1446 2202 1482 2230 et
1506 2199 1656 2240 appella-

947 2248 1074 2280 bantur
1090 2249 1267 2281 militares.
1314 2250 1415 2282 Nunc
1431 2250 1534 2282 etiam
1556 2249 1654 2281 tabu-

946 2298 1004 2338 lae,
1029 2299 1151 2341 quibus
1178 2299 1262 2342 quid
1287 2301 1506 2341 praesepitur,
1530 2299 1652 2332 eodem

947 2350 1081 2382 nomine
1093 2349 1275 2382 dicuntur!
1304 2351 1437 2382 Vossius.

990 2409 1080 2436 an.
1103 2404 1123 2433 4
1145 2419 1232 2426 ———
1248 2401 1307 2433 Est
1340 2401 1462 2441 innata,
1493 2403 1528 2431 ut
1556 2400 1652 2430 levem

947 2452 1137 2484 auditionem
1151 2452 1262 2484 habeat
1282 2462 1338 2493 pro
1355 2462 1390 2483 re
1410 2448 1579 2492 comperta]
1604 2448 1649 2480 In

947 2502 1032 2534 Mss.
1071 2503 1237 2544 scriptum
1273 2507 1338 2543 est,
1367 2502 1490 2533 habent.
1548 2496 1650 2531 Unde

948 2552 1226 2594 distinguendum
1248 2552 1429 2590 existimo;
1453 2551 1462 2568 ‘
1480 2554 1534 2582 est
1559 2548 1651 2580 inna-

947 2607 1005 2634 ta:
1031 2604 1078 2636 Ut
1099 2605 1210 2636 levem
1234 2603 1440 2635 auditionem
1457 2599 1570 2631 habent
1586 2607 1650 2640 pro

946 2662 983 2685 re
1006 2653 1203 2694 comperta!
1242 2653 1300 2685 Sic
1316 2652 1460 2685 Graecus
1480 2647 1649 2690 ἐμφύεται;

945 2705 1021 2736 πᾶσι
1048 2706 1197 2745 ΓΑΡ,ᾄι·.
1223 2704 1332 2735 Clark.
1378 2701 1506 2734 Habent
1529 2709 1649 2733 exara-

946 2760 1003 2787 tur
1018 2755 1051 2786 in
1067 2755 1166 2786 Voss.
1179 2764 1233 2796 pr.
1263 2757 1345 2785 tert.
1366 2754 1464 2793 Egm.
1487 2752 1586 2785 Gott.
1610 2753 1648 2783 et

945 2805 1008 2838 Ed.
1026 2805 1101 2837 Inc.
1122 2805 1250 2837 Verum
1262 2803 1389 2837 rectius
1402 2803 1554 2836 hocloco
1569 2800 1647 2834 reli-
