<?xml version="1.0" encoding="UTF-8"?>
<!DOCTYPE html PUBLIC "-//W3C//DTD XHTML 1.0 Transitional//EN"
    "http://www.w3.org/TR/xhtml1/DTD/xhtml1-transitional.dtd">
<html xmlns="http://www.w3.org/1999/xhtml" xml:lang="en" lang="en">
 <head>
  <title>
</title>
<meta http-equiv="Content-Type" content="text/html;charset=utf-8" />
  <meta name='ocr-system' content='tesseract 3.04.00' />
  <meta name='ocr-capabilities' content='ocr_page ocr_carea ocr_par ocr_line ocrx_word'/>
</head>
<body>
  <div class='ocr_page' id='page_1' title='image "./operaomniaexedit03caesuoft/operaomniaexedit03caesuoft_0381.png"; bbox 0 0 1818 3131; ppageno 0'>
   <div class='ocr_carea' id='block_1_1' title="bbox 324 199 1332 242">
    <p class='ocr_par' dir='ltr' id='par_1_1' title="bbox 324 199 1332 242">
     <span class='ocr_line' id='line_1_1' title="bbox 324 199 1332 242; baseline 0.002 -4"><span class='ocrx_word' id='word_1_1' title='bbox 324 210 417 240; x_wconf 77' lang='lat' dir='ltr'><em>mn.</em></span> <span class='ocrx_word' id='word_1_2' title='bbox 451 209 554 240; x_wconf 78' lang='lat' dir='ltr'><em>vni.</em></span> <span class='ocrx_word' id='word_1_3' title='bbox 589 208 695 239; x_wconf 66' lang='lat' dir='ltr'><em>cn.</em></span> <span class='ocrx_word' id='word_1_4' title='bbox 719 199 789 240; x_wconf 82' lang='lat'><em>30.</em></span> <span class='ocrx_word' id='word_1_5' title='bbox 825 210 886 239; x_wconf 74' lang='lat' dir='ltr'><em>nn</em></span> <span class='ocrx_word' id='word_1_6' title='bbox 921 210 1075 241; x_wconf 67' lang='lat' dir='ltr'><em>nunno</em></span> <span class='ocrx_word' id='word_1_7' title='bbox 1107 211 1332 242; x_wconf 69' lang='lat' dir='ltr'><em>cAnmco.</em></span> 
     </span>
    </p>
   </div>
   <div class='ocr_carea' id='block_1_2' title="bbox 89 301 797 2791">
    <p class='ocr_par' dir='ltr' id='par_1_2' title="bbox 92 301 795 542">
     <span class='ocr_line' id='line_1_2' title="bbox 93 301 795 345; baseline 0 -13"><span class='ocrx_word' id='word_1_8' title='bbox 93 302 248 345; x_wconf 74' lang='lat' dir='ltr'><em>confligit,</em></span> <span class='ocrx_word' id='word_1_9' title='bbox 271 306 499 344; x_wconf 69' lang='lat' dir='ltr'><em>praeterquam</em></span> <span class='ocrx_word' id='word_1_10' title='bbox 523 303 643 334; x_wconf 81' lang='lat' dir='ltr'><em>Petav.</em></span> <span class='ocrx_word' id='word_1_11' title='bbox 669 301 703 332; x_wconf 91' lang='lat' dir='ltr'><em>in</em></span> <span class='ocrx_word' id='word_1_12' title='bbox 728 311 795 342; x_wconf 90' lang='lat' dir='ltr'><em>quo</em></span> 
     </span>
     <span class='ocr_line' id='line_1_3' title="bbox 92 351 794 394; baseline 0.003 -13"><span class='ocrx_word' id='word_1_13' title='bbox 92 353 247 384; x_wconf 75' lang='lat' dir='ltr'><em>constitit.-</em></span> <span class='ocrx_word' id='word_1_14' title='bbox 286 353 374 394; x_wconf 88' lang='lat' dir='ltr'><em>quod</em></span> <span class='ocrx_word' id='word_1_15' title='bbox 405 362 519 383; x_wconf 83' lang='lat' dir='ltr'><em>verum</em></span> <span class='ocrx_word' id='word_1_16' title='bbox 551 351 722 389; x_wconf 79' lang='lat' dir='ltr'><em>arbitror3</em></span> <span class='ocrx_word' id='word_1_17' title='bbox 758 357 794 383; x_wconf 90' lang='lat' dir='ltr'><em>et</em></span> 
     </span>
     <span class='ocr_line' id='line_1_4' title="bbox 94 402 795 443; baseline 0 -10"><span class='ocrx_word' id='word_1_18' title='bbox 94 403 170 434; x_wconf 86' lang='lat' dir='ltr'><em>inde</em></span> <span class='ocrx_word' id='word_1_19' title='bbox 195 409 311 435; x_wconf 85' lang='lat' dir='ltr'><em>natum</em></span> <span class='ocrx_word' id='word_1_20' title='bbox 333 403 484 443; x_wconf 78' lang='lat' dir='ltr'><em>confligit,</em></span> <span class='ocrx_word' id='word_1_21' title='bbox 502 407 562 433; x_wconf 78' lang='lat' dir='ltr'><em>aut</em></span> <span class='ocrx_word' id='word_1_22' title='bbox 586 411 645 442; x_wconf 87' lang='lat' dir='ltr'><em>pro</em></span> <span class='ocrx_word' id='word_1_23' title='bbox 675 402 795 433; x_wconf 82' lang='lat' dir='ltr'><em>Glossa</em></span> 
     </span>
     <span class='ocr_line' id='line_1_5' title="bbox 94 450 794 494; baseline 0 -12"><span class='ocrx_word' id='word_1_24' title='bbox 94 453 371 494; x_wconf 72' lang='lat' dir='ltr'><em>suuper-scriptum.</em></span> <span class='ocrx_word' id='word_1_25' title='bbox 417 452 507 483; x_wconf 81' lang='lat' dir='ltr'><em>Hinc</em></span> <span class='ocrx_word' id='word_1_26' title='bbox 533 451 590 482; x_wconf 87' lang='lat' dir='ltr'><em>alii</em></span> <span class='ocrx_word' id='word_1_27' title='bbox 613 450 703 482; x_wconf 83' lang='lat' dir='ltr'><em>infra</em></span> <span class='ocrx_word' id='word_1_28' title='bbox 732 461 794 492; x_wconf 86' lang='lat' dir='ltr'><em>pro</em></span> 
     </span>
     <span class='ocr_line' id='line_1_6' title="bbox 92 501 730 542; baseline 0.003 -11"><span class='ocrx_word' id='word_1_29' title='bbox 92 502 293 542; x_wconf 77' lang='lat' dir='ltr'><em>conflixerant</em></span> <span class='ocrx_word' id='word_1_30' title='bbox 317 501 498 532; x_wconf 84' lang='lat' dir='ltr'><em>ediderunt</em></span> <span class='ocrx_word' id='word_1_31' title='bbox 514 501 730 533; x_wconf 81' lang='lat' dir='ltr'><em>constiterunt.</em></span> 
     </span>
    </p>

    <p class='ocr_par' dir='ltr' id='par_1_3' title="bbox 89 550 794 1791">
     <span class='ocr_line' id='line_1_7' title="bbox 135 550 794 591; baseline -0.002 -8"><span class='ocrx_word' id='word_1_32' title='bbox 135 553 156 582; x_wconf 85' lang='grc'><strong>8</strong></span> <span class='ocrx_word' id='word_1_33' title='bbox 183 552 260 583; x_wconf 88' lang='lat' dir='ltr'><em>Toto</em></span> <span class='ocrx_word' id='word_1_34' title='bbox 281 551 404 590; x_wconf 77' lang='lat' dir='ltr'><em>agmine</em></span> <span class='ocrx_word' id='word_1_35' title='bbox 440 550 653 590; x_wconf 67' lang='lat' dir='ltr'><em>subsistentes,</em></span> <span class='ocrx_word' id='word_1_36' title='bbox 683 551 794 591; x_wconf 83' lang='lat' dir='ltr'><em>equiti-</em></span> 
     </span>
     <span class='ocr_line' id='line_1_8' title="bbox 92 600 793 642; baseline 0.001 -11"><span class='ocrx_word' id='word_1_37' title='bbox 92 600 148 632; x_wconf 87' lang='lat' dir='ltr'><em>bus</em></span> <span class='ocrx_word' id='word_1_38' title='bbox 162 601 240 642; x_wconf 84' lang='lat' dir='ltr'><em>suis]</em></span> <span class='ocrx_word' id='word_1_39' title='bbox 285 601 340 632; x_wconf 88' lang='lat' dir='ltr'><em>Sic</em></span> <span class='ocrx_word' id='word_1_40' title='bbox 362 606 415 632; x_wconf 90' lang='lat' dir='ltr'><em>est</em></span> <span class='ocrx_word' id='word_1_41' title='bbox 431 601 463 632; x_wconf 92' lang='lat' dir='ltr'><em>in</em></span> <span class='ocrx_word' id='word_1_42' title='bbox 480 601 578 632; x_wconf 83' lang='lat' dir='ltr'><em>editt.</em></span> <span class='ocrx_word' id='word_1_43' title='bbox 594 603 690 632; x_wconf 88' lang='lat' dir='ltr'><em>Rom.</em></span> <span class='ocrx_word' id='word_1_44' title='bbox 707 603 793 633; x_wconf 85' lang='lat' dir='ltr'><em>Ven.</em></span> 
     </span>
     <span class='ocr_line' id='line_1_9' title="bbox 91 649 793 691; baseline 0.001 -9"><span class='ocrx_word' id='word_1_45' title='bbox 91 649 250 683; x_wconf 79' lang='lat' dir='ltr'><em>Beroald.</em></span> <span class='ocrx_word' id='word_1_46' title='bbox 280 661 343 682; x_wconf 86' lang='lat' dir='ltr'><em>nec</em></span> <span class='ocrx_word' id='word_1_47' title='bbox 367 651 521 691; x_wconf 81' lang='lat' dir='ltr'><em>repudio.</em></span> <span class='ocrx_word' id='word_1_48' title='bbox 575 651 675 683; x_wconf 87' lang='lat' dir='ltr'><em>Haud</em></span> <span class='ocrx_word' id='word_1_49' title='bbox 706 652 793 683; x_wconf 80' lang='lat' dir='ltr'><em>male</em></span> 
     </span>
     <span class='ocr_line' id='line_1_10' title="bbox 92 700 793 742; baseline 0.001 -11"><span class='ocrx_word' id='word_1_50' title='bbox 92 705 207 731; x_wconf 85' lang='lat' dir='ltr'><em>tamen</em></span> <span class='ocrx_word' id='word_1_51' title='bbox 244 700 313 731; x_wconf 70' lang='lat' dir='ltr'><em>Ms.</em></span> <span class='ocrx_word' id='word_1_52' title='bbox 347 701 466 732; x_wconf 87' lang='lat' dir='ltr'><em>Brant.</em></span> <span class='ocrx_word' id='word_1_53' title='bbox 498 708 533 733; x_wconf 87' lang='lat' dir='ltr'><em>et</em></span> <span class='ocrx_word' id='word_1_54' title='bbox 567 702 685 742; x_wconf 84' lang='lat' dir='ltr'><em>steph.</em></span> <span class='ocrx_word' id='word_1_55' title='bbox 719 702 793 732; x_wconf 86' lang='lat' dir='ltr'><em>Toto</em></span> 
     </span>
     <span class='ocr_line' id='line_1_11' title="bbox 90 749 793 792; baseline 0.006 -13"><span class='ocrx_word' id='word_1_56' title='bbox 90 750 228 789; x_wconf 73' lang='lat' dir='ltr'><em>agmine,</em></span> <span class='ocrx_word' id='word_1_57' title='bbox 254 749 491 782; x_wconf 69' lang='lat' dir='ltr'><em>subsistentibus</em></span> <span class='ocrx_word' id='word_1_58' title='bbox 518 752 671 792; x_wconf 80' lang='lat' dir='ltr'><em>equitibus</em></span> <span class='ocrx_word' id='word_1_59' title='bbox 702 752 767 783; x_wconf 80' lang='lat' dir='ltr'><em>suis</em></span> <span class='ocrx_word' id='word_1_60' title='bbox 781 763 793 789; x_wconf 90' lang='lat'><em>;</em></span> 
     </span>
     <span class='ocr_line' id='line_1_12' title="bbox 91 799 793 843; baseline 0.006 -13"><span class='ocrx_word' id='word_1_61' title='bbox 91 800 152 831; x_wconf 81' lang='lat' dir='ltr'><em>nisi</em></span> <span class='ocrx_word' id='word_1_62' title='bbox 167 799 255 831; x_wconf 85' lang='lat' dir='ltr'><em>forte</em></span> <span class='ocrx_word' id='word_1_63' title='bbox 272 811 346 832; x_wconf 90' lang='lat' dir='ltr'><em>cum</em></span> <span class='ocrx_word' id='word_1_64' title='bbox 365 801 503 834; x_wconf 88' lang='lat' dir='ltr'><em>Norvic.</em></span> <span class='ocrx_word' id='word_1_65' title='bbox 521 802 634 842; x_wconf 82' lang='lat' dir='ltr'><em>legere</em></span> <span class='ocrx_word' id='word_1_66' title='bbox 657 803 793 843; x_wconf 89' lang='lat' dir='ltr'><em>placeat</em></span> 
     </span>
     <span class='ocr_line' id='line_1_13' title="bbox 92 851 794 892; baseline 0.004 -11"><span class='ocrx_word' id='word_1_67' title='bbox 92 854 156 882; x_wconf 85' lang='lat' dir='ltr'><em>toto</em></span> <span class='ocrx_word' id='word_1_68' title='bbox 166 851 300 891; x_wconf 81' lang='lat' dir='ltr'><em>agmine,</em></span> <span class='ocrx_word' id='word_1_69' title='bbox 310 852 549 884; x_wconf 77' lang='lat' dir='ltr'><em>subsistentibus</em></span> <span class='ocrx_word' id='word_1_70' title='bbox 572 854 648 892; x_wconf 84' lang='lat' dir='ltr'><em>suis,</em></span> <span class='ocrx_word' id='word_1_71' title='bbox 671 854 794 884; x_wconf 82' lang='lat' dir='ltr'><em>omissa</em></span> 
     </span>
     <span class='ocr_line' id='line_1_14' title="bbox 91 902 791 941; baseline 0.007 -10"><span class='ocrx_word' id='word_1_72' title='bbox 91 910 174 932; x_wconf 78' lang='lat' dir='ltr'><em>voce</em></span> <span class='ocrx_word' id='word_1_73' title='bbox 208 902 370 941; x_wconf 80' lang='lat' dir='ltr'><em>equitibus.</em></span> <span class='ocrx_word' id='word_1_74' title='bbox 409 903 520 936; x_wconf 73' lang='lat' dir='ltr'><em>Dacis.</em></span> <span class='ocrx_word' id='word_1_75' title='bbox 580 905 668 935; x_wconf 83' lang='lat' dir='ltr'><strong>Item</strong></span> <span class='ocrx_word' id='word_1_76' title='bbox 707 905 791 936; x_wconf 85' lang='lat' dir='ltr'><em>Mss.</em></span> 
     </span>
     <span class='ocr_line' id='line_1_15' title="bbox 91 952 792 995; baseline 0.006 -13"><span class='ocrx_word' id='word_1_77' title='bbox 91 952 177 993; x_wconf 81' lang='lat' dir='ltr'><em>Reg.</em></span> <span class='ocrx_word' id='word_1_78' title='bbox 193 957 228 983; x_wconf 89' lang='lat' dir='ltr'><em>et</em></span> <span class='ocrx_word' id='word_1_79' title='bbox 250 953 361 984; x_wconf 84' lang='lat' dir='ltr'><em>Vossii</em></span> <span class='ocrx_word' id='word_1_80' title='bbox 385 954 620 986; x_wconf 74' lang='lat' dir='ltr'><strong><em>subsistentibus</em></strong></span> <span class='ocrx_word' id='word_1_81' title='bbox 643 965 688 995; x_wconf 84' lang='lat' dir='ltr'><em>eq.</em></span> <span class='ocrx_word' id='word_1_82' title='bbox 714 955 792 993; x_wconf 82' lang='lat' dir='ltr'><em>suis,</em></span> 
     </span>
     <span class='ocr_line' id='line_1_16' title="bbox 89 1002 792 1044; baseline 0.006 -13"><span class='ocrx_word' id='word_1_83' title='bbox 89 1002 142 1040; x_wconf 57' lang='grc' dir='ltr'><em>ὅτ.</em></span> <span class='ocrx_word' id='word_1_84' title='bbox 177 1002 286 1032; x_wconf 79' lang='lat' dir='ltr'><em>Clark.</em></span> <span class='ocrx_word' id='word_1_85' title='bbox 343 1002 391 1034; x_wconf 77' lang='lat' dir='ltr'><em>At</em></span> <span class='ocrx_word' id='word_1_86' title='bbox 413 1003 612 1035; x_wconf 74' lang='lat' dir='ltr'><em>subsistentes</em></span> <span class='ocrx_word' id='word_1_87' title='bbox 639 1005 731 1044; x_wconf 81' lang='lat' dir='ltr'><em>legas</em></span> <span class='ocrx_word' id='word_1_88' title='bbox 757 1005 792 1035; x_wconf 88' lang='lat' dir='ltr'><em>in</em></span> 
     </span>
     <span class='ocr_line' id='line_1_17' title="bbox 91 1051 791 1095; baseline 0.004 -13"><span class='ocrx_word' id='word_1_89' title='bbox 91 1051 208 1091; x_wconf 86' lang='lat' dir='ltr'><em>anac.</em></span> <span class='ocrx_word' id='word_1_90' title='bbox 238 1052 327 1083; x_wconf 85' lang='lat' dir='ltr'><em>Scal.</em></span> <span class='ocrx_word' id='word_1_91' title='bbox 354 1053 476 1084; x_wconf 82' lang='lat' dir='ltr'><em>Petav.</em></span> <span class='ocrx_word' id='word_1_92' title='bbox 502 1055 597 1085; x_wconf 86' lang='lat' dir='ltr'><em>Leid.</em></span> <span class='ocrx_word' id='word_1_93' title='bbox 625 1065 675 1095; x_wconf 85' lang='lat' dir='ltr'><em>pr.</em></span> <span class='ocrx_word' id='word_1_94' title='bbox 701 1054 791 1085; x_wconf 86' lang='lat' dir='ltr'><em>And.</em></span> 
     </span>
     <span class='ocr_line' id='line_1_18' title="bbox 91 1100 791 1143; baseline 0.001 -11"><span class='ocrx_word' id='word_1_95' title='bbox 91 1105 127 1132; x_wconf 81' lang='lat' dir='ltr'><em>et</em></span> <span class='ocrx_word' id='word_1_96' title='bbox 150 1100 264 1133; x_wconf 81' lang='lat' dir='ltr'><em>Oxou.</em></span> <span class='ocrx_word' id='word_1_97' title='bbox 292 1102 513 1143; x_wconf 84' lang='lat' dir='ltr'>Nequaquam</span> <span class='ocrx_word' id='word_1_98' title='bbox 538 1107 651 1134; x_wconf 88' lang='lat' dir='ltr'><em>tamen</em></span> <span class='ocrx_word' id='word_1_99' title='bbox 669 1103 791 1134; x_wconf 89' lang='lat' dir='ltr'><em>damno</em></span> 
     </span>
     <span class='ocr_line' id='line_1_19' title="bbox 90 1150 792 1191; baseline 0.003 -10"><span class='ocrx_word' id='word_1_100' title='bbox 90 1150 295 1191; x_wconf 85' lang='lat' dir='ltr'><em>reliquorum</em></span> <span class='ocrx_word' id='word_1_101' title='bbox 323 1151 487 1182; x_wconf 83' lang='lat' dir='ltr'>Codicum</span> <span class='ocrx_word' id='word_1_102' title='bbox 520 1152 702 1183; x_wconf 87' lang='lat' dir='ltr'><em>lectionem</em></span> <span class='ocrx_word' id='word_1_103' title='bbox 724 1152 792 1184; x_wconf 85' lang='lat' dir='ltr'><em>sub-</em></span> 
     </span>
     <span class='ocr_line' id='line_1_20' title="bbox 89 1200 791 1242; baseline 0.004 -12"><span class='ocrx_word' id='word_1_104' title='bbox 89 1200 266 1231; x_wconf 81' lang='lat' dir='ltr'><em>sistentibus</em></span> <span class='ocrx_word' id='word_1_105' title='bbox 288 1210 334 1241; x_wconf 80' lang='lat' dir='ltr'><em>eq.</em></span> <span class='ocrx_word' id='word_1_106' title='bbox 355 1201 420 1232; x_wconf 80' lang='lat' dir='ltr'><em>suis</em></span> <span class='ocrx_word' id='word_1_107' title='bbox 449 1201 502 1232; x_wconf 90' lang='lat' dir='ltr'><em>vel</em></span> <span class='ocrx_word' id='word_1_108' title='bbox 529 1202 600 1233; x_wconf 86' lang='lat' dir='ltr'><em>siue</em></span> <span class='ocrx_word' id='word_1_109' title='bbox 627 1202 791 1242; x_wconf 82' lang='lat' dir='ltr'><em>equitibus,</em></span> 
     </span>
     <span class='ocr_line' id='line_1_21' title="bbox 91 1250 792 1292; baseline 0.001 -10"><span class='ocrx_word' id='word_1_110' title='bbox 91 1260 191 1291; x_wconf 84' lang='lat' dir='ltr'><em>quam</em></span> <span class='ocrx_word' id='word_1_111' title='bbox 204 1261 319 1283; x_wconf 88' lang='lat' dir='ltr'><em>vocem</em></span> <span class='ocrx_word' id='word_1_112' title='bbox 337 1250 466 1283; x_wconf 83' lang='lat' dir='ltr'><em>frustra</em></span> <span class='ocrx_word' id='word_1_113' title='bbox 480 1251 583 1283; x_wconf 84' lang='lat' dir='ltr'><em>etiam</em></span> <span class='ocrx_word' id='word_1_114' title='bbox 600 1261 733 1292; x_wconf 78' lang='lat' dir='ltr'><em>quaeras</em></span> <span class='ocrx_word' id='word_1_115' title='bbox 758 1253 792 1283; x_wconf 91' lang='lat' dir='ltr'><em>in</em></span> 
     </span>
     <span class='ocr_line' id='line_1_22' title="bbox 93 1301 792 1334; baseline 0 -2"><span class='ocrx_word' id='word_1_116' title='bbox 93 1302 190 1334; x_wconf 87' lang='lat' dir='ltr'><em>Gott.</em></span> <span class='ocrx_word' id='word_1_117' title='bbox 219 1306 255 1333; x_wconf 86' lang='lat' dir='ltr'><em>ct</em></span> <span class='ocrx_word' id='word_1_118' title='bbox 281 1303 375 1333; x_wconf 82' lang='lat' dir='ltr'><em>Voss.</em></span> <span class='ocrx_word' id='word_1_119' title='bbox 407 1306 485 1333; x_wconf 78' lang='lat' dir='ltr'><em>tert.</em></span> <span class='ocrx_word' id='word_1_120' title='bbox 511 1301 677 1333; x_wconf 74' lang='lat' dir='ltr'><em>subsistere</em></span> <span class='ocrx_word' id='word_1_121' title='bbox 703 1301 792 1333; x_wconf 90' lang='lat' dir='ltr'><em>enim</em></span> 
     </span>
     <span class='ocr_line' id='line_1_23' title="bbox 92 1350 792 1392; baseline 0.001 -11"><span class='ocrx_word' id='word_1_122' title='bbox 92 1350 180 1382; x_wconf 84' lang='lat' dir='ltr'><em>idem</em></span> <span class='ocrx_word' id='word_1_123' title='bbox 200 1356 263 1390; x_wconf 88' lang='lat' dir='ltr'><em>est,</em></span> <span class='ocrx_word' id='word_1_124' title='bbox 290 1352 381 1392; x_wconf 83' lang='lat' dir='ltr'><em>quod</em></span> <span class='ocrx_word' id='word_1_125' title='bbox 406 1351 580 1386; x_wconf 82' lang='lat' dir='ltr'><em>sustinere;</em></span> <span class='ocrx_word' id='word_1_126' title='bbox 602 1350 703 1391; x_wconf 89' lang='lat' dir='ltr'><em>idque</em></span> <span class='ocrx_word' id='word_1_127' title='bbox 728 1351 792 1382; x_wconf 93' lang='lat' dir='ltr'><em>hoc</em></span> 
     </span>
     <span class='ocr_line' id='line_1_24' title="bbox 90 1398 793 1441; baseline 0.001 -11"><span class='ocrx_word' id='word_1_128' title='bbox 90 1401 164 1431; x_wconf 90' lang='lat' dir='ltr'><em>loco</em></span> <span class='ocrx_word' id='word_1_129' title='bbox 190 1401 310 1432; x_wconf 81' lang='lat' dir='ltr'><em>melius</em></span> <span class='ocrx_word' id='word_1_130' title='bbox 335 1398 521 1441; x_wconf 85' lang='lat' dir='ltr'><em>equitibus,</em></span> <span class='ocrx_word' id='word_1_131' title='bbox 547 1400 605 1441; x_wconf 88' lang='lat' dir='ltr'><em>qui</em></span> <span class='ocrx_word' id='word_1_132' title='bbox 632 1399 793 1431; x_wconf 83' lang='lat' dir='ltr'><em>audacius</em></span> 
     </span>
     <span class='ocr_line' id='line_1_25' title="bbox 89 1449 793 1490; baseline 0.001 -11"><span class='ocrx_word' id='word_1_133' title='bbox 89 1450 306 1489; x_wconf 79' lang='lat' dir='ltr'><em>consistebant,</em></span> <span class='ocrx_word' id='word_1_134' title='bbox 339 1460 398 1481; x_wconf 89' lang='lat' dir='ltr'><em>seu</em></span> <span class='ocrx_word' id='word_1_135' title='bbox 427 1449 646 1490; x_wconf 80' lang='lat' dir='ltr'><em>confligebant,</em></span> <span class='ocrx_word' id='word_1_136' title='bbox 673 1459 793 1481; x_wconf 88' lang='lat' dir='ltr'><em>conve-</em></span> 
     </span>
     <span class='ocr_line' id='line_1_26' title="bbox 91 1500 793 1532; baseline 0 0"><span class='ocrx_word' id='word_1_137' title='bbox 91 1501 165 1532; x_wconf 86' lang='lat' dir='ltr'><em>nire</em></span> <span class='ocrx_word' id='word_1_138' title='bbox 188 1501 333 1532; x_wconf 88' lang='lat' dir='ltr'><em>videtur.</em></span> <span class='ocrx_word' id='word_1_139' title='bbox 364 1501 404 1531; x_wconf 90' lang='lat' dir='ltr'><em>B.</em></span> <span class='ocrx_word' id='word_1_140' title='bbox 434 1501 478 1532; x_wconf 88' lang='lat' dir='ltr'><em>G.</em></span> <span class='ocrx_word' id='word_1_141' title='bbox 508 1510 532 1531; x_wconf 91' lang='lat'><em>1.</em></span> <span class='ocrx_word' id='word_1_142' title='bbox 565 1504 616 1532; x_wconf 89' lang='grc'><em>15.</em></span> <span class='ocrx_word' id='word_1_143' title='bbox 640 1500 793 1532; x_wconf 83' lang='lat' dir='ltr'><em>‘Hostes</em></span> 
     </span>
     <span class='ocr_line' id='line_1_27' title="bbox 92 1551 793 1594; baseline 0 -12"><span class='ocrx_word' id='word_1_144' title='bbox 92 1551 253 1583; x_wconf 84' lang='lat' dir='ltr'><em>audacius</em></span> <span class='ocrx_word' id='word_1_145' title='bbox 301 1552 500 1590; x_wconf 79' lang='lat' dir='ltr'><em>subsistere,</em></span> <span class='ocrx_word' id='word_1_146' title='bbox 541 1561 793 1594; x_wconf 85' lang='lat' dir='ltr'><em>nonnumquam</em></span> 
     </span>
     <span class='ocr_line' id='line_1_28' title="bbox 91 1601 793 1643; baseline 0 -10"><span class='ocrx_word' id='word_1_147' title='bbox 91 1602 192 1633; x_wconf 84' lang='lat' dir='ltr'><em>etiam</em></span> <span class='ocrx_word' id='word_1_148' title='bbox 209 1606 340 1634; x_wconf 81' lang='lat' dir='ltr'><em>nostros</em></span> <span class='ocrx_word' id='word_1_149' title='bbox 357 1601 477 1641; x_wconf 78' lang='lat' dir='ltr'><em>proelio</em></span> <span class='ocrx_word' id='word_1_150' title='bbox 494 1603 659 1633; x_wconf 83' lang='lat' dir='ltr'><em>lacessere</em></span> <span class='ocrx_word' id='word_1_151' title='bbox 683 1612 793 1643; x_wconf 80' lang='lat' dir='ltr'><em>coepe-</em></span> 
     </span>
     <span class='ocr_line' id='line_1_29' title="bbox 92 1651 793 1683; baseline 0.001 -1"><span class='ocrx_word' id='word_1_152' title='bbox 92 1651 192 1683; x_wconf 87' lang='lat' dir='ltr'><em>runt.‘</em></span> <span class='ocrx_word' id='word_1_153' title='bbox 237 1651 337 1682; x_wconf 80' lang='lat' dir='ltr'><em>Adde</em></span> <span class='ocrx_word' id='word_1_154' title='bbox 354 1651 395 1682; x_wconf 88' lang='lat' dir='ltr'><em>ad</em></span> <span class='ocrx_word' id='word_1_155' title='bbox 411 1661 446 1681; x_wconf 78' lang='lat' dir='ltr'><em>v.</em></span> <span class='ocrx_word' id='word_1_156' title='bbox 467 1654 519 1682; x_wconf 89' lang='lat' dir='ltr'><em>lo.</em></span> <span class='ocrx_word' id='word_1_157' title='bbox 531 1653 540 1669; x_wconf 82' lang='lat'>‘</span> <span class='ocrx_word' id='word_1_158' title='bbox 556 1651 699 1683; x_wconf 81' lang='lat' dir='ltr'><em>Ancorae</em></span> <span class='ocrx_word' id='word_1_159' title='bbox 718 1652 793 1683; x_wconf 88' lang='lat' dir='ltr'><em>sub-</em></span> 
     </span>
     <span class='ocr_line' id='line_1_30' title="bbox 92 1701 792 1740; baseline 0.003 -9"><span class='ocrx_word' id='word_1_160' title='bbox 92 1701 274 1732; x_wconf 68' lang='lat' dir='ltr'><em>sisterent!</em></span> <span class='ocrx_word' id='word_1_161' title='bbox 312 1701 467 1732; x_wconf 83' lang='lat' dir='ltr'><em>Mutasse</em></span> <span class='ocrx_word' id='word_1_162' title='bbox 480 1701 651 1740; x_wconf 89' lang='lat' dir='ltr'><em>videntur,</em></span> <span class='ocrx_word' id='word_1_163' title='bbox 667 1711 708 1733; x_wconf 87' lang='lat' dir='ltr'><em>ne</em></span> <span class='ocrx_word' id='word_1_164' title='bbox 727 1701 792 1733; x_wconf 91' lang='lat' dir='ltr'><em>duo</em></span> 
     </span>
     <span class='ocr_line' id='line_1_31' title="bbox 93 1749 663 1791; baseline 0.004 -11"><span class='ocrx_word' id='word_1_165' title='bbox 93 1749 278 1790; x_wconf 85' lang='lat' dir='ltr'><em>participia</em></span> <span class='ocrx_word' id='word_1_166' title='bbox 293 1750 414 1781; x_wconf 80' lang='lat' dir='ltr'><em>similia</em></span> <span class='ocrx_word' id='word_1_167' title='bbox 426 1751 663 1791; x_wconf 79' lang='lat' dir='ltr'><em>jungerentur.</em></span> 
     </span>
    </p>

    <p class='ocr_par' dir='ltr' id='par_1_4' title="bbox 91 1800 796 2689">
     <span class='ocr_line' id='line_1_32' title="bbox 137 1800 792 1840; baseline 0.002 -9"><span class='ocrx_word' id='word_1_168' title='bbox 137 1802 176 1831; x_wconf 84' lang='lat'><em>12</em></span> <span class='ocrx_word' id='word_1_169' title='bbox 205 1800 246 1830; x_wconf 79' lang='lat' dir='ltr'><em>Et</em></span> <span class='ocrx_word' id='word_1_170' title='bbox 276 1800 447 1839; x_wconf 66' lang='lat' dir='ltr'><em>cupiditate</em></span> <span class='ocrx_word' id='word_1_171' title='bbox 477 1801 620 1840; x_wconf 80' lang='lat' dir='ltr'><em>celerius]</em></span> <span class='ocrx_word' id='word_1_172' title='bbox 663 1800 792 1832; x_wconf 82' lang='lat' dir='ltr'><em>Ultima</em></span> 
     </span>
     <span class='ocr_line' id='line_1_33' title="bbox 93 1850 794 1882; baseline 0.001 -1"><span class='ocrx_word' id='word_1_173' title='bbox 93 1860 159 1882; x_wconf 86' lang='lat' dir='ltr'><em>vox</em></span> <span class='ocrx_word' id='word_1_174' title='bbox 182 1850 278 1881; x_wconf 83' lang='lat' dir='ltr'><em>abest</em></span> <span class='ocrx_word' id='word_1_175' title='bbox 295 1860 314 1880; x_wconf 88' lang='lat' dir='ltr'><em>a</em></span> <span class='ocrx_word' id='word_1_176' title='bbox 331 1850 414 1881; x_wconf 85' lang='lat' dir='ltr'><em>Mss.</em></span> <span class='ocrx_word' id='word_1_177' title='bbox 441 1850 561 1881; x_wconf 87' lang='lat' dir='ltr'><em>Brant.</em></span> <span class='ocrx_word' id='word_1_178' title='bbox 587 1850 728 1882; x_wconf 84' lang='lat' dir='ltr'><em>Norvic.</em></span> <span class='ocrx_word' id='word_1_179' title='bbox 757 1856 794 1882; x_wconf 89' lang='lat' dir='ltr'><em>et</em></span> 
     </span>
     <span class='ocr_line' id='line_1_34' title="bbox 92 1899 792 1932; baseline 0 0"><span class='ocrx_word' id='word_1_180' title='bbox 92 1899 193 1932; x_wconf 87' lang='lat' dir='ltr'><em>editt.</em></span> <span class='ocrx_word' id='word_1_181' title='bbox 212 1900 310 1931; x_wconf 88' lang='lat' dir='ltr'><em>Rom.</em></span> <span class='ocrx_word' id='word_1_182' title='bbox 327 1901 414 1931; x_wconf 77' lang='lat' dir='ltr'><em>Ven.</em></span> <span class='ocrx_word' id='word_1_183' title='bbox 439 1900 597 1932; x_wconf 84' lang='lat' dir='ltr'><em>Beroald.</em></span> <span class='ocrx_word' id='word_1_184' title='bbox 611 1909 675 1932; x_wconf 89' lang='lat' dir='ltr'><em>nec</em></span> <span class='ocrx_word' id='word_1_185' title='bbox 689 1901 792 1932; x_wconf 89' lang='lat' dir='ltr'><em>ullam</em></span> 
     </span>
     <span class='ocr_line' id='line_1_35' title="bbox 92 1949 792 1991; baseline 0 -10"><span class='ocrx_word' id='word_1_186' title='bbox 92 1949 224 1990; x_wconf 83' lang='lat' dir='ltr'><em>patitur</em></span> <span class='ocrx_word' id='word_1_187' title='bbox 244 1949 417 1990; x_wconf 88' lang='lat' dir='ltr'><em>jacturam</em></span> <span class='ocrx_word' id='word_1_188' title='bbox 440 1950 623 1989; x_wconf 89' lang='lat' dir='ltr'><em>sententia,</em></span> <span class='ocrx_word' id='word_1_189' title='bbox 658 1950 792 1991; x_wconf 81' lang='lat' dir='ltr'><em>equites</em></span> 
     </span>
     <span class='ocr_line' id='line_1_36' title="bbox 92 1998 792 2039; baseline -0.001 -8"><span class='ocrx_word' id='word_1_190' title='bbox 92 1999 180 2031; x_wconf 82' lang='lat' dir='ltr'><em>enim</em></span> <span class='ocrx_word' id='word_1_191' title='bbox 211 1999 354 2031; x_wconf 89' lang='lat' dir='ltr'><em>Romani</em></span> <span class='ocrx_word' id='word_1_192' title='bbox 385 1998 457 2030; x_wconf 82' lang='lat' dir='ltr'><em>sine</em></span> <span class='ocrx_word' id='word_1_193' title='bbox 483 1999 636 2039; x_wconf 85' lang='lat' dir='ltr'><em>peditum</em></span> <span class='ocrx_word' id='word_1_194' title='bbox 667 2000 792 2030; x_wconf 81' lang='lat' dir='ltr'><em>auxilio</em></span> 
     </span>
     <span class='ocr_line' id='line_1_37' title="bbox 95 2048 792 2090; baseline -0.001 -9"><span class='ocrx_word' id='word_1_195' title='bbox 95 2050 251 2090; x_wconf 85' lang='lat' dir='ltr'><em>proelium</em></span> <span class='ocrx_word' id='word_1_196' title='bbox 287 2048 455 2080; x_wconf 86' lang='lat' dir='ltr'><em>conficere</em></span> <span class='ocrx_word' id='word_1_197' title='bbox 486 2050 677 2080; x_wconf 86' lang='lat' dir='ltr'><em>voluerunt.</em></span> <span class='ocrx_word' id='word_1_198' title='bbox 737 2048 792 2080; x_wconf 90' lang='lat' dir='ltr'><em>Ad</em></span> 
     </span>
     <span class='ocr_line' id='line_1_38' title="bbox 91 2098 791 2138; baseline 0.001 -9"><span class='ocrx_word' id='word_1_199' title='bbox 91 2099 156 2130; x_wconf 87' lang='lat' dir='ltr'><em>hoc</em></span> <span class='ocrx_word' id='word_1_200' title='bbox 192 2104 306 2129; x_wconf 86' lang='lat' dir='ltr'><em>tamen</em></span> <span class='ocrx_word' id='word_1_201' title='bbox 348 2098 576 2138; x_wconf 61' lang='lat' dir='ltr'><em>praestandum</em></span> <span class='ocrx_word' id='word_1_202' title='bbox 613 2098 791 2130; x_wconf 85' lang='lat' dir='ltr'><em>celeritate</em></span> 
     </span>
     <span class='ocr_line' id='line_1_39' title="bbox 92 2147 791 2189; baseline 0.001 -11"><span class='ocrx_word' id='word_1_203' title='bbox 92 2147 159 2178; x_wconf 83' lang='lat' dir='ltr'><em>fuit</em></span> <span class='ocrx_word' id='word_1_204' title='bbox 172 2156 267 2188; x_wconf 87' lang='lat' dir='ltr'><em>opus,</em></span> <span class='ocrx_word' id='word_1_205' title='bbox 278 2147 358 2188; x_wconf 85' lang='lat' dir='ltr'><em>quia</em></span> <span class='ocrx_word' id='word_1_206' title='bbox 373 2147 600 2187; x_wconf 83' lang='lat' dir='ltr'><em>sequebantur</em></span> <span class='ocrx_word' id='word_1_207' title='bbox 615 2148 768 2189; x_wconf 81' lang='lat' dir='ltr'><em>legiones</em></span> <span class='ocrx_word' id='word_1_208' title='bbox 783 2158 791 2186; x_wconf 85' lang='lat'><strong>;</strong></span> 
     </span>
     <span class='ocr_line' id='line_1_40' title="bbox 93 2197 793 2238; baseline 0.001 -11"><span class='ocrx_word' id='word_1_209' title='bbox 93 2197 170 2228; x_wconf 84' lang='lat' dir='ltr'><em>ideo</em></span> <span class='ocrx_word' id='word_1_210' title='bbox 187 2198 280 2227; x_wconf 77' lang='lat' dir='ltr'><em>salva</em></span> <span class='ocrx_word' id='word_1_211' title='bbox 292 2201 427 2228; x_wconf 75' lang='lat' dir='ltr'><em>maneat</em></span> <span class='ocrx_word' id='word_1_212' title='bbox 443 2202 583 2236; x_wconf 85' lang='lat' dir='ltr'><em>recepta</em></span> <span class='ocrx_word' id='word_1_213' title='bbox 597 2197 712 2237; x_wconf 83' lang='lat' dir='ltr'><em>lectio,</em></span> <span class='ocrx_word' id='word_1_214' title='bbox 731 2207 793 2238; x_wconf 87' lang='lat' dir='ltr'><em>per</em></span> 
     </span>
     <span class='ocr_line' id='line_1_41' title="bbox 93 2246 791 2287; baseline -0.001 -9"><span class='ocrx_word' id='word_1_215' title='bbox 93 2256 146 2278; x_wconf 85' lang='lat' dir='ltr'><em>me</em></span> <span class='ocrx_word' id='word_1_216' title='bbox 163 2247 254 2278; x_wconf 87' lang='lat' dir='ltr'><em>licet.</em></span> <span class='ocrx_word' id='word_1_217' title='bbox 279 2247 390 2278; x_wconf 70' lang='lat' dir='ltr'><em>Ducis.</em></span> <span class='ocrx_word' id='word_1_218' title='bbox 437 2246 562 2286; x_wconf 87' lang='lat' dir='ltr'><em>Neque</em></span> <span class='ocrx_word' id='word_1_219' title='bbox 579 2255 642 2287; x_wconf 80' lang='lat' dir='ltr'><em>ego</em></span> <span class='ocrx_word' id='word_1_220' title='bbox 657 2246 791 2277; x_wconf 81' lang='lat' dir='ltr'><em>damua-</em></span> 
     </span>
     <span class='ocr_line' id='line_1_42' title="bbox 94 2295 792 2328; baseline 0.001 -1"><span class='ocrx_word' id='word_1_221' title='bbox 94 2306 166 2328; x_wconf 87' lang='lat' dir='ltr'><em>rem</em></span> <span class='ocrx_word' id='word_1_222' title='bbox 192 2296 337 2327; x_wconf 78' lang='lat' dir='ltr'><em>celerius:</em></span> <span class='ocrx_word' id='word_1_223' title='bbox 372 2296 399 2327; x_wconf 87' lang='lat' dir='ltr'><em>si</em></span> <span class='ocrx_word' id='word_1_224' title='bbox 430 2295 632 2327; x_wconf 83' lang='lat' dir='ltr'><em>addicerent</em></span> <span class='ocrx_word' id='word_1_225' title='bbox 664 2296 697 2327; x_wconf 91' lang='lat' dir='ltr'><em>id</em></span> <span class='ocrx_word' id='word_1_226' title='bbox 726 2297 792 2328; x_wconf 86' lang='lat' dir='ltr'><em>mci</em></span> 
     </span>
     <span class='ocr_line' id='line_1_43' title="bbox 95 2345 792 2378; baseline 0.001 -1"><span class='ocrx_word' id='word_1_227' title='bbox 95 2346 181 2377; x_wconf 88' lang='lat' dir='ltr'><em>Mss.</em></span> <span class='ocrx_word' id='word_1_228' title='bbox 199 2352 258 2377; x_wconf 88' lang='lat' dir='ltr'><em>aut</em></span> <span class='ocrx_word' id='word_1_229' title='bbox 280 2347 377 2377; x_wconf 71' lang='lat' dir='ltr'><em>Vctt.</em></span> <span class='ocrx_word' id='word_1_230' title='bbox 396 2345 484 2377; x_wconf 88' lang='lat' dir='ltr'><em>Edd.</em></span> <span class='ocrx_word' id='word_1_231' title='bbox 529 2345 578 2377; x_wconf 82' lang='lat' dir='ltr'><em>At</em></span> <span class='ocrx_word' id='word_1_232' title='bbox 609 2356 629 2377; x_wconf 87' lang='lat' dir='ltr'>a</span> <span class='ocrx_word' id='word_1_233' title='bbox 659 2347 792 2378; x_wconf 88' lang='lat' dir='ltr'><em>cunctis</em></span> 
     </span>
     <span class='ocr_line' id='line_1_44' title="bbox 92 2396 794 2436; baseline 0.004 -10"><span class='ocrx_word' id='word_1_234' title='bbox 92 2400 162 2427; x_wconf 86' lang='lat' dir='ltr'><em>tam</em></span> <span class='ocrx_word' id='word_1_235' title='bbox 184 2396 338 2435; x_wconf 85' lang='lat' dir='ltr'><em>aliorum,</em></span> <span class='ocrx_word' id='word_1_236' title='bbox 364 2405 463 2436; x_wconf 89' lang='lat' dir='ltr'><em>quam</em></span> <span class='ocrx_word' id='word_1_237' title='bbox 493 2396 576 2427; x_wconf 89' lang='lat' dir='ltr'><em>meis</em></span> <span class='ocrx_word' id='word_1_238' title='bbox 598 2402 794 2429; x_wconf 79' lang='lat' dir='ltr'><em>constanter</em></span> 
     </span>
     <span class='ocr_line' id='line_1_45' title="bbox 93 2446 793 2488; baseline 0.004 -11"><span class='ocrx_word' id='word_1_239' title='bbox 93 2455 135 2477; x_wconf 89' lang='lat' dir='ltr'><em>ea</em></span> <span class='ocrx_word' id='word_1_240' title='bbox 151 2456 215 2478; x_wconf 84' lang='lat' dir='ltr'><em>vox</em></span> <span class='ocrx_word' id='word_1_241' title='bbox 231 2446 341 2485; x_wconf 88' lang='lat' dir='ltr'><em>abest,</em></span> <span class='ocrx_word' id='word_1_242' title='bbox 353 2456 415 2477; x_wconf 86' lang='lat' dir='ltr'><em>nec</em></span> <span class='ocrx_word' id='word_1_243' title='bbox 429 2446 462 2476; x_wconf 91' lang='lat' dir='ltr'><em>iu</em></span> <span class='ocrx_word' id='word_1_244' title='bbox 473 2446 560 2477; x_wconf 89' lang='lat' dir='ltr'><em>Edd.</em></span> <span class='ocrx_word' id='word_1_245' title='bbox 575 2450 654 2478; x_wconf 84' lang='lat' dir='ltr'><em>ante</em></span> <span class='ocrx_word' id='word_1_246' title='bbox 669 2447 793 2488; x_wconf 85' lang='lat' dir='ltr'><em>Scalig.</em></span> 
     </span>
     <span class='ocr_line' id='line_1_46' title="bbox 93 2497 794 2539; baseline 0.001 -11"><span class='ocrx_word' id='word_1_247' title='bbox 93 2498 148 2529; x_wconf 82' lang='lat' dir='ltr'><em>vel</em></span> <span class='ocrx_word' id='word_1_248' title='bbox 166 2497 359 2539; x_wconf 86' lang='lat' dir='ltr'><em>Lipsianam</em></span> <span class='ocrx_word' id='word_1_249' title='bbox 381 2497 463 2536; x_wconf 80' lang='lat' dir='ltr'><em>vidi,</em></span> <span class='ocrx_word' id='word_1_250' title='bbox 487 2502 613 2538; x_wconf 82' lang='lat' dir='ltr'><em>praeter</em></span> <span class='ocrx_word' id='word_1_251' title='bbox 636 2508 733 2539; x_wconf 88' lang='lat' dir='ltr'><em>quam</em></span> <span class='ocrx_word' id='word_1_252' title='bbox 759 2499 794 2530; x_wconf 88' lang='lat' dir='ltr'><em>in</em></span> 
     </span>
     <span class='ocr_line' id='line_1_47' title="bbox 94 2547 796 2588; baseline 0.004 -11"><span class='ocrx_word' id='word_1_253' title='bbox 94 2548 234 2579; x_wconf 69' lang='lat' dir='ltr'><em>Vascos.</em></span> <span class='ocrx_word' id='word_1_254' title='bbox 264 2552 300 2578; x_wconf 87' lang='lat' dir='ltr'><em>et</em></span> <span class='ocrx_word' id='word_1_255' title='bbox 321 2547 475 2578; x_wconf 84' lang='lat' dir='ltr'><em>Stradae:</em></span> <span class='ocrx_word' id='word_1_256' title='bbox 513 2558 615 2588; x_wconf 85' lang='lat' dir='ltr'><em>quare</em></span> <span class='ocrx_word' id='word_1_257' title='bbox 643 2548 796 2588; x_wconf 81' lang='lat' dir='ltr'><em>ablegavi</em></span> 
     </span>
     <span class='ocr_line' id='line_1_48' title="bbox 93 2598 795 2640; baseline 0.003 -12"><span class='ocrx_word' id='word_1_258' title='bbox 93 2599 179 2630; x_wconf 83' lang='lat' dir='ltr'><em>hanc</em></span> <span class='ocrx_word' id='word_1_259' title='bbox 199 2599 352 2630; x_wconf 86' lang='lat' dir='ltr'><em>voculam</em></span> <span class='ocrx_word' id='word_1_260' title='bbox 378 2598 448 2629; x_wconf 88' lang='lat' dir='ltr'><em>sine</em></span> <span class='ocrx_word' id='word_1_261' title='bbox 465 2608 580 2630; x_wconf 87' lang='lat' dir='ltr'><em>sensus</em></span> <span class='ocrx_word' id='word_1_262' title='bbox 607 2599 795 2640; x_wconf 86' lang='lat' dir='ltr'><em>dispendio.</em></span> 
     </span>
     <span class='ocr_line' id='line_1_49' title="bbox 97 2646 673 2689; baseline 0.005 -11"><span class='ocrx_word' id='word_1_263' title='bbox 97 2646 206 2678; x_wconf 82' lang='lat' dir='ltr'><em>Aiunt</em></span> <span class='ocrx_word' id='word_1_264' title='bbox 218 2652 330 2679; x_wconf 84' lang='lat' dir='ltr'><em>tamen</em></span> <span class='ocrx_word' id='word_1_265' title='bbox 347 2648 395 2680; x_wconf 81' lang='lat' dir='ltr'><em>ita</em></span> <span class='ocrx_word' id='word_1_266' title='bbox 410 2649 478 2689; x_wconf 84' lang='lat' dir='ltr'><em>legi</em></span> <span class='ocrx_word' id='word_1_267' title='bbox 492 2649 526 2680; x_wconf 89' lang='lat' dir='ltr'><em>in</em></span> <span class='ocrx_word' id='word_1_268' title='bbox 543 2649 673 2681; x_wconf 83' lang='lat' dir='ltr'><em>Carrar.</em></span> 
     </span>
    </p>

    <p class='ocr_par' dir='ltr' id='par_1_5' title="bbox 98 2697 797 2791">
     <span class='ocr_line' id='line_1_50' title="bbox 141 2697 795 2739; baseline 0.005 -11"><span class='ocrx_word' id='word_1_269' title='bbox 141 2699 181 2728; x_wconf 74' lang='lat'><em>14</em></span> <span class='ocrx_word' id='word_1_270' title='bbox 205 2697 384 2737; x_wconf 83' lang='lat' dir='ltr'><em>Credentes,</em></span> <span class='ocrx_word' id='word_1_271' title='bbox 397 2699 464 2739; x_wconf 55' lang='lat' dir='ltr'><em>esc]</em></span> <span class='ocrx_word' id='word_1_272' title='bbox 503 2699 591 2731; x_wconf 88' lang='lat' dir='ltr'><em>Haec</em></span> <span class='ocrx_word' id='word_1_273' title='bbox 615 2708 683 2730; x_wconf 81' lang='lat' dir='ltr'><em>vox</em></span> <span class='ocrx_word' id='word_1_274' title='bbox 699 2700 795 2732; x_wconf 75' lang='lat' dir='ltr'><em>abest</em></span> 
     </span>
     <span class='ocr_line' id='line_1_51' title="bbox 98 2746 797 2791; baseline 0.006 -14"><span class='ocrx_word' id='word_1_275' title='bbox 98 2756 118 2778; x_wconf 82' lang='lat' dir='ltr'><em>a</em></span> <span class='ocrx_word' id='word_1_276' title='bbox 130 2746 238 2787; x_wconf 84' lang='lat' dir='ltr'><em>Bong.</em></span> <span class='ocrx_word' id='word_1_277' title='bbox 256 2756 307 2788; x_wconf 83' lang='lat' dir='ltr'><em>pr.</em></span> <span class='ocrx_word' id='word_1_278' title='bbox 320 2747 354 2779; x_wconf 89' lang='lat' dir='ltr'><em>in</em></span> <span class='ocrx_word' id='word_1_279' title='bbox 372 2757 436 2790; x_wconf 90' lang='lat' dir='ltr'><em>quo</em></span> <span class='ocrx_word' id='word_1_280' title='bbox 452 2758 529 2781; x_wconf 83' lang='lat' dir='ltr'><em>mox</em></span> <span class='ocrx_word' id='word_1_281' title='bbox 551 2759 614 2791; x_wconf 81' lang='lat' dir='ltr'><em>pro</em></span> <span class='ocrx_word' id='word_1_282' title='bbox 635 2750 721 2781; x_wconf 83' lang='lat' dir='ltr'><em>nacti</em></span> <span class='ocrx_word' id='word_1_283' title='bbox 745 2755 797 2781; x_wconf 85' lang='lat' dir='ltr'><em>est</em></span> 
     </span>
    </p>
   </div>
   <div class='ocr_carea' id='block_1_3' title="bbox 1430 202 1538 245">
    <p class='ocr_par' dir='ltr' id='par_1_6' title="bbox 1430 202 1538 245">
     <span class='ocr_line' id='line_1_52' title="bbox 1430 202 1538 245; baseline 0.028 -3"><span class='ocrx_word' id='word_1_284' title='bbox 1430 202 1538 245; x_wconf 77' lang='lat'>1301</span> 
     </span>
    </p>
   </div>
   <div class='ocr_carea' id='block_1_4' title="bbox 841 304 1552 2792">
    <p class='ocr_par' dir='ltr' id='par_1_7' title="bbox 844 304 1543 542">
     <span class='ocr_line' id='line_1_53' title="bbox 845 304 1540 344; baseline 0.004 -11"><span class='ocrx_word' id='word_1_285' title='bbox 845 304 911 334; x_wconf 81' lang='lat' dir='ltr'><em>nuti</em></span> <span class='ocrx_word' id='word_1_286' title='bbox 929 314 947 334; x_wconf 80' lang='lat' dir='ltr'><strong>a</strong></span> <span class='ocrx_word' id='word_1_287' title='bbox 963 315 1004 335; x_wconf 87' lang='lat' dir='ltr'><em>m.</em></span> <span class='ocrx_word' id='word_1_288' title='bbox 1022 314 1071 344; x_wconf 84' lang='lat' dir='ltr'><em>pr.</em></span> <span class='ocrx_word' id='word_1_289' title='bbox 1090 306 1172 336; x_wconf 75' lang='lat' dir='ltr'><em>nocti</em></span> <span class='ocrx_word' id='word_1_290' title='bbox 1190 314 1271 336; x_wconf 75' lang='lat' dir='ltr'><em>vero</em></span> <span class='ocrx_word' id='word_1_291' title='bbox 1289 304 1385 336; x_wconf 86' lang='lat' dir='ltr'><em>deest</em></span> <span class='ocrx_word' id='word_1_292' title='bbox 1398 304 1432 336; x_wconf 86' lang='lat' dir='ltr'><em>in</em></span> <span class='ocrx_word' id='word_1_293' title='bbox 1449 305 1540 336; x_wconf 84' lang='lat' dir='ltr'><em>And.</em></span> 
     </span>
     <span class='ocr_line' id='line_1_54' title="bbox 846 355 1543 396; baseline 0.006 -13"><span class='ocrx_word' id='word_1_294' title='bbox 846 359 881 383; x_wconf 84' lang='lat' dir='ltr'><em>et</em></span> <span class='ocrx_word' id='word_1_295' title='bbox 899 355 1018 385; x_wconf 77' lang='lat' dir='ltr'><em>Petav.</em></span> <span class='ocrx_word' id='word_1_296' title='bbox 1037 357 1093 396; x_wconf 86' lang='lat' dir='ltr'><em>qui</em></span> <span class='ocrx_word' id='word_1_297' title='bbox 1107 355 1166 386; x_wconf 86' lang='lat' dir='ltr'><em>dat</em></span> <span class='ocrx_word' id='word_1_298' title='bbox 1185 356 1342 387; x_wconf 76' lang='lat' dir='ltr'><em>occasione</em></span> <span class='ocrx_word' id='word_1_299' title='bbox 1363 355 1543 387; x_wconf 81' lang='lat' dir='ltr'><em>utebantur.</em></span> 
     </span>
     <span class='ocr_line' id='line_1_55' title="bbox 845 403 1543 446; baseline 0.009 -14"><span class='ocrx_word' id='word_1_300' title='bbox 845 403 944 434; x_wconf 82' lang='lat' dir='ltr'><em>Unde</em></span> <span class='ocrx_word' id='word_1_301' title='bbox 962 414 1028 434; x_wconf 89' lang='lat' dir='ltr'><em>non</em></span> <span class='ocrx_word' id='word_1_302' title='bbox 1045 405 1219 446; x_wconf 84' lang='lat' dir='ltr'><em>displicuit</em></span> <span class='ocrx_word' id='word_1_303' title='bbox 1233 407 1380 437; x_wconf 80' lang='lat' dir='ltr'><em>Grulero</em></span> <span class='ocrx_word' id='word_1_304' title='bbox 1390 407 1468 438; x_wconf 89' lang='lat' dir='ltr'><em>olim</em></span> <span class='ocrx_word' id='word_1_305' title='bbox 1482 418 1543 438; x_wconf 85' lang='lat' dir='ltr'><em>occ.</em></span> 
     </span>
     <span class='ocr_line' id='line_1_56' title="bbox 844 453 1542 494; baseline 0.009 -12"><span class='ocrx_word' id='word_1_306' title='bbox 844 453 985 491; x_wconf 63' lang='lat' dir='ltr'><em>rati‚&amp;c.</em></span> <span class='ocrx_word' id='word_1_307' title='bbox 1010 454 1070 484; x_wconf 74' lang='lat' dir='ltr'><em>del.</em></span> <span class='ocrx_word' id='word_1_308' title='bbox 1097 465 1142 494; x_wconf 79' lang='lat' dir='ltr'><em>eq.</em></span> <span class='ocrx_word' id='word_1_309' title='bbox 1166 457 1265 486; x_wconf 79' lang='lat' dir='ltr'><em>nostri</em></span> <span class='ocrx_word' id='word_1_310' title='bbox 1288 458 1443 487; x_wconf 79' lang='lat' dir='ltr'><em>occasione</em></span> <span class='ocrx_word' id='word_1_311' title='bbox 1462 457 1542 489; x_wconf 85' lang='lat' dir='ltr'><em>uteb.</em></span> 
     </span>
     <span class='ocr_line' id='line_1_57' title="bbox 845 502 1265 542; baseline 0.01 -10"><span class='ocrx_word' id='word_1_312' title='bbox 845 502 904 533; x_wconf 88' lang='lat' dir='ltr'><em>Nil</em></span> <span class='ocrx_word' id='word_1_313' title='bbox 918 512 981 542; x_wconf 80' lang='lat' dir='ltr'><em>ego</em></span> <span class='ocrx_word' id='word_1_314' title='bbox 995 506 1120 535; x_wconf 85' lang='lat' dir='ltr'><em>temere</em></span> <span class='ocrx_word' id='word_1_315' title='bbox 1137 514 1265 536; x_wconf 85' lang='lat' dir='ltr'><em>moveo.</em></span> 
     </span>
    </p>

    <p class='ocr_par' dir='ltr' id='par_1_8' title="bbox 842 554 1545 844">
     <span class='ocr_line' id='line_1_58' title="bbox 888 554 1542 596; baseline 0.008 -13"><span class='ocrx_word' id='word_1_316' title='bbox 888 561 994 584; x_wconf 74' lang='lat' dir='ltr'><em>xxix.</em></span> <span class='ocrx_word' id='word_1_317' title='bbox 1019 556 1037 583; x_wconf 79' lang='lat'>3</span> <span class='ocrx_word' id='word_1_318' title='bbox 1067 554 1104 584; x_wconf 86' lang='lat' dir='ltr'><em>In</em></span> <span class='ocrx_word' id='word_1_319' title='bbox 1128 559 1286 595; x_wconf 80' lang='lat' dir='ltr'><em>conspectu</em></span> <span class='ocrx_word' id='word_1_320' title='bbox 1399 556 1542 596; x_wconf 75' lang='lat' dir='ltr'><em>veniunt]</em></span> 
     </span>
     <span class='ocr_line' id='line_1_59' title="bbox 842 602 1545 647; baseline 0.006 -14"><span class='ocrx_word' id='word_1_321' title='bbox 842 602 929 634; x_wconf 89' lang='lat' dir='ltr'><em>Vide</em></span> <span class='ocrx_word' id='word_1_322' title='bbox 947 613 1051 644; x_wconf 87' lang='lat' dir='ltr'><em>supra</em></span> <span class='ocrx_word' id='word_1_323' title='bbox 1063 604 1104 634; x_wconf 87' lang='lat' dir='ltr'><em>ad</em></span> <span class='ocrx_word' id='word_1_324' title='bbox 1119 613 1167 635; x_wconf 83' lang='grc' dir='ltr'><em>ιν.</em></span> <span class='ocrx_word' id='word_1_325' title='bbox 1186 608 1236 636; x_wconf 82' lang='grc'><em>12.</em></span> <span class='ocrx_word' id='word_1_326' title='bbox 1259 607 1367 636; x_wconf 78' lang='lat' dir='ltr'><em>Clark.</em></span> <span class='ocrx_word' id='word_1_327' title='bbox 1394 609 1545 647; x_wconf 81' lang='lat' dir='ltr'><em>Conspec-</em></span> 
     </span>
     <span class='ocr_line' id='line_1_60' title="bbox 845 654 1543 694; baseline 0.007 -11"><span class='ocrx_word' id='word_1_328' title='bbox 845 656 878 684; x_wconf 83' lang='lat' dir='ltr'><em>tu</em></span> <span class='ocrx_word' id='word_1_329' title='bbox 891 657 943 685; x_wconf 81' lang='lat' dir='ltr'><em>est</em></span> <span class='ocrx_word' id='word_1_330' title='bbox 967 654 1101 694; x_wconf 89' lang='lat' dir='ltr'><em>quidem</em></span> <span class='ocrx_word' id='word_1_331' title='bbox 1119 656 1151 685; x_wconf 87' lang='lat' dir='ltr'><em>in</em></span> <span class='ocrx_word' id='word_1_332' title='bbox 1175 656 1261 687; x_wconf 86' lang='lat' dir='ltr'><em>Scal.</em></span> <span class='ocrx_word' id='word_1_333' title='bbox 1285 661 1320 687; x_wconf 79' lang='lat' dir='ltr'><em>ot</em></span> <span class='ocrx_word' id='word_1_334' title='bbox 1341 657 1447 688; x_wconf 86' lang='lat' dir='ltr'><em>tribus</em></span> <span class='ocrx_word' id='word_1_335' title='bbox 1467 658 1543 688; x_wconf 82' lang='lat' dir='ltr'><em>aliis</em></span> 
     </span>
     <span class='ocr_line' id='line_1_61' title="bbox 846 704 1544 748; baseline 0.006 -15"><span class='ocrx_word' id='word_1_336' title='bbox 846 704 1097 737; x_wconf 76' lang='lat' dir='ltr'><em>recentissimis.</em></span> <span class='ocrx_word' id='word_1_337' title='bbox 1133 706 1273 737; x_wconf 87' lang='lat' dir='ltr'><em>Temere</em></span> <span class='ocrx_word' id='word_1_338' title='bbox 1288 711 1400 737; x_wconf 83' lang='lat' dir='ltr'><em>tamen</em></span> <span class='ocrx_word' id='word_1_339' title='bbox 1418 707 1544 748; x_wconf 86' lang='lat' dir='ltr'><em>ubique</em></span> 
     </span>
     <span class='ocr_line' id='line_1_62' title="bbox 844 753 1543 797; baseline 0.006 -14"><span class='ocrx_word' id='word_1_340' title='bbox 844 753 931 785; x_wconf 90' lang='lat' dir='ltr'><em>hunc</em></span> <span class='ocrx_word' id='word_1_341' title='bbox 949 754 1144 786; x_wconf 81' lang='lat' dir='ltr'><em>Ablativum</em></span> <span class='ocrx_word' id='word_1_342' title='bbox 1160 755 1336 787; x_wconf 83' lang='lat' dir='ltr'><em>intrusisse</em></span> <span class='ocrx_word' id='word_1_343' title='bbox 1353 757 1543 797; x_wconf 83' lang='lat' dir='ltr'><em>Clarkium,</em></span> 
     </span>
     <span class='ocr_line' id='line_1_63' title="bbox 843 804 1339 844; baseline 0.008 -11"><span class='ocrx_word' id='word_1_344' title='bbox 843 804 955 835; x_wconf 87' lang='lat' dir='ltr'><em>monui</em></span> <span class='ocrx_word' id='word_1_345' title='bbox 973 804 1108 844; x_wconf 58' lang='lat' dir='ltr'><em>saepius,</em></span> <span class='ocrx_word' id='word_1_346' title='bbox 1123 805 1171 836; x_wconf 88' lang='lat' dir='ltr'><em>uti</em></span> <span class='ocrx_word' id='word_1_347' title='bbox 1189 809 1224 836; x_wconf 89' lang='lat' dir='ltr'><em>et</em></span> <span class='ocrx_word' id='word_1_348' title='bbox 1241 815 1270 837; x_wconf 90' lang='lat' dir='ltr'><em>c.</em></span> <span class='ocrx_word' id='word_1_349' title='bbox 1285 808 1339 837; x_wconf 81' lang='lat'><em>27.</em></span> 
     </span>
    </p>

    <p class='ocr_par' dir='ltr' id='par_1_9' title="bbox 842 855 1548 1644">
     <span class='ocr_line' id='line_1_64' title="bbox 888 855 1542 898; baseline 0.002 -12"><span class='ocrx_word' id='word_1_350' title='bbox 888 858 924 886; x_wconf 92' lang='lat' dir='ltr'><em>ll</em></span> <span class='ocrx_word' id='word_1_351' title='bbox 954 855 1083 886; x_wconf 82' lang='lat' dir='ltr'><em>Tantum</em></span> <span class='ocrx_word' id='word_1_352' title='bbox 1097 866 1129 886; x_wconf 86' lang='lat' dir='ltr'><em>eo</em></span> <span class='ocrx_word' id='word_1_353' title='bbox 1142 857 1250 896; x_wconf 83' lang='lat' dir='ltr'><em>proelio</em></span> <span class='ocrx_word' id='word_1_354' title='bbox 1266 856 1474 898; x_wconf 78' lang='lat' dir='ltr'><em>interficiunt]</em></span> <span class='ocrx_word' id='word_1_355' title='bbox 1502 857 1542 887; x_wconf 89' lang='lat' dir='ltr'><em>In</em></span> 
     </span>
     <span class='ocr_line' id='line_1_65' title="bbox 844 903 1545 947; baseline 0.006 -13"><span class='ocrx_word' id='word_1_356' title='bbox 844 903 1033 936; x_wconf 77' lang='lat' dir='ltr'><em>Petaviano</em></span> <span class='ocrx_word' id='word_1_357' title='bbox 1046 906 1162 937; x_wconf 89' lang='lat' dir='ltr'><em>codice</em></span> <span class='ocrx_word' id='word_1_358' title='bbox 1174 912 1249 937; x_wconf 88' lang='lat' dir='ltr'><em>erat</em></span> <span class='ocrx_word' id='word_1_359' title='bbox 1259 906 1435 947; x_wconf 77' lang='lat' dir='ltr'><em>perficiunt.</em></span> <span class='ocrx_word' id='word_1_360' title='bbox 1456 908 1545 938; x_wconf 85' lang='lat' dir='ltr'><em>Con-</em></span> 
     </span>
     <span class='ocr_line' id='line_1_66' title="bbox 845 955 1544 998; baseline 0.006 -14"><span class='ocrx_word' id='word_1_361' title='bbox 845 957 914 986; x_wconf 84' lang='lat' dir='ltr'><em>stat</em></span> <span class='ocrx_word' id='word_1_362' title='bbox 944 955 1117 986; x_wconf 80' lang='lat' dir='ltr'><em>veteribus</em></span> <span class='ocrx_word' id='word_1_363' title='bbox 1133 956 1242 992; x_wconf 81' lang='lat' dir='ltr'><em>fucere</em></span> <span class='ocrx_word' id='word_1_364' title='bbox 1274 957 1435 997; x_wconf 86' lang='lat' dir='ltr'><em>signasse,</em></span> <span class='ocrx_word' id='word_1_365' title='bbox 1456 957 1544 998; x_wconf 89' lang='lat' dir='ltr'><em>quod</em></span> 
     </span>
     <span class='ocr_line' id='line_1_67' title="bbox 843 1003 1545 1049; baseline 0.009 -16"><span class='ocrx_word' id='word_1_366' title='bbox 843 1003 1027 1045; x_wconf 77' lang='lat' dir='ltr'><em>interficere.</em></span> <span class='ocrx_word' id='word_1_367' title='bbox 1074 1005 1171 1036; x_wconf 82' lang='lat' dir='ltr'><em>Unde</em></span> <span class='ocrx_word' id='word_1_368' title='bbox 1188 1006 1345 1048; x_wconf 80' lang='lat' dir='ltr'><em>conficere,</em></span> <span class='ocrx_word' id='word_1_369' title='bbox 1361 1007 1545 1049; x_wconf 78' lang='lat' dir='ltr'><em>interficere.</em></span> 
     </span>
     <span class='ocr_line' id='line_1_68' title="bbox 844 1053 1546 1096; baseline 0.007 -13"><span class='ocrx_word' id='word_1_370' title='bbox 844 1053 1000 1094; x_wconf 81' lang='lat' dir='ltr'><em>Perficere</em></span> <span class='ocrx_word' id='word_1_371' title='bbox 1027 1059 1139 1085; x_wconf 87' lang='lat' dir='ltr'><em>tamen</em></span> <span class='ocrx_word' id='word_1_372' title='bbox 1166 1065 1206 1086; x_wconf 79' lang='lat' dir='ltr'><em>eo</em></span> <span class='ocrx_word' id='word_1_373' title='bbox 1238 1056 1429 1096; x_wconf 85' lang='lat' dir='ltr'><em>significatu</em></span> <span class='ocrx_word' id='word_1_374' title='bbox 1457 1057 1546 1088; x_wconf 84' lang='lat' dir='ltr'><em>haud</em></span> 
     </span>
     <span class='ocr_line' id='line_1_69' title="bbox 843 1103 1547 1147; baseline 0.006 -14"><span class='ocrx_word' id='word_1_375' title='bbox 843 1103 921 1143; x_wconf 83' lang='lat' dir='ltr'><em>legi.</em></span> <span class='ocrx_word' id='word_1_376' title='bbox 980 1104 1117 1145; x_wconf 83' lang='lat' dir='ltr'><em>Alioqui</em></span> <span class='ocrx_word' id='word_1_377' title='bbox 1147 1107 1233 1136; x_wconf 88' lang='lat' dir='ltr'><em>solet</em></span> <span class='ocrx_word' id='word_1_378' title='bbox 1276 1107 1348 1138; x_wconf 78' lang='lat' dir='ltr'><em>haec</em></span> <span class='ocrx_word' id='word_1_379' title='bbox 1378 1107 1547 1147; x_wconf 78' lang='lat' dir='ltr'><em>particula</em></span> 
     </span>
     <span class='ocr_line' id='line_1_70' title="bbox 844 1154 1544 1195; baseline 0.006 -13"><span class='ocrx_word' id='word_1_380' title='bbox 844 1162 935 1192; x_wconf 85' lang='lat' dir='ltr'><em>saepe</em></span> <span class='ocrx_word' id='word_1_381' title='bbox 962 1154 1113 1193; x_wconf 85' lang='lat' dir='ltr'><em>praeponi</em></span> <span class='ocrx_word' id='word_1_382' title='bbox 1139 1155 1277 1186; x_wconf 87' lang='lat' dir='ltr'><em>vocibus</em></span> <span class='ocrx_word' id='word_1_383' title='bbox 1306 1156 1364 1186; x_wconf 84' lang='lat' dir='ltr'><em>tali</em></span> <span class='ocrx_word' id='word_1_384' title='bbox 1392 1155 1544 1195; x_wconf 88' lang='lat' dir='ltr'><em>notione,</em></span> 
     </span>
     <span class='ocr_line' id='line_1_71' title="bbox 844 1203 1546 1243; baseline 0.006 -11"><span class='ocrx_word' id='word_1_385' title='bbox 844 1208 880 1232; x_wconf 87' lang='lat' dir='ltr'><em>ut</em></span> <span class='ocrx_word' id='word_1_386' title='bbox 895 1211 971 1233; x_wconf 89' lang='lat' dir='ltr'><em>cum</em></span> <span class='ocrx_word' id='word_1_387' title='bbox 984 1203 1137 1243; x_wconf 81' lang='lat' dir='ltr'><em>perimere</em></span> <span class='ocrx_word' id='word_1_388' title='bbox 1154 1203 1285 1234; x_wconf 87' lang='lat' dir='ltr'><em>dicunt.</em></span> <span class='ocrx_word' id='word_1_389' title='bbox 1314 1204 1448 1236; x_wconf 71' lang='lat' dir='ltr'><em>Vossius.</em></span> <span class='ocrx_word' id='word_1_390' title='bbox 1496 1204 1546 1236; x_wconf 84' lang='lat' dir='ltr'><em>At</em></span> 
     </span>
     <span class='ocr_line' id='line_1_72' title="bbox 845 1251 1545 1295; baseline 0.007 -14"><span class='ocrx_word' id='word_1_391' title='bbox 845 1251 1026 1291; x_wconf 82' lang='lat' dir='ltr'><em>Gruterus,</em></span> <span class='ocrx_word' id='word_1_392' title='bbox 1060 1263 1078 1283; x_wconf 93' lang='lat' dir='ltr'><em>e</em></span> <span class='ocrx_word' id='word_1_393' title='bbox 1108 1254 1206 1294; x_wconf 85' lang='lat' dir='ltr'><em>cujus</em></span> <span class='ocrx_word' id='word_1_394' title='bbox 1235 1255 1406 1295; x_wconf 80' lang='lat' dir='ltr'><em>excerptis</em></span> <span class='ocrx_word' id='word_1_395' title='bbox 1435 1255 1545 1286; x_wconf 85' lang='lat' dir='ltr'><em>varias</em></span> 
     </span>
     <span class='ocr_line' id='line_1_73' title="bbox 844 1300 1544 1343; baseline 0.007 -13"><span class='ocrx_word' id='word_1_396' title='bbox 844 1300 1011 1332; x_wconf 88' lang='lat' dir='ltr'><em>lectiones</em></span> <span class='ocrx_word' id='word_1_397' title='bbox 1043 1302 1160 1333; x_wconf 78' lang='lat' dir='ltr'><em>habuit</em></span> <span class='ocrx_word' id='word_1_398' title='bbox 1195 1303 1345 1343; x_wconf 81' lang='lat' dir='ltr'><em>Vossius,</em></span> <span class='ocrx_word' id='word_1_399' title='bbox 1372 1304 1544 1335; x_wconf 83' lang='lat' dir='ltr'><em>memoriae</em></span> 
     </span>
     <span class='ocr_line' id='line_1_74' title="bbox 845 1349 1548 1394; baseline 0.007 -15"><span class='ocrx_word' id='word_1_400' title='bbox 845 1349 996 1389; x_wconf 89' lang='lat' dir='ltr'><em>reliquit,</em></span> <span class='ocrx_word' id='word_1_401' title='bbox 1013 1350 1045 1380; x_wconf 87' lang='lat' dir='ltr'><em>in</em></span> <span class='ocrx_word' id='word_1_402' title='bbox 1064 1352 1250 1382; x_wconf 83' lang='lat' dir='ltr'><em>Petaviano</em></span> <span class='ocrx_word' id='word_1_403' title='bbox 1265 1362 1338 1383; x_wconf 83' lang='lat' dir='ltr'><em>esse</em></span> <span class='ocrx_word' id='word_1_404' title='bbox 1356 1354 1524 1394; x_wconf 76' lang='lat' dir='ltr'><em>proficiunt</em></span> <span class='ocrx_word' id='word_1_405' title='bbox 1538 1364 1548 1383; x_wconf 85' lang='grc'><em>.-</em></span> 
     </span>
     <span class='ocr_line' id='line_1_75' title="bbox 847 1399 1547 1442; baseline 0.006 -13"><span class='ocrx_word' id='word_1_406' title='bbox 847 1399 936 1440; x_wconf 88' lang='lat' dir='ltr'><em>quod</em></span> <span class='ocrx_word' id='word_1_407' title='bbox 954 1399 1043 1431; x_wconf 88' lang='lat' dir='ltr'><em>idem</em></span> <span class='ocrx_word' id='word_1_408' title='bbox 1059 1401 1181 1440; x_wconf 78' lang='lat' dir='ltr'><em>probat</em></span> <span class='ocrx_word' id='word_1_409' title='bbox 1196 1413 1202 1431; x_wconf 93' lang='lat'>:</span> <span class='ocrx_word' id='word_1_410' title='bbox 1229 1402 1306 1442; x_wconf 87' lang='lat' dir='ltr'><em>quia</em></span> <span class='ocrx_word' id='word_1_411' title='bbox 1324 1403 1478 1442; x_wconf 79' lang='lat' dir='ltr'><em>sequitur</em></span> <span class='ocrx_word' id='word_1_412' title='bbox 1502 1403 1547 1442; x_wconf 77' lang='lat' dir='ltr'><em>in-</em></span> 
     </span>
     <span class='ocr_line' id='line_1_76' title="bbox 844 1448 1548 1493; baseline 0.007 -14"><span class='ocrx_word' id='word_1_413' title='bbox 844 1448 992 1487; x_wconf 64' lang='lat' dir='ltr'><em>terjl&#39;ectis.</em></span> <span class='ocrx_word' id='word_1_414' title='bbox 1036 1449 1085 1481; x_wconf 84' lang='lat' dir='ltr'><em>At</em></span> <span class='ocrx_word' id='word_1_415' title='bbox 1107 1451 1178 1482; x_wconf 75' lang='lat' dir='ltr'><em>haec</em></span> <span class='ocrx_word' id='word_1_416' title='bbox 1202 1452 1288 1482; x_wconf 85' lang='lat' dir='ltr'><em>ratio</em></span> <span class='ocrx_word' id='word_1_417' title='bbox 1316 1463 1432 1493; x_wconf 83' lang='lat' dir='ltr'><em>parum</em></span> <span class='ocrx_word' id='word_1_418' title='bbox 1457 1453 1548 1484; x_wconf 88' lang='lat' dir='ltr'><em>valet</em></span> 
     </span>
     <span class='ocr_line' id='line_1_77' title="bbox 844 1499 1547 1535; baseline 0.007 -5"><span class='ocrx_word' id='word_1_419' title='bbox 844 1499 878 1530; x_wconf 88' lang='lat' dir='ltr'><em>in</em></span> <span class='ocrx_word' id='word_1_420' title='bbox 906 1499 1043 1531; x_wconf 79' lang='lat' dir='ltr'><em>Caesare</em></span> <span class='ocrx_word' id='word_1_421' title='bbox 1065 1506 1102 1532; x_wconf 88' lang='lat' dir='ltr'><em>et</em></span> <span class='ocrx_word' id='word_1_422' title='bbox 1130 1501 1244 1533; x_wconf 85' lang='lat' dir='ltr'><em>Hirtio</em></span> <span class='ocrx_word' id='word_1_423' title='bbox 1272 1508 1390 1534; x_wconf 74' lang='lat' dir='ltr'><em>contra</em></span> <span class='ocrx_word' id='word_1_424' title='bbox 1416 1509 1547 1535; x_wconf 83' lang='lat' dir='ltr'><em>ceteros</em></span> 
     </span>
     <span class='ocr_line' id='line_1_78' title="bbox 843 1549 1544 1585; baseline 0.009 -6"><span class='ocrx_word' id='word_1_425' title='bbox 843 1558 958 1581; x_wconf 90' lang='lat' dir='ltr'><em>omnes</em></span> <span class='ocrx_word' id='word_1_426' title='bbox 988 1549 1095 1583; x_wconf 86' lang='lat' dir='ltr'><em>Codd.</em></span> <span class='ocrx_word' id='word_1_427' title='bbox 1123 1552 1166 1582; x_wconf 76' lang='lat' dir='ltr'><em>V.</em></span> <span class='ocrx_word' id='word_1_428' title='bbox 1197 1557 1310 1584; x_wconf 78' lang='lat' dir='ltr'><em>tamen</em></span> <span class='ocrx_word' id='word_1_429' title='bbox 1341 1553 1383 1584; x_wconf 91' lang='lat' dir='ltr'><em>ad</em></span> <span class='ocrx_word' id='word_1_430' title='bbox 1410 1564 1459 1585; x_wconf 78' lang='grc' dir='ltr'><em>ιν.</em></span> <span class='ocrx_word' id='word_1_431' title='bbox 1494 1557 1544 1585; x_wconf 86' lang='grc'><em>19.</em></span> 
     </span>
     <span class='ocr_line' id='line_1_79' title="bbox 842 1600 1488 1644; baseline 0.009 -15"><span class='ocrx_word' id='word_1_432' title='bbox 842 1601 929 1630; x_wconf 82' lang='lat' dir='ltr'><em>tanto</em></span> <span class='ocrx_word' id='word_1_433' title='bbox 952 1605 1027 1631; x_wconf 83' lang='lat' dir='ltr'><em>erat</em></span> <span class='ocrx_word' id='word_1_434' title='bbox 1042 1600 1076 1631; x_wconf 90' lang='lat' dir='ltr'><em>in</em></span> <span class='ocrx_word' id='word_1_435' title='bbox 1094 1601 1187 1632; x_wconf 88' lang='lat' dir='ltr'><em>Leid.</em></span> <span class='ocrx_word' id='word_1_436' title='bbox 1202 1611 1254 1642; x_wconf 87' lang='lat' dir='ltr'><em>pr.</em></span> <span class='ocrx_word' id='word_1_437' title='bbox 1272 1613 1290 1633; x_wconf 88' lang='lat' dir='ltr'><em>a</em></span> <span class='ocrx_word' id='word_1_438' title='bbox 1306 1613 1349 1634; x_wconf 88' lang='lat' dir='ltr'><em>m.</em></span> <span class='ocrx_word' id='word_1_439' title='bbox 1368 1604 1488 1644; x_wconf 85' lang='lat' dir='ltr'><em>prima.</em></span> 
     </span>
    </p>

    <p class='ocr_par' dir='ltr' id='par_1_10' title="bbox 841 1650 1552 1895">
     <span class='ocr_line' id='line_1_80' title="bbox 887 1650 1545 1692; baseline 0.008 -12"><span class='ocrx_word' id='word_1_440' title='bbox 887 1652 927 1680; x_wconf 82' lang='lat'><em>12</em></span> <span class='ocrx_word' id='word_1_441' title='bbox 956 1650 1092 1691; x_wconf 80' lang='lat' dir='ltr'><em>Timore]</em></span> <span class='ocrx_word' id='word_1_442' title='bbox 1116 1651 1172 1682; x_wconf 86' lang='lat' dir='ltr'><em>Sic</em></span> <span class='ocrx_word' id='word_1_443' title='bbox 1185 1653 1311 1692; x_wconf 83' lang='lat' dir='ltr'><em>optime</em></span> <span class='ocrx_word' id='word_1_444' title='bbox 1328 1653 1417 1683; x_wconf 83' lang='lat' dir='ltr'><em>And.</em></span> <span class='ocrx_word' id='word_1_445' title='bbox 1433 1653 1545 1686; x_wconf 80' lang='lat' dir='ltr'><em>Oxon.</em></span> 
     </span>
     <span class='ocr_line' id='line_1_81' title="bbox 843 1698 1552 1745; baseline 0.01 -17"><span class='ocrx_word' id='word_1_446' title='bbox 843 1698 961 1739; x_wconf 87' lang='lat' dir='ltr'><em>Cujac.</em></span> <span class='ocrx_word' id='word_1_447' title='bbox 999 1700 1121 1740; x_wconf 81' lang='lat' dir='ltr'><em>Scalig.</em></span> <span class='ocrx_word' id='word_1_448' title='bbox 1139 1706 1174 1732; x_wconf 89' lang='lat' dir='ltr'><em>et</em></span> <span class='ocrx_word' id='word_1_449' title='bbox 1189 1702 1284 1733; x_wconf 86' lang='lat' dir='ltr'><em>Leid.</em></span> <span class='ocrx_word' id='word_1_450' title='bbox 1312 1713 1363 1743; x_wconf 84' lang='lat' dir='ltr'><em>pr.</em></span> <span class='ocrx_word' id='word_1_451' title='bbox 1417 1704 1552 1745; x_wconf 86' lang='lat' dir='ltr'><em>Reliqui</em></span> 
     </span>
     <span class='ocr_line' id='line_1_82' title="bbox 842 1751 1551 1794; baseline 0.007 -14"><span class='ocrx_word' id='word_1_452' title='bbox 842 1758 958 1781; x_wconf 89' lang='lat' dir='ltr'><em>omnes</em></span> <span class='ocrx_word' id='word_1_453' title='bbox 976 1759 1054 1782; x_wconf 88' lang='lat' dir='ltr'><em>cum</em></span> <span class='ocrx_word' id='word_1_454' title='bbox 1076 1751 1163 1783; x_wconf 87' lang='lat' dir='ltr'><em>Edd.</em></span> <span class='ocrx_word' id='word_1_455' title='bbox 1195 1753 1312 1792; x_wconf 82' lang='lat' dir='ltr'><em>primis</em></span> <span class='ocrx_word' id='word_1_456' title='bbox 1346 1764 1379 1784; x_wconf 86' lang='lat' dir='ltr'><em>co</em></span> <span class='ocrx_word' id='word_1_457' title='bbox 1403 1757 1551 1794; x_wconf 65' lang='lat' dir='ltr'><em>tempore.</em></span> 
     </span>
     <span class='ocr_line' id='line_1_83' title="bbox 845 1798 1551 1844; baseline 0.007 -15"><span class='ocrx_word' id='word_1_458' title='bbox 845 1798 967 1830; x_wconf 87' lang='lat' dir='ltr'><em>Potest</em></span> <span class='ocrx_word' id='word_1_459' title='bbox 983 1800 1119 1832; x_wconf 88' lang='lat' dir='ltr'><em>admitti</em></span> <span class='ocrx_word' id='word_1_460' title='bbox 1135 1807 1327 1844; x_wconf 88' lang='lat' dir='ltr'><em>utrumque,</em></span> <span class='ocrx_word' id='word_1_461' title='bbox 1343 1804 1396 1843; x_wconf 83' lang='lat' dir='ltr'><em>qui</em></span> <span class='ocrx_word' id='word_1_462' title='bbox 1419 1814 1451 1834; x_wconf 79' lang='lat' dir='ltr'><em>eo</em></span> <span class='ocrx_word' id='word_1_463' title='bbox 1474 1807 1551 1835; x_wconf 84' lang='lat' dir='ltr'><em>tcm—</em></span> 
     </span>
     <span class='ocr_line' id='line_1_84' title="bbox 841 1850 1235 1895; baseline 0.01 -17"><span class='ocrx_word' id='word_1_464' title='bbox 841 1858 914 1888; x_wconf 83' lang='lat' dir='ltr'><em>pore</em></span> <span class='ocrx_word' id='word_1_465' title='bbox 929 1850 1040 1880; x_wconf 77' lang='lat' dir='ltr'><em>timore</em></span> <span class='ocrx_word' id='word_1_466' title='bbox 1053 1861 1141 1882; x_wconf 83' lang='lat' dir='ltr'><em>arma</em></span> <span class='ocrx_word' id='word_1_467' title='bbox 1154 1852 1235 1895; x_wconf 81' lang='lat' dir='ltr'><em>proj.</em></span> 
     </span>
    </p>

    <p class='ocr_par' dir='ltr' id='par_1_11' title="bbox 841 1900 1550 2691">
     <span class='ocr_line' id='line_1_85' title="bbox 887 1900 1549 1941; baseline 0.006 -11"><span class='ocrx_word' id='word_1_468' title='bbox 887 1907 978 1930; x_wconf 76' lang='lat' dir='ltr'><em>xxx.</em></span> <span class='ocrx_word' id='word_1_469' title='bbox 1005 1902 1020 1930; x_wconf 89' lang='lat' dir='ltr'>l</span> <span class='ocrx_word' id='word_1_470' title='bbox 1047 1900 1245 1941; x_wconf 67' lang='lat' dir='ltr'><em>Drappetem]</em></span> <span class='ocrx_word' id='word_1_471' title='bbox 1283 1901 1337 1932; x_wconf 88' lang='lat' dir='ltr'><em>Sic</em></span> <span class='ocrx_word' id='word_1_472' title='bbox 1359 1902 1445 1934; x_wconf 79' lang='lat' dir='ltr'><em>Mss.</em></span> <span class='ocrx_word' id='word_1_473' title='bbox 1470 1912 1549 1934; x_wconf 83' lang='lat' dir='ltr'><em>con-</em></span> 
     </span>
     <span class='ocr_line' id='line_1_86' title="bbox 843 1951 1547 1990; baseline 0.007 -11"><span class='ocrx_word' id='word_1_474' title='bbox 843 1952 983 1989; x_wconf 81' lang='lat' dir='ltr'><em>stanter,</em></span> <span class='ocrx_word' id='word_1_475' title='bbox 998 1959 1066 1981; x_wconf 89' lang='lat' dir='ltr'><em>non</em></span> <span class='ocrx_word' id='word_1_476' title='bbox 1084 1951 1317 1990; x_wconf 84' lang='lat' dir='ltr'><em>Drapetem,et</em></span> <span class='ocrx_word' id='word_1_477' title='bbox 1335 1952 1368 1983; x_wconf 87' lang='lat' dir='ltr'><em>in</em></span> <span class='ocrx_word' id='word_1_478' title='bbox 1386 1952 1547 1984; x_wconf 79' lang='lat' dir='ltr'><em>Nomina-</em></span> 
     </span>
     <span class='ocr_line' id='line_1_87' title="bbox 844 1999 1547 2043; baseline 0.009 -15"><span class='ocrx_word' id='word_1_479' title='bbox 844 1999 914 2029; x_wconf 89' lang='lat' dir='ltr'><em>tivo</em></span> <span class='ocrx_word' id='word_1_480' title='bbox 947 2000 1104 2040; x_wconf 83' lang='lat' dir='ltr'><em>Drappes,</em></span> <span class='ocrx_word' id='word_1_481' title='bbox 1140 2001 1193 2039; x_wconf 56' lang='lat' dir='ltr'><em>&amp;a</em></span> <span class='ocrx_word' id='word_1_482' title='bbox 1216 2000 1281 2031; x_wconf 87' lang='lat' dir='ltr'><em>nisi</em></span> <span class='ocrx_word' id='word_1_483' title='bbox 1314 2001 1402 2042; x_wconf 89' lang='lat' dir='ltr'><em>quod</em></span> <span class='ocrx_word' id='word_1_484' title='bbox 1433 2002 1547 2043; x_wconf 82' lang='lat' dir='ltr'><em>Cujac.</em></span> 
     </span>
     <span class='ocr_line' id='line_1_88' title="bbox 843 2048 1541 2093; baseline 0.007 -14"><span class='ocrx_word' id='word_1_485' title='bbox 843 2048 964 2080; x_wconf 84' lang='lat' dir='ltr'><em>Petav.</em></span> <span class='ocrx_word' id='word_1_486' title='bbox 988 2049 1108 2089; x_wconf 87' lang='lat' dir='ltr'><em>Scalig.</em></span> <span class='ocrx_word' id='word_1_487' title='bbox 1135 2055 1170 2081; x_wconf 88' lang='lat' dir='ltr'><em>et</em></span> <span class='ocrx_word' id='word_1_488' title='bbox 1200 2050 1298 2081; x_wconf 89' lang='lat' dir='ltr'><em>Leid.</em></span> <span class='ocrx_word' id='word_1_489' title='bbox 1325 2061 1375 2092; x_wconf 86' lang='lat' dir='ltr'><em>pr.</em></span> <span class='ocrx_word' id='word_1_490' title='bbox 1391 2052 1541 2093; x_wconf 78' lang='lat' dir='ltr'><em>Draptes,</em></span> 
     </span>
     <span class='ocr_line' id='line_1_89' title="bbox 843 2099 1550 2143; baseline 0.007 -14"><span class='ocrx_word' id='word_1_491' title='bbox 843 2099 982 2140; x_wconf 80' lang='lat' dir='ltr'><em>Draptis</em></span> <span class='ocrx_word' id='word_1_492' title='bbox 996 2099 1028 2130; x_wconf 91' lang='lat' dir='ltr'><em>in</em></span> <span class='ocrx_word' id='word_1_493' title='bbox 1047 2100 1136 2131; x_wconf 87' lang='lat' dir='ltr'><em>Gen.</em></span> <span class='ocrx_word' id='word_1_494' title='bbox 1152 2105 1187 2131; x_wconf 84' lang='lat' dir='ltr'><em>et</em></span> <span class='ocrx_word' id='word_1_495' title='bbox 1211 2101 1245 2131; x_wconf 89' lang='lat' dir='ltr'><em>in</em></span> <span class='ocrx_word' id='word_1_496' title='bbox 1259 2100 1385 2133; x_wconf 81' lang='lat' dir='ltr'><em>Aecus.</em></span> <span class='ocrx_word' id='word_1_497' title='bbox 1404 2100 1550 2143; x_wconf 75' lang='lat' dir='ltr'><em>Drapteu</em></span> 
     </span>
     <span class='ocr_line' id='line_1_90' title="bbox 841 2150 1546 2190; baseline 0.007 -10"><span class='ocrx_word' id='word_1_498' title='bbox 841 2155 1018 2190; x_wconf 86' lang='lat' dir='ltr'><em>perpetuo,</em></span> <span class='ocrx_word' id='word_1_499' title='bbox 1041 2150 1123 2181; x_wconf 88' lang='lat' dir='ltr'><em>item</em></span> <span class='ocrx_word' id='word_1_500' title='bbox 1148 2151 1275 2182; x_wconf 78' lang='lat' dir='ltr'><em>Audin.</em></span> <span class='ocrx_word' id='word_1_501' title='bbox 1293 2156 1327 2183; x_wconf 88' lang='lat' dir='ltr'><em>et</em></span> <span class='ocrx_word' id='word_1_502' title='bbox 1351 2153 1465 2184; x_wconf 84' lang='lat' dir='ltr'><em>Oxon.</em></span> <span class='ocrx_word' id='word_1_503' title='bbox 1483 2154 1546 2185; x_wconf 86' lang='lat' dir='ltr'><em>uisi</em></span> 
     </span>
     <span class='ocr_line' id='line_1_91' title="bbox 842 2200 1547 2242; baseline 0.007 -11"><span class='ocrx_word' id='word_1_504' title='bbox 842 2200 931 2241; x_wconf 89' lang='lat' dir='ltr'><em>quod</em></span> <span class='ocrx_word' id='word_1_505' title='bbox 945 2201 980 2232; x_wconf 88' lang='lat' dir='ltr'><em>in</em></span> <span class='ocrx_word' id='word_1_506' title='bbox 998 2201 1065 2232; x_wconf 88' lang='lat' dir='ltr'><em>illis</em></span> <span class='ocrx_word' id='word_1_507' title='bbox 1090 2202 1134 2233; x_wconf 81' lang='lat' dir='ltr'><em>sit</em></span> <span class='ocrx_word' id='word_1_508' title='bbox 1152 2203 1302 2242; x_wconf 79' lang='lat' dir='ltr'><em>Oruptes:</em></span> <span class='ocrx_word' id='word_1_509' title='bbox 1329 2207 1364 2234; x_wconf 90' lang='lat' dir='ltr'><em>at</em></span> <span class='ocrx_word' id='word_1_510' title='bbox 1379 2204 1427 2234; x_wconf 90' lang='lat' dir='ltr'><em>illi</em></span> <span class='ocrx_word' id='word_1_511' title='bbox 1445 2214 1476 2235; x_wconf 94' lang='lat' dir='ltr'><em>c.</em></span> <span class='ocrx_word' id='word_1_512' title='bbox 1495 2207 1547 2236; x_wconf 84' lang='lat'><em>39.</em></span> 
     </span>
     <span class='ocr_line' id='line_1_92' title="bbox 841 2250 1545 2294; baseline 0.007 -13"><span class='ocrx_word' id='word_1_513' title='bbox 841 2250 993 2291; x_wconf 84' lang='lat' dir='ltr'><em>Drupete,</em></span> <span class='ocrx_word' id='word_1_514' title='bbox 1007 2258 1156 2284; x_wconf 83' lang='lat' dir='ltr'><em>servant.</em></span> <span class='ocrx_word' id='word_1_515' title='bbox 1180 2252 1222 2283; x_wconf 90' lang='lat' dir='ltr'><em>In</em></span> <span class='ocrx_word' id='word_1_516' title='bbox 1248 2253 1342 2285; x_wconf 88' lang='lat' dir='ltr'><em>Leid.</em></span> <span class='ocrx_word' id='word_1_517' title='bbox 1356 2263 1407 2294; x_wconf 89' lang='lat' dir='ltr'><em>pr.</em></span> <span class='ocrx_word' id='word_1_518' title='bbox 1432 2259 1545 2286; x_wconf 83' lang='lat' dir='ltr'><em>tamen</em></span> 
     </span>
     <span class='ocr_line' id='line_1_93' title="bbox 843 2300 1550 2344; baseline 0.008 -14"><span class='ocrx_word' id='word_1_519' title='bbox 843 2300 1024 2341; x_wconf 87' lang='lat' dir='ltr'><em>aliquando</em></span> <span class='ocrx_word' id='word_1_520' title='bbox 1041 2302 1205 2343; x_wconf 67' lang='lat' dir='ltr'><em>Diu-aptes.</em></span> <span class='ocrx_word' id='word_1_521' title='bbox 1246 2304 1386 2344; x_wconf 82' lang='lat' dir='ltr'><em>Druptes</em></span> <span class='ocrx_word' id='word_1_522' title='bbox 1401 2314 1466 2336; x_wconf 90' lang='lat' dir='ltr'><em>non</em></span> <span class='ocrx_word' id='word_1_523' title='bbox 1485 2305 1550 2337; x_wconf 88' lang='lat' dir='ltr'><em>dis-</em></span> 
     </span>
     <span class='ocr_line' id='line_1_94' title="bbox 843 2352 1549 2395; baseline 0.008 -13"><span class='ocrx_word' id='word_1_524' title='bbox 843 2352 959 2392; x_wconf 87' lang='lat' dir='ltr'><em>plicet.</em></span> <span class='ocrx_word' id='word_1_525' title='bbox 1016 2354 1101 2384; x_wconf 76' lang='lat' dir='ltr'><em>Mox</em></span> <span class='ocrx_word' id='word_1_526' title='bbox 1132 2355 1323 2395; x_wconf 80' lang='lat' dir='ltr'><em>Lucterium,</em></span> <span class='ocrx_word' id='word_1_527' title='bbox 1353 2361 1391 2387; x_wconf 91' lang='lat' dir='ltr'><em>ut</em></span> <span class='ocrx_word' id='word_1_528' title='bbox 1422 2364 1487 2387; x_wconf 83' lang='lat' dir='ltr'><em>vu.</em></span> <span class='ocrx_word' id='word_1_529' title='bbox 1519 2361 1549 2388; x_wconf 88' lang='grc'><em>5.</em></span> 
     </span>
     <span class='ocr_line' id='line_1_95' title="bbox 842 2402 1546 2444; baseline 0.006 -12"><span class='ocrx_word' id='word_1_530' title='bbox 842 2405 907 2433; x_wconf 82' lang='lat' dir='ltr'><em>&amp;c.</em></span> <span class='ocrx_word' id='word_1_531' title='bbox 936 2402 1074 2433; x_wconf 79' lang='lat' dir='ltr'><em>exhibui</em></span> <span class='ocrx_word' id='word_1_532' title='bbox 1101 2402 1170 2434; x_wconf 87' lang='lat' dir='ltr'><em>fide</em></span> <span class='ocrx_word' id='word_1_533' title='bbox 1203 2405 1406 2444; x_wconf 82' lang='lat' dir='ltr'><em>optimorum</em></span> <span class='ocrx_word' id='word_1_534' title='bbox 1437 2406 1546 2437; x_wconf 88' lang='lat' dir='ltr'><em>Codd.</em></span> 
     </span>
     <span class='ocr_line' id='line_1_96' title="bbox 842 2450 1549 2496; baseline 0.007 -15"><span class='ocrx_word' id='word_1_535' title='bbox 842 2450 896 2483; x_wconf 85' lang='lat' dir='ltr'><em>hic</em></span> <span class='ocrx_word' id='word_1_536' title='bbox 910 2456 946 2482; x_wconf 84' lang='lat' dir='ltr'><em>et</em></span> <span class='ocrx_word' id='word_1_537' title='bbox 962 2451 1060 2483; x_wconf 81' lang='lat' dir='ltr'><em>infra.</em></span> <span class='ocrx_word' id='word_1_538' title='bbox 1108 2454 1163 2484; x_wconf 84' lang='lat' dir='ltr'><em>Sic</em></span> <span class='ocrx_word' id='word_1_539' title='bbox 1179 2455 1268 2485; x_wconf 85' lang='lat' dir='ltr'><em>euim</em></span> <span class='ocrx_word' id='word_1_540' title='bbox 1282 2456 1447 2496; x_wconf 81' lang='lat' dir='ltr'><em>Bongars.</em></span> <span class='ocrx_word' id='word_1_541' title='bbox 1465 2457 1549 2486; x_wconf 74' lang='lat' dir='ltr'><em>Vos-</em></span> 
     </span>
     <span class='ocr_line' id='line_1_97' title="bbox 844 2500 1547 2545; baseline 0.007 -14"><span class='ocrx_word' id='word_1_542' title='bbox 844 2500 941 2541; x_wconf 84' lang='lat' dir='ltr'><em>siani,</em></span> <span class='ocrx_word' id='word_1_543' title='bbox 971 2502 1094 2533; x_wconf 82' lang='lat' dir='ltr'><em>Petav.</em></span> <span class='ocrx_word' id='word_1_544' title='bbox 1128 2503 1204 2543; x_wconf 88' lang='lat' dir='ltr'><em>Cuj.</em></span> <span class='ocrx_word' id='word_1_545' title='bbox 1243 2505 1332 2535; x_wconf 88' lang='lat' dir='ltr'><em>Scal.</em></span> <span class='ocrx_word' id='word_1_546' title='bbox 1366 2505 1461 2536; x_wconf 89' lang='lat' dir='ltr'><em>Leid.</em></span> <span class='ocrx_word' id='word_1_547' title='bbox 1498 2515 1547 2545; x_wconf 87' lang='lat' dir='ltr'><em>pr.</em></span> 
     </span>
     <span class='ocr_line' id='line_1_98' title="bbox 849 2550 1548 2593; baseline 0.006 -12"><span class='ocrx_word' id='word_1_548' title='bbox 849 2550 960 2582; x_wconf 74' lang='lat' dir='ltr'><em>Oxou.</em></span> <span class='ocrx_word' id='word_1_549' title='bbox 985 2556 1021 2582; x_wconf 89' lang='lat' dir='ltr'><em>et</em></span> <span class='ocrx_word' id='word_1_550' title='bbox 1044 2552 1101 2583; x_wconf 88' lang='lat' dir='ltr'><em>alii</em></span> <span class='ocrx_word' id='word_1_551' title='bbox 1123 2554 1220 2584; x_wconf 86' lang='lat' dir='ltr'><em>multi</em></span> <span class='ocrx_word' id='word_1_552' title='bbox 1238 2553 1309 2585; x_wconf 87' lang='lat' dir='ltr'><em>fere</em></span> <span class='ocrx_word' id='word_1_553' title='bbox 1333 2558 1548 2593; x_wconf 80' lang='lat' dir='ltr'><em>constanter3</em></span> 
     </span>
     <span class='ocr_line' id='line_1_99' title="bbox 846 2601 1550 2644; baseline 0.006 -13"><span class='ocrx_word' id='word_1_554' title='bbox 846 2605 885 2632; x_wconf 89' lang='lat' dir='ltr'><em>ut</em></span> <span class='ocrx_word' id='word_1_555' title='bbox 916 2606 952 2632; x_wconf 88' lang='lat' dir='ltr'><em>et</em></span> <span class='ocrx_word' id='word_1_556' title='bbox 979 2601 1068 2635; x_wconf 90' lang='lat' dir='ltr'><em>Edd.</em></span> <span class='ocrx_word' id='word_1_557' title='bbox 1085 2603 1159 2635; x_wconf 89' lang='lat' dir='ltr'><em>Ine.</em></span> <span class='ocrx_word' id='word_1_558' title='bbox 1174 2603 1291 2644; x_wconf 78' lang='lat' dir='ltr'><em>Stcph.</em></span> <span class='ocrx_word' id='word_1_559' title='bbox 1310 2604 1445 2634; x_wconf 75' lang='lat' dir='ltr'><em>Vascos.</em></span> <span class='ocrx_word' id='word_1_560' title='bbox 1461 2604 1550 2635; x_wconf 79' lang='lat' dir='ltr'><em>aliae-</em></span> 
     </span>
     <span class='ocr_line' id='line_1_100' title="bbox 845 2660 922 2691; baseline 0.013 -10"><span class='ocrx_word' id='word_1_561' title='bbox 845 2660 922 2691; x_wconf 87' lang='lat' dir='ltr'><em>que.</em></span> 
     </span>
    </p>

    <p class='ocr_par' dir='ltr' id='par_1_12' title="bbox 847 2701 1551 2792">
     <span class='ocr_line' id='line_1_101' title="bbox 891 2701 1551 2743; baseline 0.003 -12"><span class='ocrx_word' id='word_1_562' title='bbox 891 2703 910 2731; x_wconf 80' lang='lat'><strong>3</strong></span> <span class='ocrx_word' id='word_1_563' title='bbox 938 2701 1108 2732; x_wconf 75' lang='lat' dir='ltr'><em>Exsulibus</em></span> <span class='ocrx_word' id='word_1_564' title='bbox 1123 2714 1150 2732; x_wconf 87' lang='lat'><em>0.</em></span> <span class='ocrx_word' id='word_1_565' title='bbox 1169 2702 1345 2743; x_wconf 70' lang='lat' dir='ltr'><em>civitatum]</em></span> <span class='ocrx_word' id='word_1_566' title='bbox 1376 2703 1497 2734; x_wconf 84' lang='lat' dir='ltr'><em>Petav.</em></span> <span class='ocrx_word' id='word_1_567' title='bbox 1515 2708 1551 2734; x_wconf 86' lang='lat' dir='ltr'><em>et</em></span> 
     </span>
     <span class='ocr_line' id='line_1_102' title="bbox 847 2749 1548 2792; baseline 0.004 -11"><span class='ocrx_word' id='word_1_568' title='bbox 847 2749 941 2782; x_wconf 86' lang='lat' dir='ltr'><em>Leid.</em></span> <span class='ocrx_word' id='word_1_569' title='bbox 959 2759 1010 2792; x_wconf 86' lang='lat' dir='ltr'><em>pr.</em></span> <span class='ocrx_word' id='word_1_570' title='bbox 1031 2751 1202 2782; x_wconf 78' lang='lat' dir='ltr'><em>Exsulibus</em></span> <span class='ocrx_word' id='word_1_571' title='bbox 1219 2751 1356 2782; x_wconf 86' lang='lat' dir='ltr'><em>omnibus</em></span> <span class='ocrx_word' id='word_1_572' title='bbox 1371 2752 1506 2784; x_wconf 77' lang='lat' dir='ltr'><em>omnium</em></span> <span class='ocrx_word' id='word_1_573' title='bbox 1521 2763 1548 2784; x_wconf 81' lang='lat' dir='ltr'><em>c.</em></span> 
     </span>
    </p>
   </div>
   <div class='ocr_carea' id='block_1_5' title="bbox 1300 574 1383 578">
    <p class='ocr_par' dir='ltr' id='par_1_13' title="bbox 1300 574 1383 578">
     <span class='ocr_line' id='line_1_103' title="bbox 1300 574 1383 578; baseline 0 0"><span class='ocrx_word' id='word_1_574' title='bbox 1300 574 1383 578; x_wconf 95' lang='lat' dir='ltr'><em> </em></span> 
     </span>
    </p>
   </div>
  </div>
 </body>
</html>
