1818 3131
344 205 435 234 Lm.
459 203 544 232 vu.
575 190 870 230 CAP.(511)E
906 201 1058 230 BELLO
1091 199 1318 229 GALLICO.

107 299 274 332 defertur.
318 299 374 330 Sic
390 297 552 338 Virgilius
579 296 642 328 Ge.
661 303 716 325 ιιι.
730 297 804 326 447.

107 350 326 390 ‘Missusque
357 347 507 380 secundo
537 345 656 377 defluit
685 345 803 384 amne,'

107 400 171 431 hoc
188 403 252 438 est,
281 408 349 429 cum
373 407 464 438 aqua,
479 400 517 427 ut
545 399 638 426 recte
655 394 805 425 Servius.

109 450 200 481 Huic
210 448 332 490 opponi
340 453 393 479 tur
404 446 695 486 adeersumflumen.
722 445 806 475 Nos-

108 505 162 531 ter
179 504 288 530 tamen
307 507 337 528 c.
354 500 405 528 58.
421 497 430 513 ‘
445 495 596 526 secundo
609 493 746 525 flumine
764 494 805 525 ad

108 549 278 580 Lutetiam
290 548 356 578 iter
370 545 495 577 facere’
510 546 596 576 dixit
611 545 806 584 Labienum,

106 598 163 640 qui
187 597 228 628 ad
247 597 351 638 rIpam
376 595 468 628 fluvii
486 596 586 636 juxta
602 596 672 636 ejus
688 595 805 627 decur-

107 657 178 679 sum
195 646 369 688 profectus
386 651 451 684 est,
469 646 557 678 uude
575 647 642 677 Ms.
666 647 805 678 Not-ric.

106 709 148 730 cx
170 699 383 731 Glossemate
413 699 481 729 illie
511 702 735 738 repr-wsentat
761 707 805 728 se-

104 748 374 789 cundumstumen.
420 749 497 780 Nou
522 749 569 779 itu
597 747 701 778 multo
728 752 805 787 post

104 802 265 831 adversum
273 799 393 840 flumen
410 799 560 838 adhibet,
578 804 615 829 ut
629 808 699 828 rem
713 807 805 838 pror-

107 860 162 881 sus
178 850 381 882 contrariam
398 849 551 881 denotet.
597 849 708 880 Dacis.

149 904 169 931 0
198 901 399 941 Exspectare]
422 900 477 931 Ita
503 899 718 931 scribendum
750 909 805 929 ex-

104 950 238 987 istim0;
279 955 349 982 tum
377 950 466 991 quod
491 950 608 981 Caesar
636 949 684 980 ita
715 949 804 990 loqui

105 1000 215 1030 soleat
230 1012 237 1037 ;
264 1007 334 1031 tum
349 1000 396 1031 uti
413 1010 489 1031 cum
503 999 720 1040 praecedente
734 1009 805 1039 pro-

103 1051 195 1089 gredi
223 1050 335 1091 aptius
363 1050 543 1081 cohaereat.
598 1050 721 1089 Vulgg.
752 1059 804 1079 ex-

103 1100 250 1140 spectari.
297 1100 405 1130 Clark.
471 1100 546 1141 Ego
573 1104 692 1130 contra
720 1100 804 1130 Mss.

104 1150 187 1181 nihil
208 1151 340 1182 innovo.
390 1150 455 1182 Adi
481 1150 523 1181 ad
552 1150 592 1181 B.
611 1150 683 1181 Civ.
712 1159 735 1180 1.
753 1152 804 1181 32.

104 1202 115 1217 ι
133 1201 243 1232 omnia
277 1201 474 1242 permisceri
515 1201 669 1240 mallent,
705 1210 805 1242 quam

105 1251 248 1292 imperia
263 1252 460 1283 dimittere.’
503 1252 700 1282 Praesertim
728 1261 806 1282 cum

105 1303 214 1333 soleat
233 1302 371 1334 verbum
390 1302 482 1341 jubeo
502 1302 600 1342 jungi
616 1311 693 1332 cum
708 1301 805 1332 Iufiu.

113 1353 231 1384 -xctivo
255 1359 290 1384 et
309 1353 447 1384 passivo
468 1353 579 1383 simul.
625 1352 713 1383 Vide
729 1362 806 1383 cum

105 1403 199 1443 alibi,
216 1408 285 1434 tum
303 1403 346 1433 ad
362 1412 400 1434 11.
416 1407 447 1434 5.
463 1402 495 1432 in
513 1401 591 1433 fine.

150 1462 220 1484 LXt.
236 1456 250 1484 l
279 1453 500 1493 Exploratores
514 1452 659 1490 hostium,
686 1456 732 1489 ut,
751 1454 803 1492 &a

104 1507 193 1534 erant
209 1503 257 1543 d.]
291 1503 332 1534 In
349 1503 519 1543 plerisque
537 1503 622 1534 Mss.
650 1504 747 1533 deest
762 1506 806 1533 ut.

108 1553 174 1584 ΜΞ.
191 1553 276 1593 Reg.
293 1553 394 1584 habet
402 1553 665 1593 exploratoresque
676 1553 806 1583 hostium

104 1602 220 1643 <hs-1¹·
238 1608 350 1634 essent
374 1605 404 1634 d.
442 1604 528 1636 Quae
553 1603 655 1634 lectio
674 1608 711 1633 nt
725 1602 807 1634 ferri

107 1654 225 1693 possit,
242 1658 355 1684 tamen
371 1653 470 1694 longe
488 1657 632 1693 praestat
654 1653 804 1693 vulgata.

107 1704 217 1734 Clark.
278 1704 318 1735 Ut
350 1707 536 1743 agnoscunt
569 1703 688 1742 optimi
717 1711 806 1733 meo-

108 1763 194 1794 rum,
207 1758 246 1785 ut
262 1754 369 1794 Bong.
384 1763 434 1794 pr.
450 1753 571 1784 Petav.
586 1754 703 1793 Cujac.
719 1754 806 1784 Scal.

109 1803 199 1834 And.
217 1803 330 1835 Oxou.
346 1807 383 1834 et
399 1802 494 1834 Leid.
511 1813 562 1843 pr.
598 1804 747 1844 Eamque
762 1804 808 1834 lo-

107 1853 282 1884 cutivnem
297 1852 339 1883 ab
353 1856 494 1883 auctore
511 1855 655 1883 amatam
670 1861 745 1883 esse
762 1852 808 1883 vi-

105 1902 148 1934 de
165 1902 206 1934 ad
224 1912 258 1934 v.
272 1905 324 1934 43.

148 1955 167 1984 3
207 1953 374 1984 Exercitus
402 1952 628 1993 equitatusque]
666 1952 706 1982 In
733 1952 807 1983 aliis

103 2003 273 2043 equitatus,
299 2003 526 2043 peditatusque.
581 2002 670 2033 Huic
699 2003 808 2033 varie-

107 2053 170 2085 tati
185 2059 293 2085 ortum
319 2053 415 2084 dedit
444 2053 614 2093 imperitia
638 2053 808 2084 Librariu-

105 2113 191 2144 rum,
208 2104 264 2145 qui
281 2104 387 2135 nescii
402 2103 552 2143 suerunt,
576 2103 730 2134 exercitus
750 2112 808 2134 uo-

107 2155 196 2185 mine
231 2155 351 2194 pedites
382 2153 551 2193 deuotast,
588 2153 678 2194 quod
717 2153 809 2194 apud

108 2210 242 2235 veteres
274 2204 306 2234 iu
335 2204 462 2244 proeliis
493 2203 671 2244 primarius
703 2203 808 2236 fuerit

106 2253 260 2293 peditum
286 2263 375 2284 usus.
421 2253 510 2284 Hinc
527 2257 563 2284 et
589 2253 721 2294 pedites
737 2253 807 2284 κατ’

106 2302 219 2343 ἐξοχὴν
241 2303 355 2334 milites
371 2303 592 2334 vocabantur.
629 2304 743 2335 Caesar
766 2305 806 2337 B.

105 2354 148 2385 G.
167 2363 199 2385 v.
217 2357 269 2385 10.
285 2355 294 2371 ⁴
309 2354 499 2394 Tripartito
515 2354 639 2385 milites
661 2355 807 2396 equites-

104 2403 220 2445 quein
236 2404 486 2444 expeditionem
504 2404 618 2444 misit}
645 2405 686 2435 ad
708 2415 807 2446 quem

105 2454 218 2485 locum
234 2454 311 2484 vide
329 2458 457 2485 notata.
480 2454 631 2485 Velleius
645 2455 807 2487 Patercu-

106 2503 158 2534 lus
175 2511 217 2534 ιι.
237 2506 289 2534 15.
317 2504 326 2520 ‘
346 2503 485 2544 Duplici
512 2513 651 2534 numero
675 2514 709 2535 se
725 2505 809 2536 mili-

105 2559 175 2584 tum
205 2554 425 2595 equitumque
456 2552 575 2594 fungi!
631 2554 805 2595 Sulpicius

104 2604 250 2636 Severus
271 2605 361 2636 Hist.
378 2606 471 2636 Sacr-
497 2614 538 2635 ιι.
556 2608 608 2636 23.
625 2606 634 2622 ⁴
653 2607 808 2646 Eupator

107 2662 185 2684 cum
199 2660 338 2686 centrum
354 2656 513 2695 millibus,
531 2661 567 2687 et
593 2657 743 2698 equitum
761 2657 805 2687 vi-

108 2703 192 2743 ginti
226 2706 373 2738 millibus
409 2708 477 2738 suis
508 2706 660 2739 subsidio
690 2708 806 2739 venit!

103 2753 243 2797 Absque
270 2757 519 2800 exscriptorum
546 2763 637 2798 esset
663 2758 805 2798 incuria,

1443 189 1554 233 1237

857 296 989 328 dixerat
1010 308 1078 328 cum
1101 300 1223 328 centum
1246 294 1382 327 millibus
1407 295 1554 328 militum.

854 346 1043 379 Similitudo
1059 357 1179 379 vocum
1201 347 1235 377 in
1263 355 1364 378 causa
1390 344 1468 385 fuit,
1495 356 1556 376 cur

855 404 968 426 earum
983 398 1091 428 altera
1107 398 1332 436 omitteretur,
1349 395 1436 437 qnod
1452 395 1485 426 in
1502 405 1557 426 ve-

856 449 964 477 terum
989 447 1213 478 monumentis
1236 455 1300 478 uon
1318 455 1393 476 raro
1418 445 1554 485 accidit,

855 501 894 528 ut
910 498 1075 537 exemplis
1093 497 1192 528 docui
1217 497 1259 528 ad
1280 498 1319 528 B.
1344 496 1434 528 Gall.
1461 505 1485 526 1.
1503 499 1554 527 15.

855 547 924 578 Alii
949 548 1049 578 aliam
1079 547 1279 578 emendandi
1310 548 1396 578 viam
1425 546 1556 586 iniere;

856 597 914 628 sed
942 597 1022 628 mihi
1050 607 1124 627 mea
1151 598 1266 638 placet
1296 598 1395 628 ratio.
1442 597 1556 628 Davis.

855 648 949 678 Male
965 647 1104 678 Vascos.
1121 646 1243 678 Strada
1260 651 1292 677 et
1312 647 1350 677 R.
1367 648 1557 687 Stephanus

856 698 1040 729 ediderunt
1056 697 1210 738 equitatus
1224 697 1450 737 peditatusque,
1466 697 1555 737 quod

856 749 969 779 inveni
995 749 1028 778 iu
1057 748 1128 779 solo
1165 747 1398 778 recentissimo
1428 747 1556 779 Codice

856 799 950 830 Leid.
968 808 1037 830 see.
1075 798 1163 828 Vide
1181 798 1314 828 omnino
1330 798 1370 828 ad
1391 807 1423 828 v.
1439 801 1490 828 10.
1517 807 1555 829 aa:

855 857 936 878 vni.
963 851 1015 879 36.
1039 853 1074 879 et
1097 848 1138 878 de
1164 848 1336 888 peditibus
1354 848 1454 878 Silius
1474 857 1556 878 xiix.

854 901 928 929 308.
941 898 1216 930 ‘Stabautinuixi
1226 898 1481 938 pilisexcrcitus
1492 908 1558 930 oui-

854 948 926 980 nis.'
943 949 1128 988 Equitutum
1142 959 1159 979 a
1170 949 1266 989 copiis
1276 949 1454 989 distinguit
1465 959 1493 980 c.
1503 952 1556 981 6⁵5.

854 1001 1027 1032 ‘exercitu
1052 1001 1216 1041 disposito
1242 1003 1432 1042 equitatum
1458 1002 1556 1033 educi

848 1051 970 1092 jubet.’
1005 1052 1096 1082 Hinc
1114 1052 1154 1082 B.
1169 1052 1242 1083 civ.
1259 1061 1297 1083 11.
1314 1055 1366 1083 39.
1384 1054 1392 1069 ⁴
1405 1052 1556 1082 lumine

855 1101 1054 1142 equitesque
1068 1101 1086 1131 :’
1111 1101 1167 1131 ubi
1184 1101 1260 1131 vide
1278 1101 1387 1141 plura.
1410 1102 1556 1140 ss'assim

854 1151 990 1190 legiones
1012 1152 1200 1191 equitesque,
1227 1156 1263 1182 et
1286 1151 1401 1181 milites
1427 1152 1558 1191 equites·-

854 1211 918 1242 que.
958 1201 1065 1232 Immo
1082 1210 1139 1232 111.
1157 1204 1208 1232 38.
1227 1202 1236 1217 ‘
1250 1201 1448 1232 Exercitum
1463 1202 1556 1242 equi-

855 1255 1032 1292 tatumque
1052 1251 1255 1282 collocavit?

897 1304 916 1332 7
941 1302 1065 1332 Proeter
1084 1302 1330 1333 consuetudinem
1361 1302 1557 1342 tumultuari]

857 1352 986 1382 Ultima
1010 1361 1074 1382 vox
1095 1353 1250 1392 passivam
1275 1352 1556 1391 significationem

856 1401 1006 1439 obtinet;
1048 1411 1111 1432 nec
1137 1402 1225 1431 enim
1250 1411 1323 1432 raro
1350 1402 1489 1442 accidit,
1520 1408 1559 1434 ut

857 1452 974 1491 verba,
990 1462 1065 1493 qua:
1083 1457 1246 1482 vocantur
1272 1452 1467 1492 deponentia,
1490 1463 1559 1493 pm-

856 1503 919 1533 site
943 1508 1129 1534 sumantur.
1175 1502 1230 1533 Sic
1258 1501 1346 1542 apud
1374 1502 1557 1542 Apuleium

860 1553 1003 1584 Metam.
1020 1553 1106 1584 l.1v.
1124 1562 1156 1592 p.
1169 1555 1222 1582 71.
1246 1553 1255 1569 ‘
1270 1552 1480 1593 Magnanimi
1497 1552 1557 1584 du.—

857 1605 905 1634 cis
935 1603 1050 1644 vigore
1076 1606 1239 1634 venerato:
1283 1603 1372 1633 Vide
1399 1609 1434 1634 et
1462 1603 1482 1634 l.
1503 1612 1556 1634 xr.

857 1663 889 1694 p.
904 1656 979 1684 239.
1025 1652 1164 1684 Infinita
1191 1658 1269 1684 sunt
1294 1653 1495 1694 hujusmodi,
1523 1659 1559 1684 et

857 1703 936 1734 mihi
963 1703 1003 1734 fit
1020 1703 1216 1743 verisimile,
1241 1704 1353 1734 omnia
1376 1705 1560 1744 deponentia

858 1753 1029 1794 primitivo
1045 1763 1105 1784 usu
1119 1753 1221 1784 fuisse
1237 1763 1317 1784 vere
1330 1753 1467 1794 passiva,
1491 1764 1559 1795 qua

857 1803 900 1833 de
927 1813 964 1834 re
987 1802 1160 1833 adeundus
1186 1803 1262 1835 Jac.
1291 1803 1492 1834 Perizonius
1516 1803 1559 1834 ad

856 1853 987 1885 Sanctii
1010 1853 1158 1884 Mincrv.
1183 1862 1238 1883 ιιι.
1254 1856 1286 1884 2.
1308 1860 1341 1893 p.
1359 1856 1432 1884 318.
1463 1863 1559 1895 seqq.

854 1903 953 1934 *Hinc
980 1904 1166 1934 tumultuare
1202 1902 1282 1934 olim
1312 1903 1485 1943 dicebant,
1521 1910 1560 1935 ut

859 1954 1026 1994 exemplis
1050 1953 1167 1985 docuit
1192 1953 1236 1985 G.
1253 1953 1286 1985 J.
1303 1954 1442 1985 Vossius
1459 1954 1558 1985 Auel.

859 2013 915 2035 ιιι.
939 2007 969 2035 7.
997 2004 1055 2045 qui
1081 2013 1112 2035 c.
1139 2007 1170 2035 6.
1198 2005 1414 2044 deponentium
1438 2005 1560 2045 passive

860 2060 1078 2095 acceptorum
1094 2053 1248 2084 silvulam
1262 2055 1444 2094 congessit.
1492 2056 1559 2086 Du·

857 2105 916 2135 eis.
963 2104 1160 2135 Tumultuari
1182 2104 1314 2144 passive
1329 2105 1385 2136 vel
1408 2105 1560 2145 inperse-

857 2154 982 2185 naliter
1006 2154 1141 2195 optimis
1166 2155 1390 2195 scriptoribus
1429 2157 1463 2186 in
1497 2167 1560 2187 usu

858 2215 943 2246 esse,
967 2206 1039 2246 jam
1068 2205 1177 2237 lexica
1203 2205 1343 2237 docent.
1378 2207 1500 2238 Vellei.
1519 2217 1558 2238 ιι.

857 2257 981 2297 79.§5.
1009 2256 1018 2273 ‘
1037 2257 1129 2287 Dum
1145 2257 1234 2288 inter
1249 2256 1371 2288 ducem
1384 2262 1419 2288 et
1433 2258 1559 2298 suppli-

857 2315 930 2338 cem
945 2305 1195 2338 tumultuatur!

898 2361 918 2388 8
943 2357 981 2387 In
1003 2358 1107 2388 eadem
1126 2357 1232 2397 parte]
1263 2358 1345 2389 Mss.
1361 2362 1397 2388 et
1413 2358 1509 2389 Voss.
1528 2359 1561 2388 in

856 2409 991 2439 eumdem
1016 2411 1150 2448 partem.
1191 2408 1295 2438 Cim-lc.
1356 2408 1395 2438 In
1424 2409 1560 2439 eumdem

853 2461 975 2498 purtem
991 2458 1103 2488 iuveni
1126 2458 1158 2488 in
1184 2458 1255 2489 solo
1281 2458 1395 2489 Oxon.
1418 2464 1454 2489 et
1472 2458 1559 2490 Edd.

857 2509 953 2539 Rom.
971 2508 1208 2539 Mediol.Ven.
1220 2509 1358 2539 Vascos.
1375 2508 1507 2540 Stradae
1524 2513 1560 2540 et

858 2558 1141 2598 Gryph..poster.
1172 2569 1237 2589 non
1263 2560 1372 2590 male:
1405 2559 1462 2589 sed
1492 2568 1558 2589 non

857 2608 1073 2639 sollicitanda
1099 2613 1227 2639 temere
1255 2613 1308 2639 est
1326 2609 1462 2647 vulgata
1491 2609 1559 2640 lec-

858 2657 917 2689 tio.
1590 2653 1597 2656 ”

901 2711 939 2740 1-1
995 2709 1200 2740 [Metiosedum
1240 2709 1355 2748 versus]
1419 2708 1559 2740 Erravit

855 2758 955 2791 Joan.
994 2759 1167 2799 Blandus,
1205 2758 1262 2799 qui
1299 2758 1363 2789 hoc
1393 2757 1554 2799 oppidum
