1818 3131
240 211 353 253 1260

237 310 422 345 deturbat)
453 310 541 341 Vide
567 309 714 341 Nonium
738 309 799 340 hoe
824 309 940 342 verbo.

237 364 351 394 Vorst.
375 370 507 401 qnoque
535 359 575 390 ad
599 360 690 392 Just.
718 368 775 390 111.
799 362 831 391 4.
857 360 942 390 citat

235 411 427 452 perturbare.
465 408 657 440 Proturbmoe
682 409 817 440 videtur
839 410 942 448 magis

238 462 349 492 locum
374 460 512 496 habere,
543 469 618 490 cum
647 459 719 499 quis
753 459 786 489 in
816 465 941 490 terram

239 521 362 551 pronus
376 510 543 551 dejicitur.
570 510 762 542 Fertur-bare
779 520 872 549 vero,
886 510 940 540 ubi

238 562 337 592 adest
360 560 526 592 confusio.
544 560 630 591 Vide
647 561 687 591 ad
707 570 745 591 11.
766 564 814 591 19.
850 562 858 576 ‘
877 560 941 591 His

239 611 341 642 facile
360 611 468 651 pulsis
485 620 524 641 ac
541 610 775 650 proturbatis.’

280 665 299 692 8
327 660 574 701 Administrare]
613 661 668 693 Sic
698 661 778 691 alibi
810 668 942 700 quoque

240 722 315 742 cnm
340 712 464 743 ceteris
489 711 670 742 Hister-icis
695 717 730 742 et
755 709 872 741 Poetis
896 708 942 739 lo-

240 762 354 803 quitur
370 762 496 793 Caesar.
527 762 647 793 Rarius
665 766 799 791 tamen:
833 763 868 789 at
893 758 944 789 bis

241 812 282 844 B.
303 811 392 843 Gall.
421 821 444 843 1.
477 815 527 842 10.
565 813 573 828 ‘
600 812 712 841 Caesm·
740 809 944 840 frumentum

239 860 408 902 flagitare,
444 867 480 892 et
517 860 607 891 diern
644 870 686 890 ex
724 859 779 889 die
818 858 944 889 ducere

243 910 338 941 AEdui
352 910 372 940 :¹
390 914 425 941 et
442 910 484 940 B.
501 910 572 940 Civ.
588 917 627 940 ιι.
645 911 699 939 20.
723 909 731 925 ‘
751 908 827 939 Hoc
840 907 945 948 magis

241 968 423 1000 properare
446 960 579 997 Varro:
604 967 660 989 ιιι.
679 960 731 989 12.
766 960 775 975 ⁴
793 958 849 988 Illi
866 966 945 988 vero

242 1009 385 1051 negare'
421 1019 450 1040 c.
470 1011 520 1039 17.
554 1007 647 1039 Hirt.
665 1008 706 1038 B.
724 1006 800 1038 At'r.
823 1015 852 1037 e.
871 1010 901 1039 1.
916 1010 947 1037 6.

241 1063 272 1090 7.
300 1063 351 1090 10.
384 1064 419 1090 et
449 1059 586 1099 pluries.
634 1058 764 1098 Saepius
791 1059 948 1098 σοφεν-νηί

242 1109 295 1140 vel
309 1111 422 1149 parant
447 1107 555 1138 addit.
578 1107 634 1138 Sic
652 1117 683 1137 c.
701 1109 754 1137 70.
787 1107 796 1122 ‘
814 1106 947 1137 Bellum

243 1163 342 1199 parat
367 1157 601 1188 administrare
616 1156 635 1187 :'
659 1161 693 1187 et
717 1155 946 1186 creberrime:

244 1217 349 1250 quare
367 1217 434 1238 non
452 1207 585 1237 omuino
603 1205 763 1236 auderem
781 1205 834 1235 hic
852 1205 949 1235 libra-

244 1258 300 1289 riis
315 1257 509 1289 adscribere
522 1256 684 1286 intrusam
697 1265 813 1286 vocem
822 1257 951 1294 paron&

245 1317 346 1350 quam
385 1307 540 1338 inserunt
578 1306 661 1336 Mss.
708 1310 839 1335 tantum
884 1314 949 1334 non

245 1368 371 1393 omnes,
389 1362 423 1387 et
437 1355 523 1386 Edd.
537 1355 672 1395 primm:
697 1364 759 1384 nee
775 1354 948 1384 nonvasc.

245 1411 312 1440 Str.
328 1406 445 1446 steph.
465 1405 597 1445 Gryph.
616 1410 703 1445 post.
722 1404 783 1434 nisi
801 1403 950 1434 viderem

244 1463 357 1489 tamen
381 1455 566 1488 fluctuasse
591 1454 766 1484 librarium
785 1453 879 1484 Leid.
897 1463 949 1493 pr.

245 1507 395 1544 Codicis,
411 1505 467 1546 qni
484 1512 585 1544 supra
603 1503 738 1534 inseruit
759 1506 900 1543 ceperunt
917 1507 951 1533 et

245 1558 298 1588 liic
324 1558 483 1596 pararent,
509 1559 544 1585 et
575 1554 608 1585 in
638 1553 824 1585 Oxoniensi
849 1553 951 1584 scribi

241 1607 372 1648 pariter.
421 1606 461 1637 In
479 1604 609 1636 Buslid.
624 1608 744 1644 parent.
776 1603 950 1636 Judicium

249 1667 353 1698 penes
368 1658 530 1688 lectorem
544 1660 627 1686 esto.
649 1655 751 1686 Certe
764 1664 826 1684 non
840 1659 952 1694 potest

247 1708 368 1740 referri
399 1708 441 1739 ad
472 1706 715 1747 praecedentia.
759 1706 836 1737 Non
863 1705 951 1735 enini

246 1765 367 1800 parant
396 1759 562 1789 Romanos
587 1756 786 1793 deturbare,
811 1756 869 1785 sed
895 1755 951 1785 de-

247 1810 398 1840 turbant.
446 1808 543 1840 Quod
568 1816 690 1846 magno
721 1815 823 1845 opere
849 1809 952 1843 auget

247 1858 474 1898 suspicionem
508 1855 792 1895 interpolationis.
838 1853 951 1883 Vertit

248 1909 390 1939 Graecus
403 1904 617 1940 καταβάλλειν
628 1904 768 1942 ἤρξαντο,
781 1901 821 1932 τά
828 1913 874 1940 τε,
887 1907 952 1932 «κο.

247 1957 342 1988 λοιπὰ
371 1954 612 1996 παρεσκεύαζον.
662 1955 715 1983 An
745 1954 831 1983 latet
861 1952 950 1982 aliud

248 2007 349 2050 quid?
367 2012 403 2037 nt
417 2007 530 2046 perite,
543 2008 672 2045 promte,
686 2004 738 2033 vel
754 2004 875 2034 simile.

294 2059 332 2088 10
360 2057 442 2087 Suus
465 2055 571 2095 cuique
591 2056 672 2084 locus
698 2056 763 2083 erut
791 2052 953 2093 definitus]

250 2107 384 2139 Codicis
404 2106 529 2136 Andini
553 2105 732 2135 lectionem
751 2104 951 2142 recepimus.

250 2156 379 2188 Noster
404 2156 445 2186 B.
463 2155 501 2185 C.
521 2163 575 2186 ιιι.
593 2158 645 2184 82.
674 2156 682 2169 ‘
701 2154 846 2193 Jamque
865 2154 953 2182 inter

249 2217 284 2237 se
308 2208 419 2246 palam
446 2205 488 2235 de
516 2204 662 2245 praemiis
688 2214 726 2235 ac
751 2203 953 2234 sacerdotiis

249 2257 514 2296 contendebant,
544 2257 577 2287 in
602 2265 771 2296 annosque
803 2256 954 2285 consula-

250 2315 321 2339 tmn
343 2306 551 2349 definiebant!
589 2306 744 2338 Justiuus
768 2315 844 2336 xrv.
871 2309 897 2336 1.
923 2308 953 2336 9.

249 2362 258 2375 ‘
269 2359 327 2398 lis,
339 2359 393 2399 qui
408 2357 567 2389 Eumenis
577 2360 681 2396 caput
693 2356 734 2386 ad
747 2355 954 2395 Antigonum

250 2409 467 2446 detulissent,
506 2416 627 2447 magua
661 2406 799 2446 praemia
827 2406 953 2447 delinie-

251 2458 386 2489 buntur.’
425 2458 537 2497 Vulgo
564 2461 639 2487 crat
660 2456 840 2486 attributus.
886 2456 954 2487 Sed

252 2520 293 2541 ea
310 2509 410 2540 lectio
436 2518 478 2538 ex
508 2507 788 2546 interpretatione
813 2507 956 2547 irrepse-

254 2564 318 2598 rat,
336 2563 373 2589 ut
389 2557 629 2589 animadvertit
644 2547 678 2588 J.
699 2556 733 2586 F.
753 2557 957 2595 Gronovius,

252 2619 352 2651 quein
367 2608 442 2638 vide
467 2607 509 2638 ad
533 2607 619 2638 Livii
644 2615 754 2636 xxxv.
777 2609 808 2637 7.
847 2606 955 2638 Dat-is.

254 2660 353 2691 More
377 2658 477 2689 solito
495 2657 645 2693 ,Andinis
670 2657 872 2687 membranis
890 2655 959 2686 suf·

252 2708 430 2749 fragantur
447 2708 674 2747 Oxonienses,
697 2712 733 2738 et
756 2717 805 2738 eae
821 2708 956 2747 quidem

254 2761 344 2792 nolae.
380 2759 497 2790 Valer.
523 2757 617 2788 Max.
642 2765 692 2788 ιν.
721 2759 752 2788 7.
791 2757 807 2796 ξ
831 2756 908 2788 En.
928 2759 956 2787 l.

705 217 849 247 NOTAE
883 215 1149 246 vAmoRUM
1185 215 1236 244 IN

990 310 998 325 ‘
1009 308 1312 349 Adpropinquante
1326 306 1450 337 deiude
1463 304 1602 336 definita
1613 304 1692 346 ὤσῃ·

991 360 1042 389 vel
1060 361 1068 375 ⁴
1082 357 1200 395 finita,'
1226 357 1313 398 qnod
1339 361 1390 387 est
1414 357 1445 386 in
1462 356 1546 386 Mss.
1563 355 1690 386 multis.

991 410 1078 441 Vide
1103 410 1193 441 etad
1213 419 1260 440 vi.
1279 412 1331 440 25.
1364 409 1373 425 ‘
1393 408 1471 439 Non
1488 407 1576 438 enim
1593 406 1693 436 aliter

991 460 1078 491 finiri
1098 459 1232 501 potest.’

1035 514 1069 541 ll
1107 510 1238 548 functis,
1266 508 1433 548 librilibus]
1469 506 1633 538 Nonnulli
1656 505 1693 536 li-

992 560 1137 598 malibus,
1153 569 1226 600 quae
1245 560 1346 590 lectio
1364 558 1488 589 firmari
1505 557 1632 598 poterit
1651 565 1694 587 ex

994 609 1154 649 X'egeti03
1178 609 1205 639 is
1216 609 1301 639 enim
1315 612 1416 640 ιι.23.
1438 610 1447 626 ‘
1462 608 1591 639 libralia
1604 599 1696 638 saxa'

993 662 1169 690 memorat.
1205 658 1271 689 Sed
1289 663 1462 697 receptam
1480 662 1596 688 tuetur
1620 657 1697 687 Fes-

995 716 1069 741 tus:
1093 719 1168 740 nam
1182 708 1227 739 ait
1245 711 1252 725 ‘
1267 707 1405 738 Librilia
1418 708 1636 747 appellantur
1650 707 1697 737 in-

994 764 1181 791 strumenta
1209 758 1344 794 bellica,
1377 766 1459 787 saxa
1489 756 1624 787 scilicet
1654 756 1695 786 ad

995 809 1122 840 brachii
1139 807 1399 839 crassitudinem
1422 806 1454 836 in
1479 804 1615 836 modum
1638 802 1695 835 fla-

995 860 1157 900 gellorum
1170 858 1251 889 loris
1269 857 1420 887 revincta
1434 856 1455 893 ;’
1480 855 1569 886 unde.
1582 854 1700 886 distin-

995 908 1162 950 guendum
1198 906 1348 944 videtur,
1372 905 1494 945 fundis,
1531 904 1699 943 librilibus,

997 957 1277 999 quemadmodum
1309 956 1412 987 etiam
1443 954 1575 986 censuit
1606 955 1699 987 Just.

996 1009 1128 1049 Lipsius
1145 1008 1292 1038 Poliorc.
1308 1016 1358 1037 xv.
1374 1006 1465 1037 Dial.
1483 1007 1514 1035 3.
1548 1005 1637 1035 Sane
1653 1003 1701 1035 sie

997 1059 1159 1090 exhibent
1176 1058 1241 1089 Ms.
1255 1058 1373 1088 Brant.
1387 1060 1422 1087 et
1436 1055 1580 1086 Graeeus
1596 1055 1704 1085 inter-⁴

998 1119 1090 1150 pre&
1117 1108 1175 1149 qui
1200 1108 1315 1146 vertit,
1337 1104 1528 1145 σφενδόναις,
1550 1102 1702 1143 μεγάλοις

997 1172 1031 1191 τε
1058 1160 1164 1191 λίθοις.
1203 1159 1314 1190 Dur-is.
1356 1158 1396 1188 In
1421 1157 1512 1187 nullo
1539 1155 1657 1187 codice
1683 1165 1705 1185 a

999 1209 1173 1241 scribitur.
1213 1208 1278 1238 Sed
1299 1207 1362 1238 mei
1386 1216 1500 1237 omnes
1524 1215 1599 1236 cum
1616 1206 1700 1236 Mss.

1000 1261 1110 1291 eiacc.
1135 1263 1169 1289 et
1194 1257 1280 1289 Edd.
1299 1257 1414 1298 primis
1440 1254 1704 1287 tuenturlibrili-

1000 1310 1072 1345 bus‚·
1099 1313 1257 1348 excepto,
1279 1307 1367 1348 quod
1385 1307 1519 1337 exsulet
1540 1315 1559 1335 a
1584 1305 1702 1345 Cujac.

1000 1358 1088 1388 Vide
1105 1362 1139 1388 et
1155 1357 1301 1387 Parenm
1316 1357 1348 1386 in
1368 1357 1449 1386 Lex.
1467 1355 1553 1386 Crit.
1570 1364 1600 1394 p.
1614 1356 1690 1385 67⁷.

1046 1410 1083 1438 13
1109 1404 1310 1444 Pensm-ent]
1349 1405 1388 1435 In
1414 1404 1496 1434 Cod.
1515 1404 1592 1434 Urs.
1612 1404 1702 1434 Bon-

1001 1467 1088 1498 gars.
1101 1467 1151 1498 pr.
1166 1456 1350 1493 Vossianis‚
1361 1454 1527 1494 Egmund.
1543 1455 1702 1494 Gottorp.

1003 1509 1130 1539 Lovan.
1142 1507 1288 1538 Dorvill.
1303 1511 1338 1536 et
1353 1506 1460 1536 Pulm.
1477 1506 1570 1545 legas
1583 1507 1704 1544 proter-

1002 1561 1081 1588 rent.
1107 1558 1199 1587 Bene
1216 1557 1242 1586 si
1257 1560 1441 1593 constaret,
1454 1564 1509 1586 eos
1524 1554 1703 1585 recessisse

1002 1609 1064 1638 lioc
1090 1614 1231 1638 terrore.
1278 1607 1326 1636 Ea
1353 1605 1440 1636 enim
1463 1605 1511 1635 vis
1534 1608 1587 1635 est
1610 1604 1704 1634 verbi

1000 1661 1192 1698 proterrere:
1216 1656 1258 1687 de
1283 1666 1350 1697 qno
1374 1655 1503 1694 egimus
1530 1655 1571 1685 ad
1596 1663 1630 1685 v.
1652 1656 1704 1685 58.

1001 1708 1078 1740 Jam
1104 1717 1183 1738 vero
1207 1711 1328 1737 contra
1355 1715 1372 1736 e
1395 1715 1489 1746 seqq.
1519 1709 1625 1745 patet,
1648 1713 1705 1735 eos

1003 1768 1067 1789 non
1099 1757 1203 1788 modo
1237 1757 1383 1788 tenuisse
1421 1756 1542 1794 locum,
1573 1754 1631 1785 sed
1669 1758 1705 1785 et

1004 1809 1110 1848 magis
1134 1807 1438 1848 adpropinquasse,
1461 1811 1496 1836 et
1519 1806 1705 1837 sublucent

1003 1858 1136 1888 demum
1155 1867 1189 1887 se
1207 1857 1248 1887 ad
1266 1867 1342 1887 suos
1360 1857 1540 1896 recepisse.

1047 1915 1187 1937 Lxxxu.
1219 1910 1236 1936 -t
1263 1906 1407 1946 Dclapsi]
1442 1906 1526 1936 Mss.
1553 1909 1588 1935 et
1615 1903 1703 1935 Edd.

1003 1957 1096 1987 Vctt.
1142 1956 1247 1986 delati.
1310 1956 1417 1985 Clark.
1470 1952 1707 1984 Καταπέσοντες

1004 2007 1117 2037 Gra‘e.
1163 2007 1276 2037 Quare
1314 2002 1394 2034 nihil
1430 2014 1542 2034 rursus
1573 2004 1706 2042 innovo,

1005 2055 1192 2095 pracsertim
1205 2065 1279 2085 cnm
1293 2055 1364 2084 hanc
1378 2055 1479 2085 lectio
1491 2053 1709 2085 confirmetur

1009 2106 1091 2136 Mss.
1120 2104 1209 2135 And.
1235 2106 1345 2135 Oxon.
1381 2104 1496 2144 Cujac.
1524 2103 1647 2144 Scalig.
1672 2107 1707 2134 et

1008 2156 1101 2187 Leid.
1119 2166 1168 2196 pr.
1200 2156 1240 2186 In
1259 2156 1396 2196 reliquis
1419 2161 1579 2186 exaratur
1600 2154 1708 2194 delati,

1006 2206 1096 2247 quod
1110 2216 1184 2236 suas
1198 2206 1299 2236 liabet
1317 2215 1467 2236 veneres.
1495 2206 1603 2237 Notat
1618 2204 1708 2236 enim

1007 2258 1178 2298 inproviso
1200 2267 1239 2288 eo
1264 2267 1461 2297 progressos
1477 2267 1516 2288 ae
1540 2257 1708 2297 delapsos.

1007 2309 1141 2340 Curtius
1166 2319 1199 2339 v.
1216 2311 1247 2339 4.
1276 2309 1356 2348 §m
1394 2311 1403 2326 ⁸
1428 2308 1530 2339 Velut
1544 2309 1576 2338 in
1592 2306 1706 2337 foveas

1007 2358 1111 2389 delati
1126 2357 1389 2389 hauriebantur!
1417 2359 1501 2390 Quae
1514 2366 1614 2388 voces
1627 2355 1707 2385 alibi

1008 2419 1141 2449 qnoque
1164 2412 1412 2449 permutantur.
1456 2407 1557 2447 Apud
1580 2406 1707 2436 Lucan.

1008 2467 1064 2489 ιιι.
1080 2461 1131 2489 57.
1155 2459 1163 2475 ‘
1183 2459 1360 2498 conlapsus
1376 2458 1406 2488 in
1424 2458 1517 2497 ignes
1538 2455 1706 2486 Plurimus

1007 2508 1048 2539 ad
1067 2514 1192 2539 terram
1206 2518 1266 2549 per
1280 2507 1419 2538 fulmina
1431 2505 1568 2536 decidat
1580 2503 1710 2534 astlier!

1009 2558 1046 2588 ln
1064 2558 1137 2588 aliis
1155 2558 1240 2589 Mss.
1261 2557 1385 2587 rectius
1407 2556 1568 2589 conlatum
1601 2559 1637 2584 ut
1661 2552 1710 2583 ibi

1008 2608 1173 2638 diximus:
1209 2616 1276 2647 qno
1303 2606 1437 2637 omnino
1465 2604 1547 2635 facit
1576 2603 1706 2634 'l'ibulll

1008 2658 1100 2688 locus
1137 2666 1185 2687 iv.
1210 2659 1239 2686 l.
1270 2658 1322 2686 22.
1361 2654 1556 2686 ‘contextis
1583 2652 1708 2694 passim

1007 2708 1091 2739 fluat
1106 2708 1237 2747 ignibus
1254 2706 1382 2739 aether!
1399 2708 1408 2724 ⁴
1424 2707 1576 2738 Conlatae
1589 2713 1684 2747 aquae
1697 2704 1705 2717 '

1009 2759 1128 2790 Curtio
1144 2767 1210 2789 νιι.
1227 2761 1277 2790 11.
1295 2760 1326 2788 3.
