1818 3131
415 216 506 247 uns.
539 213 614 244 111.
646 211 752 242 cAP.
781 202 824 243 7.
858 213 922 243 Du
955 213 1109 247 ”nuno
1141 213 1370 245 GALLICO.

163 311 204 344 ln
220 309 334 348 marg.
347 308 410 341 Ed.
426 308 540 339 Plani..
552 307 712 347 producta.
735 306 864 338 Omnes

162 369 243 392 vcro
261 359 340 392 Mss.
357 362 393 390 et
414 358 501 390 Edd.
515 357 642 387 habent
653 357 816 397 perducta,
832 357 865 388 id

162 415 228 446 est,
245 409 346 450 plane
362 408 531 439 deducta:
566 416 641 448 quae
659 407 706 437 vis
736 416 865 447 proepo.

163 460 292 492 sitionia
313 469 371 501 per
395 458 429 490 in
456 457 611 490 omnibus
636 456 706 488 fero
731 467 865 499 compo-

164 510 250 542 sitis.

201 559 245 590 P.
259 558 377 589 Sextus
393 558 546 598 Baculus]
591 557 733 589 Orosius
756 562 793 589 et
807 568 864 589 ex·

158 608 306 648 scriptor
344 608 416 649 ejus
464 608 674 648 Freculphm
712 609 866 640 Pacuvius

159 662 320 698 corrupte
336 658 487 691 habent:
527 658 558 688 in
587 657 766 699 Anonymo
790 667 866 689 nos·

159 711 225 748 tro,
241 712 279 738 ut
293 712 405 746 antea,
423 713 618 740 constanter
641 714 692 740 est
705 710 714 728 ‘
727 709 768 742 P.
784 710 866 740 Sex-

158 758 227 789 ssus
243 757 418 788 Baculus!
460 758 592 790 Vossius.
637 759 746 791 Editt.
766 758 865 791 Rom.

157 811 195 838 et
205 807 289 840 ch.
299 808 354 848 (ae
366 807 474 849 Med.)
484 808 645 840 exhibent
656 809 666 827 ‘
680 809 720 840 P.
730 808 865 840 Sextius

158 857 368 898 Bibaculus‚'
385 862 421 889 et
436 859 500 890 hoc
513 858 614 890 modo
631 859 755 900 ubique
770 869 866 900 repo·

157 908 305 941 nondum
335 913 542 942 censuerunt
571 909 673 942 Joan.
701 910 864 941 Brantius

157 962 195 990 et
221 958 277 989 Fr.
306 958 561 999 Hotomannus,
591 969 692 1002 quem
718 958 798 991 vido
823 959 866 993 ad

158 1008 200 1041 B.
220 1008 262 1039 G.
279 1017 320 1042 11.
337 1012 389 1041 25.
436 1009 548 1042 Davi-⁹.

201 1067 251 1089 vx.
274 1062 295 1090 4
332 1059 398 1091 Eos
415 1060 470 1099 qui
493 1060 528 1091 in
551 1069 635 1100 spem
651 1060 865 1099 potiendarum

157 1110 329 1141 castrorum
343 1107 505 1148 tenerum]
537 1109 738 1140 Ciacconius
752 1114 787 1140 et
803 1110 865 1140 Ur-

158 1158 262 1197 sinus,
275 1159 329 1199 qui
343 1168 394 1198 spe
407 1169 441 1199 p.
458 1169 485 1191 c.
499 1163 646 1191 venerant
664 1159 792 1200 legunt,
806 1159 863 1191 ab·

159 1208 261 1239 surde
288 1208 454 1249 profecto.
514 1208 603 1240 Nam
629 1209 764 1242 omniuo
789 1211 862 1243 haec

158 1257 344 1290 differunt:
384 1260 432 1290 ait
463 1260 577 1291 Caesar
603 1260 768 1294 barbaros
791 1262 863 1301 jam

156 1316 251 1348 spem
279 1308 434 1340 habuisse
465 1314 580 1341 castra
618 1310 860 1351 expugnandi:

155 1358 218 1398 illi,
232 1368 288 1389 eos
306 1360 451 1397 venisse,
464 1364 502 1391 ut
516 1361 636 1391 castris
654 1361 862 1400 potirentur.

155 1406 211 1439 Sic
227 1409 332 1441 etiam
348 1410 481 1441 locutus
506 1418 531 1442 1.
558 1413 610 1440 18.
634 1410 643 1429 ‘
658 1411 693 1441 Si
710 1412 792 1452 quid
809 1421 863 1443 ac·

156 1457 248 1489 cidat
266 1459 437 1497 Romanis,
454 1469 615 1490 summam
631 1460 663 1492 in
680 1470 774 1500 spem
789 1471 862 1502 reg-

156 1508 192 1541 ni
222 1517 284 1548 por
312 1509 493 1541 Helvetios
519 1509 694 1541 obtinendi
721 1510 862 1541 venire!

161 1559 297 1591 Vossius.
355 1559 410 1590 Sic
443 1568 576 1600 quoquo
604 1567 672 1589 vn.
703 1562 755 1591 12.
794 1563 802 1578 ‘
822 1560 862 1592 In

158 1617 254 1648 spem
279 1607 395 1639 auxilii
418 1607 610 1639 venerunt!
656 1617 686 1640 c.
712 1612 764 1640 29.
788 1609 797 1626 ‘
813 1609 863 1640 Si-

156 1658 226 1690 mul
253 1658 286 1689 in
315 1666 409 1697 spem
434 1657 619 1688 veniebant
644 1657 686 1689 de
702 1658 862 1699 reliquis,’

158 1709 224 1740 Sic.
271 1708 313 1740 B.
345 1707 419 1739 Civ.
447 1716 473 1738 1.
499 1710 552 1740 71.
578 1707 645 1737 ‘In
671 1716 744 1738 eam
769 1717 863 1747 spem

158 1757 324 1790 venerat.'
371 1757 465 1789 Cort.
482 1757 524 1788 ad
541 1757 614 1790 cic.
630 1756 673 1789 ad
691 1758 784 1789 Fam.
807 1766 861 1790 lx.

158 1810 222 1850 Ep.
239 1812 269 1840 1.
294 1810 303 1827 ‘
323 1808 364 1840 In
380 1817 475 1849 spem
492 1811 605 1840 tamen
619 1807 743 1837 venio.’
771 1807 863 1838 Dein

155 1859 378 1901 potiundorum
392 1857 504 1897 Bong.
516 1856 616 1898 prim.
630 1856 754 1891 Petav.
769 1857 862 1896 Egm.

158 1912 230 1945 etfi
245 1908 302 1940 alii
317 1917 394 1940 cum
408 1907 496 1939 Edd.
514 1906 647 1947 priscis.
693 1907 813 1946 Recte,
824 1911 863 1937 ut

159 1959 285 2000 saepius
308 1958 409 1990 alibi:
435 1958 444 1976 ⁴
460 1966 537 1998 spes
552 1956 710 1997 potiundi
736 1957 863 1998 oppidi‘

158 2019 202 2043 11.
228 2012 261 2041 7.
291 2010 301 2029 ‘
319 2007 483 2046 faciundi,
513 2006 766 2046 interficiundi‚’
800 2010 862 2040 ὅτε.

159 2069 185 2092 1.
198 2064 228 2091 7.
245 2062 296 2092 13.
314 2062 367 2091 31.
391 2068 426 2090 v.
444 2061 496 2089 29.
507 2061 560 2090 41.
596 2067 662 2091 VII.
676 2061 729 2091 56.
763 2059 806 2090 B.
822 2059 862 2092 C.

159 2119 186 2145 1.
202 2113 254 2141 41.
277 2119 318 2141 11.
336 2112 388 2142 39.
413 2117 469 2141 111.
486 2111 518 2141 2.
564 2108 622 2139 Bis
634 2107 697 2139 hoc
713 2108 864 2140 restituit

163 2160 323 2192 Heinsius
341 2159 465 2191 ovidio
480 2159 566 2193 Met.
582 2167 633 2192 ιε.
647 2161 722 2193 752.
739 2168 774 2194 x.
787 2162 863 2197 569.

163 2210 286 2251 aliique
304 2210 378 2240 aliis
394 2209 488 2241 locis.

204 2262 223 2290 7
252 2260 326 2290 Plus
340 2258 435 2290 tertia
446 2261 537 2298 parte
550 2257 730 2299 interfecta]
752 2258 865 2291 Etiam

163 2308 361 2350 Anonylnns
384 2309 516 2348 amph‘us
540 2317 564 2340 x
587 2309 732 2340 millibus.
779 2309 866 2341 Oro,

163 2359 231 2395 sins
248 2363 361 2390 tamen
381 2362 416 2389 et
431 2358 640 2398 Frcculphns
666 2367 744 2389 xxx
772 2360 866 2392 milia

163 2418 254 2442 caesa
271 2409 375 2442 aiunt.
423 2408 523 2440 Quod
539 2417 605 2439 non
633 2413 700 2439 tam
727 2409 866 2450 librarii,

163 2468 260 2501 qnam
279 2459 410 2491 illorum
436 2468 509 2490 esse
537 2468 688 2490 errorem
708 2459 863 2494 arbitror.

170 2509 303 2545 Vossius.

208 2568 273 2590 vu.
297 2562 317 2590 *1
349 2558 525 2601 Illyricum]
562 2559 727 2599 Bongars.
752 2569 804 2600 pr.
831 2565 866 2591 et

164 2608 321 2644 Leidens.
338 2619 389 2650 pr.
416 2614 536 2641 carent
561 2612 605 2648 τῷ
631 2610 683 2641 in.-
718 2615 753 2641 et
777 2619 866 2650 saepe

165 2659 337 2698 regionum
354 2658 543 2690 nominibus
561 2664 679 2690 eontra
696 2660 867 2700 vulgarem

167 2707 476 2741 Grammaticorum
501 2710 651 2749 regulam
679 2719 747 2741 uon
775 2710 869 2741 addi.

170 2760 246 2801 tiu-5
279 2758 331 2792 uti
346 2764 467 2795 contra
482 2760 613 2794 urbium
629 2760 762 2793 uomina.
776 2770 867 2804 saepe

1505 205 1618 250 1011

914 310 1193 350 praepositionem
1228 310 1410 350 recipiunt.
1471 310 1619 345 Consule

915 364 1033 391 notata
1049 361 1090 392 ad
1111 362 1235 392 Lucan.
1253 370 1332 392 vm.
1359 364 1432 392 108.
1447 364 1523 394 428.
1545 366 1621 396 845.

914 409 1033 442 Davi&
1062 411 1102 441 ad
1130 411 1222 443 Hirt.
1248 410 1354 443 Praef.
1384 412 1404 443 l.
1422 421 1502 443 vni.
1526 413 1534 428 ‘
1557 414 1620 444 Re·

916 467 988 488 rum
1006 464 1177 499 gestarum
1189 461 1313 492 Galliae
1328 461 1347 492 :’
1371 465 1406 492 ct
1422 461 1471 493 ita
1483 462 1620 503 Apulei.

915 507 1060 539 Metam.
1077 509 1141 540 Ed.
1160 510 1255 542 Colv.
1272 512 1294 542 l.
1308 521 1346 542 11.
1365 522 1398 552 p.
1415 514 1467 546 28,
1490 513 1499 531 ⁴
1516 514 1620 545 Meri.

915 562 1019 600 toque
1034 559 1167 600 ignoras
1176 560 1357 592 Thessalia·
1372 567 1405 592 tc
1416 563 1621 596 consistere!

916 609 1068 640 Pricaeus
1094 610 1177 649 legit
1198 611 1270 641 sine
1287 613 1491 644 necessitate
1508 614 1621 645 medio-

915 669 981 699 que.
1027 658 1116 689 Vide
1130 663 1165 690 et
1181 659 1276 692 Colv.
1292 661 1334 691 ad
1351 662 1373 691 Ι.
1391 671 1414 692 1.
1431 673 1463 702 p.
1477 666 1508 694 9.
1524 664 1533 678 ⁴
1548 663 1621 694 Ma-

916 709 1094 740 cedoniam
1119 708 1329 749 profectusz'
1364 712 1420 752 qui
1439 716 1550 743 tamen
1574 714 1622 745 lo-

916 769 975 791 cus
999 769 1065 791 uon
1086 765 1141 791 est
1164 770 1274 792 sanus.
1322 760 1397 792 Hoc
1414 772 1512 793 sensu
1531 763 1622 796 foret

917 809 1119 850 capiendum
1135 810 1169 841 iu
1182 810 1366 842 Catalectis
1379 811 1503 853 Scalig.
1521 823 1554 852 p.
1569 817 1621 846 91.

915 861 924 877 ‘
943 860 1065 893 Qualia
1075 860 1260 891 Trinacriae
1278 861 1399 892 doctus
1413 868 1505 892 amat
1525 863 1623 904 juve·

915 910 989 949 nis?
1032 910 1068 941 Si
1085 910 1220 951 quidem
1235 920 1319 942 vera
1334 914 1387 942 est
1402 912 1524 943 lectio:
1543 922 1621 944 nam

916 961 1033 1001 placet
1049 961 1170 1000 magis,
1191 960 1280 1000 quod
1311 962 1362 992 Cl.
1388 962 1621 995 Broukhnsius

916 1010 967 1041 sui
983 1011 1059 1042 libri
1074 1011 1218 1051 margini
1231 1011 1359 1042 adierit
1374 1012 1557 1048 Trinacria;
1582 1017 1622 1044 ut

914 1060 959 1090 sit
981 1059 1112 1090 dictum
1133 1060 1266 1091 Juvem's
1290 1061 1475 1095 Trinacrim
1508 1070 1622 1102 quem.

915 1108 1097 1141 admodum
1113 1110 1218 1150 hospes
1231 1110 1364 1150 Epheso,
1377 1110 1550 1151 Ζαεῃηεήο,
1570 1112 1623 1143 Π·

913 1168 986 1190 num
1010 1159 1100 1199 Chio,
1122 1160 1254 1199 Magius
1278 1161 1447 1196 Cremona:
1485 1160 1527 1191 de
1554 1172 1620 1202 quo

914 1208 958 1240 ad
974 1210 1015 1241 B.
1033 1209 1106 1240 Civ.
1132 1219 1156 1240 1.
1180 1213 1235 1241 24.
1262 1220 1340 1243 nam
1363 1211 1493 1242 Jurenis
1511 1212 1621 1243 Trina.

913 1258 989 1290 cria
1014 1268 1077 1300 pro
1103 1259 1206 1290 Siculo
1229 1260 1346 1300 inepte
1371 1260 1505 1292 dicitur.
1564 1262 1621 1292 De

913 1308 1124 1340 Accusativo
1141 1310 1221 1341 vide
1236 1310 1412 1342 Sanctium
1433 1316 1468 1342 et
1485 1311 1526 1342 ad
1543 1320 1621 1343 eum

914 1358 1071 1391 Perizou.
1088 1360 1176 1391 Min.
1193 1369 1243 1392 lv.
1259 1363 1291 1391 6.
1307 1361 1367 1400 §3.
1385 1370 1424 1391 ac
1451 1371 1533 1401 quos
1550 1361 1621 1392 lau-

914 1407 974 1439 dat
991 1408 1129 1440 Cortius
1146 1409 1189 1439 ad
1206 1409 1344 1440 Sallust.
1358 1410 1438 1450 Jug.
1455 1420 1485 1440 c.
1503 1413 1534 1441 7.
1559 1412 1620 1450 ξ2.

913 1457 922 1475 ‘
941 1459 1035 1491 Quos
1050 1458 1246 1499 Hispaniam
1259 1459 1442 1498 mittebat,'
1460 1460 1620 1501 aliosque.

913 1508 1040 1540 Justin.
1064 1517 1129 1539 vu.
1157 1512 1186 1540 1.
1211 1509 1220 1527 ‘
1239 1510 1322 1540 Cum
1351 1509 1540 1540 Emathiam
1566 1519 1622 1541 ve·

914 1558 1040 1590 nisset.’
1096 1558 1152 1588 sie
1168 1563 1296 1598 praeter
1312 1559 1394 1589 alios
1421 1559 1489 1590 dno
1516 1561 1621 1592 etiam

914 1608 999 1638 Mss.
1027 1617 1047 1638 a
1072 1616 1126 1639 me
1154 1608 1238 1639 visi:
1276 1609 1378 1648 vulgo
1394 1608 1427 1640 in
1443 1609 1485 1640 E.
1532 1610 1620 1642 Vide

913 1662 949 1688 et
963 1657 1051 1689 infra
1065 1658 1183 1690 Davis.
1201 1658 1244 1691 ad
1260 1667 1295 1694 v.
1310 1662 1363 1688 55.
1382 1659 1424 1689 B.
1437 1659 1512 1690 Civ.
1530 1669 1554 1691 1.
1568 1662 1620 1693 31.

912 1707 1025 1738 ‘Cum
1052 1706 1207 1740 Africam
1232 1707 1390 1739 venisset’
1427 1709 1512 1742 Mss.
1539 1710 1619 1749 duo,

914 1757 1015 1787 Adde
1040 1758 1081 1789 B.
1099 1757 1172 1788 Civ.
1196 1765 1252 1789 111.
1281 1760 1333 1789 10.
1360 1760 1412 1789 41.
1435 1758 1621 1792 ‘Macedo-

914 1808 1002 1839 niam
1029 1807 1070 1838 ad
1098 1807 1300 1846 Pompeium
1328 1809 1496 1847 pervenit'
1531 1810 1619 1843 Mss.

914 1867 1030 1889 omnes
1044 1857 1139 1889 fere:
1173 1863 1210 1890 et
1236 1868 1352 1892 omnes
1377 1870 1408 1891 e.
1437 1863 1510 1891 106.
1544 1862 1621 1893 ‘ffi-

915 1912 1058 1948 gyptum
1073 1908 1140 1939 iter
1155 1908 1303 1941 habere.'
1341 1910 1383 1941 B.
1401 1909 1503 1942 Alex.
1520 1920 1550 1942 c.
1565 1913 1619 1943 35.

915 1958 925 1974 ⁴
943 1957 1128 1990 Profectus
1154 1962 1207 1993 est
1226 1959 1436 1990 Armeniam'
1460 1961 1528 1993 ΜΞ.
1555 1962 1623 1992 Pe.

915 2012 984 2039 tav.
1002 2009 1043 2041 V.
1062 2009 1164 2040 etiam
1180 2020 1211 2042 c.
1230 2013 1281 2041 13.
1308 2015 1344 2041 et
1368 2010 1416 2043 sic
1444 2011 1528 2042 Mss.
1551 2021 1619 2043 oin.

914 2068 974 2091 nes
1001 2060 1034 2091 in
1063 2061 1103 2092 B.
1123 2061 1223 2101 Hiap.
1250 2070 1279 2093 c.
1308 2064 1360 2095 85.
1383 2062 1392 2079 ‘
1409 2062 1620 2097 Lusitaniam

915 2110 1169 2152 proficiscitur!
1212 2113 1254 2144 Iu
1274 2112 1437 2144 Ablativo
1465 2114 1492 2144 si
1519 2123 1621 2154 pona.

915 2166 971 2193 tur
996 2162 1145 2203 regionis
1174 2172 1308 2201 nomen,
1335 2172 1432 2204 aeque
1447 2164 1519 2195 sitne
1535 2174 1619 2204 prae.

915 2212 1094 2253 positione,
1111 2222 1149 2244 ac
1164 2223 1239 2243 cum
1256 2222 1294 2242 ew
1312 2213 1463 2244 construi
1478 2215 1574 2247 salet.

958 2264 977 2293 7
1012 2263 1180 2294 Proximus
1210 2273 1219 2291 ⁷
1316 2263 1453 2303 Oceano]
1499 2265 1619 2304 Miror,

917 2312 1138 2344 fiaceonium
1168 2313 1236 2345 dier
1254 2328 1284 2342 2.-
1310 2313 1393 2345 illud
1421 2315 1619 2345 mcxv-iaham.

917 2363 1010 2401 dare,
1040 2368 1075 2393 et
1102 2363 1362 2404 expungendum
1388 2373 1470 2397 esse.
1530 2364 1619 2397 Nam

916 2413 1147 2444 eodemmodo
1160 2414 1245 2444 dixit
1257 2413 1299 2444 de
1314 2413 1353 2447 Β,
1367 2413 1411 2445 G.
1429 2415 1450 2444 l.
1464 2423 1489 2446 1.
1508 2415 1618 2444 “Eam

917 2472 987 2494 rem
1003 2473 1068 2495 non
1084 2465 1193 2495 minus
1217 2474 1259 2496 ex
1289 2473 1350 2495 usu
1367 2469 1466 2494 terrae
1485 2465 1618 2503 Galliae,

917 2523 1018 2553 quam
1031 2514 1072 2544 P.
1090 2514 1130 2545 R.
1145 2514 1310 2545 accidisse
1325 2513 1345 2546 ε’
1377 2514 1497 2546 eodem
1518 2514 1618 2545 modo

907 2562 1032 2602 flumen
1045 2564 1185 2603 Rhenum,
1207 2569 1242 2595 et
1257 2564 1377 2603 digitus
1400 2565 1502 2604 pollex
1518 2563 1619 2597 dixit.

918 2613 1008 2644 Nam
1029 2614 1169 2646 Oceanus
1184 2619 1237 2646 est
1253 2614 1424 2654 peculiare
1441 2623 1559 2646 nornen
1582 2614 1620 2646 il·

918 2662 980 2693 lius
997 2664 1109 2694 maris.
1137 2665 1200 2697 Cui
1217 2665 1370 2704 ignarum
1390 2664 1472 2694 illud
1485 2663 1616 2699 'racina

916 2711 927 2730 ‘
943 2713 1032 2745 Mari
1055 2714 1207 2753 Oceano,
1224 2724 1283 2745 ant
1307 2714 1498 2755 longinquis
1514 2713 1619 2750 amni.

917 2761 978 2797 bus
992 2768 1124 2809 septum
1137 2762 1339 2804 imperium.'
1382 2762 1517 2798 Vossius.
1560 2762 1617 2799 lta
