1818 3131
230 175 342 217 1192

226 277 322 320 signa
336 277 499 309 militaria
515 276 720 315 conferrent,
741 281 820 309 tunc
845 286 929 308 sum-

227 337 284 360 ma
299 327 532 358 taciturnitate
557 327 669 358 omnia
685 336 820 368 semper
841 327 931 359 cohi-

228 376 312 417 bita.
359 377 446 408 Nam
464 377 527 408 boc
550 377 679 409 indicat
703 387 767 409 vox
784 378 841 409 illa
863 387 931 410 con-

227 426 379 456 tinentur.
424 426 532 457 Porro
558 426 652 466 illud,
676 427 764 468 quod
796 427 843 458 ait
870 436 932 467 per

229 476 355 506 collata
380 475 474 515 signa
500 476 666 508 Carnutes
693 477 867 517 petivisse,
889 486 930 509 ne

231 525 273 555 ab
305 526 439 556 caeteris
466 525 715 565 desererentur,
741 527 850 557 simile
881 531 933 558 est

231 576 382 608 nomano
400 577 503 615 mori;
535 587 611 608 nam
631 578 765 618 quando
781 578 933 618 conjura·

230 626 315 656 bant
351 626 485 666 milites,
527 627 709 668 imperator
750 628 932 664 exercitus,

229 676 372 715 prolatis
382 676 512 708 duobus
525 678 656 710 vexillis
670 677 826 708 dicebat:
843 678 851 693 ‘
867 678 933 709 Qui

230 726 304 757 vult
341 727 465 758 salvam
504 728 625 767 Renip.
663 737 716 758 me
753 726 932 767 sequatur!

234 775 343 806 Autor
357 777 492 808 Servius
505 782 555 807 est
571 778 604 808 iu
618 776 750 808 AEneid.
762 785 841 807 vm.
855 786 862 806 :
877 774 934 816 qui

231 825 281 875 ait
317 827 585 867 conjurationem
620 827 720 857 talem
759 825 831 856 ficri
867 835 933 856 non

230 876 378 914 solitam,
394 877 469 910 nisi¹
483 882 634 916 tempore
650 875 763 906 Italici
780 876 832 906 vel
856 876 935 907 Gal-

229 925 286 956 lici
303 924 395 956 belli.
434 925 569 956 Vossius.

272 977 293 1006 6
327 975 395 1010 Quo
417 985 498 1006 more
521 985 622 1008 eorum
642 977 834 1015 gravissi-mae
848 977 933 1006 coeri-

229 1025 340 1056 monice
361 1025 569 1065 continentur]
628 1026 736 1057 Codd.
761 1027 934 1064 nounulli;

233 1074 334 1114 Quod,
344 1086 426 1106 more
435 1085 549 1114 eorum,
562 1077 748 1115 grat-issima
761 1078 936 1108 acrimonia

231 1127 423 1157 continetur.
460 1126 526 1156 Sed
552 1131 691 1167 prarstat
718 1127 853 1167 vulgata
869 1127 936 1158 lec-

232 1175 293 1207 tio.
328 1177 435 1206 Clark.
473 1176 564 1206 Ante
580 1176 753 1216 Ursinuin‚
771 1182 805 1207 ut
830 1181 866 1208 et
882 1177 936 1207 de-

232 1225 350 1266 inceps
389 1226 420 1256 in
458 1227 574 1257 multis
610 1227 721 1257 lidius
763 1236 801 1257 ac
839 1227 936 1265 longe

230 1276 385 1316 plurimis
403 1276 485 1306 Mss.
510 1280 637 1314 exstat,
659 1277 736 1315 quod
753 1276 937 1314 gravissima

231 1325 397 1356 cerimonia
406 1325 594 1355 continetur.
627 1325 692 1354 Sed
708 1324 819 1355 Ursini
832 1324 937 1355 Codd.

232 1374 450 1405 consentiunt
466 1374 590 1405 rectius
608 1374 697 1405 And.
712 1374 825 1405 Oxou.
839 1374 937 1406 Leid.

231 1424 332 1466 prim.
349 1429 384 1455 ct
410 1424 531 1464 Scalig.
555 1424 752 1455 continentur
775 1424 939 1456 exhibent

232 1484 364 1516 quoque
388 1474 487 1506 Gott.
507 1479 542 1505 et
557 1475 652 1505 Voss.
680 1478 760 1504 tert.
777 1484 853 1505 cum
873 1475 937 1506 Ed.

231 1526 384 1557 Incerta.
408 1526 513 1556 Error
526 1529 624 1556 natus
640 1534 681 1555 ex
693 1525 846 1555 sollemni
861 1534 937 1556 con-

232 1575 362 1607 fusione
391 1576 448 1606 τοῦ
473 1585 529 1616 quo
558 1579 593 1607 et
623 1576 721 1615 quod;
748 1584 846 1616 quam
864 1575 938 1616 jam

234 1627 420 1667 saepissime
433 1625 648 1658 offendimus.

276 1687 335 1710 111.
346 1681 365 1709 2
377 1678 553 1718 Cenabum]
567 1677 705 1715 Γήναβον
717 1676 840 1708 Strabo
855 1686 937 1708 nun-

235 1733 362 1769 cupat:
389 1728 598 1758 Ptolemaeus
616 1726 792 1763 Καίναβονι
823 1727 939 1758 Orosi-

234 1788 272 1809 us
299 1779 467 1819 Ceuupum.
518 1778 558 1808 In
584 1778 759 1808 itinerario
776 1777 938 1808 Antonini

234 1832 431 1859 constanter
444 1827 598 1857 omnibus
610 1827 692 1858 locis
702 1832 755 1857 est
770 1826 938 1857 Cenabum.

240 1878 372 1908 Vossius.
414 1876 514 1907 Adde
544 1877 686 1907 Rliellic.
715 1881 750 1907 et
779 1877 938 1907 Ciaccon.

235 1928 346 1959 Etiam
366 1927 521 1958 Cenabum
543 1928 610 1957 Ms.
636 1927 686 1957 Cl.
705 1926 939 1966 Haverkampi

236 1979 326 2020 apud
342 1979 441 2009 Oros.
457 1987 506 2009 vr.
525 1981 576 2009 11.
608 1978 730 2009 Nullus
746 1981 859 2008 tamen
874 1987 941 2008 me-

235 2039 332 2061 orum
358 2029 412 2059 hic
435 2028 499 2060 loci
524 2028 628 2058 habet
653 2027 823 2058 Cenabum.
872 2027 940 2058 Sed

235 2079 289 2110 vei
307 2079 460 2118 Geuubiu,
478 2079 530 2110 vel
555 2077 719 2117 Genabim,
734 2078 787 2108 vel
802 2077 941 2108 Genebin

236 2139 313 2161 cum
330 2129 417 2160 Edd.
436 2129 566 2168 priscis.
599 2128 723 2159 Genabi
741 2127 834 2158 Leid.
853 2137 903 2167 pr.
922 2138 941 2158 a

236 2189 281 2210 m.
309 2188 378 2209 sec.
408 2184 442 2209 at
465 2189 495 2209 c.
531 2181 582 2209 ll.
621 2178 756 2219 plurimi
791 2178 941 2209 retinent

238 2229 412 2261 Cenabum.
428 2233 462 2259 at
479 2238 558 2259 vm.
576 2233 605 2260 5.
623 2230 685 2259 διο.
710 2228 792 2259 Mss.
811 2233 941 2260 tantum

237 2292 304 2314 non
335 2292 449 2313 omnes
476 2287 511 2312 et
537 2281 624 2312 Edd.
661 2290 718 2322 pp.
746 2282 772 2310 C
799 2281 938 2312 habent.

237 2332 337 2366 Quod
377 2332 501 2373 ubique
546 2339 668 2363 contra
706 2331 855 2371 Xyland.
898 2332 940 2362 ad

236 2382 392 2414 Strabon.
412 2392 444 2422 p.
462 2384 536 2413 201.
552 2380 693 2422 praesert
705 2381 829 2412 Surita.
853 2381 940 2412 Vide

238 2442 314 2464 eum
328 2442 360 2473 p.
374 2435 448 2464 348.
472 2432 533 2463 Ed.
548 2432 762 2471 Wesselingi‚
777 2431 834 2473 qui
847 2431 940 2463 dubi-

238 2487 290 2514 tat
306 2486 416 2513 tamen
434 2492 466 2522 p.
486 2485 558 2513 367.

281 2535 300 2563 3
328 2532 391 2567 Qui
408 2531 588 2572 negotiandi
611 2541 716 2562 caussa
739 2531 782 2562 iln'
798 2532 940 2563 coustile-

236 2582 325 2623 rant]
354 2582 506 2615 Quorum
523 2583 616 2613 varia
632 2591 755 2622 genera
774 2581 889 2623 fuisse,
906 2588 941 2614 et

240 2633 396 2674 collegia,
411 2633 562 2664 iudicant
585 2637 669 2663 vett.
692 2632 940 2673 inscriptiones.

239 2685 294 2715 Sic
344 2691 619 2715 NEGOTlATom-:s
671 2691 942 2723 FRL'MENTARH,

243 2734 363 2775 aliique
396 2733 503 2765 suere.
556 2733 768 2764 Constiterant
804 2733 857 2764 hic
889 2739 942 2765 est

701 184 840 215 Nom:
873 182 1136 216 VARloRUM
1174 185 1221 214 ΙΝ

980 277 1209 312 morabantur,
1231 273 1414 314 degebant.
1451 274 1538 305 Usus
1561 272 1679 305 eadem

981 336 1064 358 voce
1077 325 1163 357 iufra
1178 326 1290 357 Caesar
1306 335 1335 356 c.
1351 327 1405 355 42.
1430 326 1439 342 ‘
1456 324 1551 356 Idem
1566 323 1680 354 facere

982 380 1108 416 cogunt
1131 383 1200 414 eos,
1218 374 1274 415 qui
1291 373 1485 414 negotiandi
1501 382 1619 404 caussa
1634 372 1681 405 ibi

982 425 1225 458 constiterant!
1251 425 1435 466 Reperitur
1448 423 1566 455 eodem
1581 423 1681 454 modo

982 477 1016 508 id
1041 478 1149 507 veteri
1174 476 1302 516 lapide,
1331 477 1386 517 qui
1414 476 1570 508 iuventus
1590 473 1680 514 apud

983 524 1092 558 forum
1104 526 1364 565 Segusianoruin
1380 536 1386 556 z

1175 575 1369 606 NVMINI.
1393 574 1491 607 Avo

1161 623 1275 655 DEO.
1299 623 1505 656 SILVANO

1132 674 1286 705 FABRI.
1308 674 1529 705 TlGNVAR

1123 724 1215 757 Qvi.
1241 723 1383 755 FORO.
1405 723 1544 755 SECVS

1193 772 1485 805 CONSISTVNT

1219 825 1263 855 D.
1287 824 1321 855 S.
1348 825 1386 856 P.
1413 824 1451 856 P.

991 874 1124 904 Vossius.

1028 928 1047 955 4
1082 924 1211 956 Fusium
1240 924 1378 964 Cottam]
1418 924 1542 966 Fufium
1573 929 1625 956 est
1652 925 1686 956 in

987 974 1150 1014 Bongars.
1177 985 1227 1015 pr.
1255 975 1352 1006 Voss.
1381 984 1432 1015 pr.
1459 979 1494 1006 et
1519 975 1686 1015 Egmund.

986 1024 1114 1055 Fufium
1138 1025 1208 1056 sch.
1233 1025 1343 1055 Pnlm.
1369 1024 1419 1055 Ac
1438 1025 1544 1055 Citam
1561 1023 1686 1056 habent

987 1075 1088 1106 iidem
1115 1086 1190 1107 cum
1221 1076 1336 1115 Cujac.
1367 1074 1487 1105 Petav.
1513 1075 1608 1106 Leid.
1637 1084 1688 1115 pr·

988 1125 1154 1165 Egrnuud.
1184 1125 1316 1155 Buslid.
1343 1124 1518 1165 tribusque
1546 1124 1630 1163 aliis,
1651 1128 1688 1155 et

988 1175 1050 1206 Ed.
1075 1175 1236 1206 Incerta:
1267 1175 1315 1205 uti
1344 1179 1379 1206 et
1404 1175 1488 1205 Mss.
1512 1174 1628 1205 Ursini
1652 1180 1688 1205 et

988 1226 1134 1257 Brautii.
1178 1226 1432 1266 Metaphrastes
1456 1232 1590 1266 quoque
1619 1233 1688 1254 non

987 1276 1142 1315 agnoscit
1171 1276 1314 1311 Cottam;
1358 1275 1416 1306 sed
1450 1275 1554 1306 vertit
1591 1274 1690 1305 καλὸν

987 1324 1134 1363 κάγαθόν.
1169 1325 1274 1357 Quasi
1295 1325 1431 1365 legisset
1455 1325 1568 1355 Catum
1583 1324 1690 1355 hones-

987 1379 1121 1415 tumque,
1146 1374 1188 1405 de
1213 1384 1278 1416 qua
1301 1384 1383 1405 voce
1407 1379 1442 1405 et
1469 1375 1603 1405 nomine
1635 1374 1690 1405 adi

987 1430 1106 1456 notata
1116 1424 1159 1455 ad
1170 1425 1295 1456 Lucan.
1308 1427 1444 1456 111.586.
1457 1426 1508 1455 vel
1521 1425 1687 1456 Kulenum.

989 1475 1081 1506 Nota
1097 1479 1150 1505 est
1167 1484 1248 1515 gens
1278 1474 1371 1516 Fufia
1395 1474 1528 1515 plebeia
1544 1479 1577 1505 et
1597 1475 1630 1505 in
1646 1484 1688 1506 ea

990 1525 1032 1560 Q.
1057 1524 1165 1566 Fufius
1190 1525 1338 1556 Kalenus.
1371 1524 1545 1565 Quidquid
1561 1525 1617 1562 sit,
1640 1534 1690 1555 re-

988 1575 1083 1616 posui
1109 1575 1226 1613 Citam,
1250 1585 1291 1606 ex
1316 1575 1400 1607 Mss.
1438 1576 1525 1607 Nam
1550 1577 1688 1616 Cottam,

989 1634 1110 1656 nomen
1131 1626 1242 1666 gentis
1268 1626 1412 1667 plebeiae
1436 1626 1601 1666 Aureliae,
1623 1627 1691 1658 hnc

990 1676 1169 1707 convenire
1204 1685 1418 1717 nequaquam
1440 1676 1612 1715 existimo,
1639 1676 1690 1708 uti

989 1736 1053 1758 nec
1076 1727 1240 1765 Kalenum.
1283 1727 1339 1757 De
1362 1737 1428 1767 quo
1449 1727 1490 1757 ad
1512 1727 1552 1758 B.
1577 1727 1650 1759 Civ.
1666 1736 1691 1760 1.

990 1781 1042 1808 87.
1092 1776 1288 1809 Notandum
1324 1787 1416 1816 vero,
1445 1777 1479 1808 in
1516 1777 1614 1808 Leid.
1637 1787 1690 1818 pr.

990 1827 1094 1859 scribi
1111 1828 1151 1857 G.
1176 1831 1204 1857 et
1224 1827 1352 1858 Fusium
1371 1828 1486 1858 Citam.
1525 1827 1692 1865 Aufustius

992 1879 1088 1908 Catus
1104 1882 1155 1908 est
1172 1878 1205 1908 in
1222 1877 1518 1917 Inscriptionibus.

1034 1931 1073 1958 10
1104 1930 1186 1959 Ante
1199 1928 1333 1968 primam
1354 1927 1521 1964 confectam
1536 1927 1693 1969 vigiliam]

991 1978 1217 2010 Penunimam
1235 1988 1351 2009 vocem
1368 1978 1401 2008 in
1417 1987 1476 2008 suo
1489 1977 1614 2008 Codice
1625 1987 1693 2009 non

990 2029 1133 2070 invenit,
1163 2034 1219 2060 aut
1253 2029 1421 2060 inventam
1445 2027 1595 2068 neglexit
1621 2028 1693 2060 Jui.

992 2079 1128 2118 Celsus;
1154 2079 1256 2110 habet
1271 2079 1358 2109 enim
1373 2089 1406 2119 p.
1420 2081 1492 2109 117.
1508 2078 1571 2109 Ed.
1584 2077 1693 2109 Lond.

990 2128 1090 2160 ‘ante
1117 2130 1256 2170 primam
1288 2128 1394 2159 noctis
1422 2129 1583 2169 proximae
1610 2127 1694 2168 vigi-

991 2180 1091 2211 liani!
1131 2180 1201 2212 Alii
1219 2187 1330 2212 tamen
1347 2189 1462 2211 omnes
1482 2180 1633 2218 verbum,
1650 2179 1693 2210 de

992 2240 1058 2271 quo
1068 2230 1193 2270 agitur,
1204 2234 1464 2270 repraesentant,
1475 2229 1694 2270 quamobrem

991 2280 1136 2311 retineo.
1161 2280 1321 2312 Davisius.

1035 2333 1073 2362 12
1091 2331 1232 2362 Millium
1245 2340 1388 2370 passuum
1403 2330 1526 2361 circiter·
1547 2329 1630 2370 cnx]
1653 2329 1692 2360 In

992 2379 1169 2422 Anonymo
1197 2381 1288 2412 Celsi
1313 2380 1525 2421 exscriptore
1550 2379 1695 2419 invenio,

992 2441 1054 2471 per
1072 2439 1118 2463 Lx
1148 2432 1252 2462 millia
1275 2441 1447 2472 passuum.
1481 2430 1622 2462 Graecus
1638 2429 1695 2460 ha-

991 2481 1048 2512 bet
1061 2481 1170 2513 stadia
1179 2493 1235 2522 ᾳςο
1255 2481 1259 2524 Ι
1281 2480 1567 2513 Conferlocorum
1578 2478 1692 2510 situm.

997 2532 1129 2563 Vossius.
1166 2532 1255 2563 Vide
1292 2532 1383 2572 Lips.
1423 2530 1520 2560 cent.
1560 2537 1614 2560 ιιι.
1648 2528 1692 2559 ad

992 2583 1091 2623 Hisp.
1119 2587 1155 2614 et
1181 2583 1259 2614 Ital.
1285 2581 1394 2622 Epist.
1419 2588 1490 2611 ux.
1531 2579 1693 2611 Ceterum

992 2643 1057 2664 vox
1069 2643 1214 2674 passuum
1236 2642 1303 2663 uon
1326 2635 1501 2671 comparet
1518 2629 1551 2660 in
1574 2630 1693 2670 Cujae.

993 2684 1104 2715 Oxou.
1121 2693 1160 2714 ac
1178 2681 1333 2713 Leidensi
1350 2681 1468 2721 primo.
1501 2679 1610 2712 Recte
1627 2688 1695 2712 om-

992 2735 1081 2766 nino.
1116 2733 1260 2765 Consule
1278 2736 1395 2763 notata
1412 2730 1453 2763 ad
1472 2739 1494 2762 ι.
1515 2733 1563 2762 1⁵.
