1915 3115
402 193 496 224 mn.
529 193 561 223 1.
595 192 702 222 cAP.
731 182 803 222 40.
850 191 913 222 nn
947 193 1101 223 nanno
1132 193 1361 224 GALLlcO.

172 286 386 319 Editionibus
402 285 571 318 Davisius,
601 285 756 323 Graecus,
777 295 869 325 στρα-

169 336 286 368 ram-ras.
315 338 424 368 Clark.
483 335 683 373 Agnoscunt
702 334 740 365 τὸ
755 335 869 366 milites

171 388 271 418 ctiam
288 386 374 418 Edd.
389 385 573 417 Mcdiolan.
591 390 626 416 et
640 385 786 416 Veneta.
820 384 868 416 At

173 449 251 470 vero
268 438 393 469 nullum
407 437 475 467 vidi
492 436 704 477 Mstum‚qui
716 436 868 475 haberet,

170 490 233 520 nisi
248 488 360 519 forsan
377 489 422 519 sit
438 488 654 526 memiensis,
669 496 745 517 nam
758 497 800 518 ex
817 496 870 527 eo,

170 539 294 570 nullam
331 538 553 569 variationem
599 538 774 568 adnotavit
817 538 869 569 Cl.

171 590 306 620 Wasse:
332 598 406 620 cum
437 589 650 620 collationem
681 589 870 619 instituerit

170 638 211 669 ad
229 639 292 670 Ed.
310 639 449 671 Clarkii.
494 639 616 680 Neque
639 638 718 669 mihi
735 638 871 670 videtur

170 699 208 721 ea
237 699 302 720 vox
330 690 414 720 adeo
436 690 647 721 necessaria:
682 699 759 720 nam
787 690 870 720 licet

170 739 280 771 forsan
309 741 498 781 respexerit
520 740 563 771 ad
587 740 737 781 praeced.
760 750 791 771 c.
815 743 868 772 39.

170 790 330 823 facillime
360 796 473 823 tamen
499 791 707 832 subintelligi
728 796 870 832 possunt

172 842 233 882 ipsi
254 843 482 880 centuriones,
507 842 560 873 vel
588 842 691 873 etiam
718 842 784 882 ipsi
809 841 868 872 ini-

170 892 267 929 lites3
284 892 364 923 licet
380 902 445 923 non
462 901 622 932 expresse
639 892 866 922 nominentur.

171 941 288 972 Celsus
309 942 319 958 ‘
334 942 423 983 quod
439 951 518 973 vero
535 941 630 982 sigua
646 942 720 973 illos
734 951 801 973 non
817 951 867 973 se-

169 996 306 1023 cuturos
322 993 487 1024 audierit.'

210 1044 250 1072 43
286 1042 462 1074 Avaritiam
483 1052 547 1073 esse
568 1042 754 1082 com-ictam]
776 1042 868 1073 Alibi

169 1100 303 1133 quoque
325 1092 500 1123 convincere
512 1095 651 1132 peccata,
663 1092 789 1132 scelera,
803 1094 866 1123 «Sec.

167 1141 329 1173 occurrit.
365 1141 433 1172 Sed
449 1142 532 1172 Mss.
549 1147 617 1172 tres
634 1141 867 1181 nungarsiaui‚

167 1191 385 1232 Petavianus‚
411 1193 593 1223 Leidenses
608 1197 690 1233 treS,
712 1192 868 1223 Vossiani

166 1247 248 1282 tres,
272 1243 499 1284 Lovaniensis,
515 1243 682 1283 Egmond.
701 1242 865 1284 Gottorp.

167 1293 298 1325 Duker.
316 1294 518 1326 Dorvillian.
541 1303 618 1324 cum
641 1293 729 1325 Edd.
748 1294 869 1331 Roma-

167 1352 210 1374 na
226 1348 261 1374 et
278 1344 416 1375 Incerta
441 1345 631 1383 conjunctam
654 1344 706 1375 vel
730 1343 869 1374 com-inc-

167 1397 233 1423 tam
260 1393 399 1425 habent.
443 1393 498 1424 An
525 1393 592 1424 fuit
618 1391 807 1432 injunctam?
832 1398 870 1424 ut

169 1443 376 1483 respondeat
413 1443 621 1483 praecedenti
663 1444 674 1460 ⁴
699 1442 870 1474 fortunam

168 1493 334 1532 defuisse;
365 1501 424 1525 aut
446 1494 622 1525 avaritiam
639 1503 713 1524 esse
738 1493 870 1533 injunc-

168 1543 259 1583 tam,'
278 1543 408 1574 scilicet
423 1543 502 1574 illis.-
523 1543 618 1584 quasi
642 1542 785 1581 diceret,
796 1552 872 1573 ava-

167 1593 255 1624 ritiae
283 1598 396 1625 notam
412 1593 459 1624 eis
476 1603 550 1624 esse
577 1593 736 1624 inustam.
782 1593 871 1624 Vide

170 1643 376 1675 Gronovium
394 1643 435 1674 ad
455 1643 583 1674 Livium
599 1652 679 1674 vm.
705 1646 757 1674 3-1.
781 1644 790 1661 ‘
809 1644 870 1675 Fa-

169 1693 235 1725 biae
253 1694 344 1735 genti
360 1693 551 1734 injungeret
567 1693 807 1734 ignominiam.’

209 1748 251 1776 44
274 1744 370 1775 Suam
393 1745 598 1776 innocentiam
618 1748 768 1785 perpetua
794 1744 871 1785 vita,

161 1795 361 1833 felicitatem,
382 1795 452 1835 ξω]
487 1795 543 1827 Sic
559 1795 687 1836 optime
715 1795 871 1826 emenda-

168 1847 249 1877 bant
265 1847 383 1878 Barth.
406 1846 534 1886 Ricins,
548 1845 626 1877 Ald.
645 1845 817 1877 Manutius
835 1850 871 1877 et

169 1896 208 1928 F.
218 1896 468 1934 Hotomannus,
482 1905 558 1927 cum
573 1896 605 1926 iu
618 1895 773 1928 omnibus
786 1896 870 1927 Mss.

168 1952 207 1977 ut
223 1950 370 1978 testatur
386 1947 714 1987 Brantius‚pessime
726 1947 872 1987 legatur,

168 2006 255 2028 suam
278 1997 483 2027 innocentium
503 2000 653 2038 perpetua
674 1997 748 2028 cita>
766 1996 872 2035 felici-

168 2049 234 2078 tate
261 2047 477 2079 Heltetiomm
492 2046 566 2078 bello
581 2057 644 2078 esse
666 2051 870 2088 perspectam.

169 2096 424 2137 Metaphrastes
455 2102 569 2128 tamen
599 2097 633 2128 in
659 2107 718 2128 suo
745 2097 872 2129 Codice

171 2151 229 2178 aut
245 2156 357 2177 veram
373 2147 553 2179 lectionem
568 2148 707 2187 invenit,
722 2152 781 2179 aut
797 2157 873 2179 con-

163 2196 315 2237 jiciendo
343 2202 393 2228 est
422 2203 619 2236 assecutus;
653 2198 758 2229 habet
782 2198 872 2230 enim

173 2247 246 2284 ἐμοῦ
269 2245 302 2278 δὲ
323 2247 381 2284 τὴν
404 2246 460 2286 μὲν
483 2247 660 2285 δικαιότητα
682 2248 732 2279 διὸ.
746 2247 872 2288 παντὸς,

169 2297 227 2336 τὴν
249 2298 274 2328 δ’
297 2297 442 2337 εὐτυχίαν
464 2298 498 2329 ἐκ
512 2299 568 2328 τοῦ
583 2300 658 2338 πρὸς
671 2297 743 2330 τοὺς
759 2298 872 2335 Ἑλβη-

170 2347 252 2379 τίους
273 2346 411 2386 πολέμου
427 2347 592 2386 ἐγνώκατε.
639 2349 792 2389 Perpetua
808 2348 873 2379 rita

170 2402 223 2430 est
239 2407 300 2440 per
317 2403 426 2428 totum
442 2397 519 2428 vitae
547 2408 694 2438 cursum,
710 2402 749 2429 ut
771 2397 780 2415 ‘
799 2408 874 2439 per-

171 2453 286 2490 petuae
314 2447 450 2480 mensae'
477 2447 567 2488 apud
593 2448 773 2488 Virgilium
798 2449 872 2480 AEn.

172 2507 238 2530 vu.
256 2501 328 2530 176.
352 2503 431 2529 sunt
456 2508 519 2537 eae,
547 2507 622 2538 quae
650 2497 692 2527 ab
718 2498 814 2529 initio
830 2498 873 2529 ad

171 2547 273 2579 finem
285 2548 451 2580 coenaculi
469 2552 667 2578 excurrunt.
704 2547 782 2578 Hoc
798 2557 874 2579 cum

171 2606 239 2629 non
269 2598 500 2638 intelligerent
538 2597 683 2629 Librarii
718 2597 874 2629 videntur

173 2647 342 2679 Caesarem
369 2647 572 2688 corrupisse.
609 2646 720 2678 Dacis.
773 2647 873 2678 Corn.

177 2697 293 2738 Nepos
308 2699 431 2730 Caton.
448 2708 478 2730 c.
498 2701 527 2730 l.
554 2700 563 2716 ⁶
582 2697 637 2729 Ab
651 2708 689 2729 eo
708 2703 876 2739 perpetua

173 2745 330 2779 dissensit
353 2746 445 2781 vital
502 2747 700 2781 Ammianus
726 2749 875 2781 Marcel-

1532 184 1617 226 949

917 286 1006 318 linus
1033 295 1138 318 xvm.
1167 290 1198 318 6.
1232 288 1241 304 ‘
1274 287 1466 328 Cetei-aque
1496 287 1620 318 instru-

919 340 1247 377 menta—perpetua
1261 337 1369 368 hieme
1386 337 1620 378 parabantur!

920 385 1028 415 Paulo
1043 390 1155 416 tamen
1173 387 1312 427 propius
1329 386 1468 427 legerim
1499 388 1509 404 ‘
1526 397 1618 418 suam

919 435 1147 467 innocentiam
1174 442 1340 477 perpetua
1362 438 1442 476 vita,
1457 442 1492 468 et
1515 436 1619 468 felici-

921 490 1026 517 tatem
1055 486 1290 517 Helvetiorum
1323 487 1413 518 bello
1442 497 1515 518 esse
1544 497 1621 528 per-

921 537 1095 578 spectam)
1140 538 1194 568 Sic
1210 544 1304 569 certe
1322 539 1440 569 vitiata
1456 543 1533 570 sunt
1551 539 1621 580 pln-

921 588 1006 618 rima
1035 591 1190 619 veterum
1220 588 1314 625 loca;
1339 588 1426 628 quod
1454 589 1621 629 exemplis

920 637 1128 668 ostendimus
1144 636 1186 667 ad
1211 637 1384 668 Ciceronis
1401 637 1442 667 dc
1461 638 1578 668 Divin.
1595 647 1621 669 1.

923 691 974 719 15.
1009 697 1042 728 p.
1065 690 1117 719 38.
1142 687 1322 719 Contrario
1346 687 1468 717 mendo
1490 688 1624 719 laborat

922 739 1169 772 Quinctilianus
1191 739 1278 770 Inst.
1303 739 1400 770 Orat.
1424 747 1491 769 ΧΠ.
1509 741 1540 771 6.
1564 739 1622 769 ubi

921 789 1048 830 legitur
1070 794 1078 807 ‘
1094 789 1173 820 dum
1187 794 1223 820 et
1238 789 1349 828 venia,
1365 794 1400 820 et
1417 799 1494 830 spes
1508 795 1570 828 est,
1588 795 1624 820 et

921 843 1059 880 paratus
1070 838 1188 870 favor.’
1208 840 1347 879 Repone
1361 841 1369 856 ‘
1385 839 1463 870 dum
1474 839 1622 871 etveniae

921 898 998 929 spes
1009 893 1061 920 est
1075 894 1111 920 et
1127 894 1265 929 paratus
1283 887 1403 919 favor.¹
1428 889 1526 929 Idem,
1548 898 1620 920 cur.

919 949 988 971 sec.
998 939 1070 971 Mei
1079 938 1349 970 codiceshabent
1359 939 1413 969 vcl
1425 940 1433 956 ‘
1445 944 1623 980 perpetuae

919 991 999 1021 vitae
1008 988 1246 1020 felicitate’vel
1259 991 1268 1006 ‘
1282 994 1449 1030 perpetua
1460 990 1539 1020 vita*
1551 989 1626 1021 feli·

919 1039 1048 1072 citate.'
1064 1039 1232 1080 Egmund.
1249 1040 1258 1056 ‘
1270 1045 1471 1080 perpetuam
1487 1041 1564 1071 vitae
1575 1039 1624 1071 fe-

918 1089 1074 1123 licitate!
1087 1091 1249 1131 Gottorp.
1268 1093 1277 1107 ‘
1290 1095 1467 1131 perpetuae
1484 1090 1563 1121 vitae
1577 1088 1625 1121 fe-

919 1141 1109 1174 licitatem!
1147 1141 1291 1173 Andinae
1319 1141 1523 1172 membranae
1548 1151 1625 1172 cum

919 1193 1085 1224 Vossiano
1101 1193 1206 1224 tertio
1222 1193 1231 1210 ‘
1252 1197 1455 1233 perpetuam
1466 1193 1544 1223 vitae
1556 1190 1628 1222 fcli-

921 1244 1082 1276 citatem.'
1098 1245 1150 1276 Ex
1163 1245 1288 1276 Lovan.
1300 1248 1335 1274 et
1351 1243 1559 1275 Oxon.nil1il
1574 1252 1628 1274 va-

920 1295 1053 1326 rietatis
1071 1295 1282 1334 adnotatum,
1297 1295 1393 1336 quasi
1410 1295 1479 1325 illic
1498 1295 1628 1335 legere-

921 1348 977 1376 tur
1002 1346 1012 1362 ‘
1030 1349 1198 1386 perpetua
1225 1345 1307 1385 vita,
1332 1344 1559 1385 felicitatem‚'
1588 1349 1627 1374 ut

922 1395 1026 1427 debet
1049 1396 1122 1426 siue
1145 1395 1262 1426 dubio.

964 1447 1007 1476 46
1032 1444 1220 1484 Collaturus]
1243 1444 1442 1483 Dilaturus;
1477 1443 1629 1479 ἀνεβαλό-

921 1506 994 1534 μην,
1007 1499 1044 1526 ut
1061 1499 1151 1526 recte
1165 1495 1321 1526 Graecus.
1345 1494 1433 1525 Vide
1448 1495 1626 1525 Calvinum

922 1544 957 1574 in
991 1543 1119 1575 Lexico
1149 1544 1317 1575 Juridico.
1362 1543 1410 1574 At
1444 1543 1476 1574 in
1513 1544 1626 1584 Epist.

923 1595 1025 1627 Bruti
1049 1595 1090 1626 ad
1115 1595 1315 1626 Ciceronem
1342 1595 1436 1625 Fam.
1452 1596 1474 1626 l.
1493 1604 1543 1626 Χῖ.
1560 1596 1625 1636 Ep.

924 1648 976 1677 13.
1017 1646 1026 1662 ‘
1051 1646 1090 1676 In
1119 1649 1293 1685 posterum
1317 1645 1406 1676 diem
1437 1645 1504 1676 iter
1533 1656 1628 1676 sunm

921 1695 1076 1727 contulit’
1094 1696 1235 1726 eandem
1251 1696 1318 1726 vim
1343 1696 1445 1726 habet
1460 1705 1500 1726 ac
1523 1696 1532 1712 ‘
1545 1706 1621 1736 pos-

923 1751 996 1778 tero
1014 1746 1069 1776 die
1086 1745 1257 1786 proficisci
1272 1745 1414 1777 statuit.’
1461 1746 1577 1778 Daris.

966 1796 1290 1837 Reproescntaturum]
1312 1796 1404 1828 Juris
1424 1806 1490 1826 vox
1513 1806 1627 1837 γερνετ-

920 1849 1054 1885 sentare,
1082 1851 1135 1877 est
1163 1851 1242 1877 ante
1270 1846 1359 1877 diem
1385 1846 1511 1877 facere.
1569 1847 1627 1878 Sic

922 1897 1124 1928 solutionem
1140 1901 1379 1937 repraesentat,
1391 1896 1447 1937 qni
1465 1897 1628 1937 pecunias

923 1952 1003 1978 ante
1017 1946 1106 1978 diem
1119 1951 1286 1977 numerat.
1310 1947 1431 1987 Itaque
1445 1952 1628 1987 nugantur,

923 1997 981 2038 qui
1005 1999 1198 2028 tentaturum
1226 1997 1358 2036 legunt.
1404 1998 1512 2028 Recte
1540 1997 1630 2028 Celsi

923 2046 1117 2087 exscriptor
1127 2047 1262 2087 accepit
1275 2047 1360 2086 haec,
1374 2056 1449 2078 cum
1462 2047 1527 2078 ait:
1545 2048 1553 2063 ‘
1566 2047 1631 2078 Ex·

923 2101 1101 2138 perturum
1140 2101 1254 2128 tamen
1293 2107 1328 2128 se
1365 2097 1628 2138 quamprimum,

923 2148 1013 2190 quod
1050 2148 1197 2189 alioquin
1230 2148 1396 2179 dilaturus
1413 2147 1518 2180 fuerit
1532 2148 1552 2180 2’
1589 2154 1626 2180 et

924 2200 1088 2231 Graecus:
1123 2198 1140 2229 ὃ
1167 2198 1216 2228 ἐπὶ
1240 2200 1348 2230 πλεῖον
1368 2199 1406 2230 ἂν
1433 2199 1631 2238 ἆνεβιιλόμην

922 2251 1014 2281 τοῦτο
1027 2251 1080 2281 νῦν
1094 2249 1294 2291 παραστήσω.
1322 2250 1501 2282 Notandus
1515 2257 1630 2282 antem

925 2302 1072 2334 Caesaris
1084 2312 1169 2342 mos,
1187 2302 1245 2343 qui
1260 2311 1325 2333 uon
1342 2311 1417 2333 raro
1428 2302 1516 2343 juris
1532 2311 1631 2333 voca—

924 2353 1010 2384 bulis
1038 2353 1163 2384 utitur:
1188 2353 1237 2383 sic
1265 2352 1388 2392 passim
1414 2352 1558 2393 maleficii
1575 2361 1631 2382 vo—

924 2412 999 2434 cem
1015 2407 1168 2443 usurpat,
1184 2411 1283 2443 qnam
1300 2412 1366 2432 non
1394 2407 1522 2433 temere
1539 2401 1631 2442 apud

923 2453 1007 2484 alios
1020 2453 1199 2484 historicos
1212 2462 1312 2493 reper
1327 2462 1375 2483 as.
1402 2453 1536 2482 Vossius.
1562 2450 1631 2482 Adi

924 2503 1057 2533 omnino
1075 2503 1203 2534 Comm.
1229 2501 1270 2532 ad
1291 2502 1444 2533 Frontin.
1461 2511 1485 2531 1.
1506 2504 1555 2531 ll.
1570 2501 1632 2540 §2

925 2554 934 2569 ⁴
949 2553 1127 2593 pecuniam
1140 2551 1326 2592 conferret,
1341 2559 1375 2583 ut
1393 2549 1635 2592 repraesentari

924 2612 1056 2634 merces
1066 2603 1295 2643 proditoribus
1308 2608 1421 2642 posset
1436 2601 1454 2631 ι’
1470 2609 1503 2631 et
1513 2598 1635 2632 Davis.

925 2653 968 2684 ad
988 2654 1082 2684 Hirt.
1100 2653 1143 2683 de
1161 2654 1201 2683 B.
1220 2652 1318 2683 Alex.
1337 2662 1366 2682 c.
1383 2654 1436 2681 70.
1471 2652 1480 2666 ‘
1496 2651 1536 2689 si,
1553 2659 1630 2691 quae

924 2704 1159 2745 polliceretur,
1176 2705 1487 2742 repraesentaturus
1502 2698 1617 2731 esset!

967 2756 1008 2786 47
1035 2754 1149 2785 Castra
1170 2750 1341 2791 moturum]
1364 2750 1553 2791 Eleganter
1578 2758 1634 2781 ve-
