1818 3131
208 236 325 278 1344-

209 349 276 372 una
291 338 511 379 transposita,
527 335 781 368 rescribendum
803 333 910 366 credi-

209 392 316 422 derim
332 388 530 430 paludatique
551 386 631 418 volis
647 386 831 426 nuncupatis
845 395 911 415 exe-

208 445 276 479 unt,
293 440 370 480 qumi
385 442 458 469 ante
474 439 506 468 id
522 441 641 478 tempus
657 437 811 467 acciderat
826 446 910 466 num-

209 501 309 532 quam.
358 488 504 518 Consules
533 498 573 518 ex
608 488 682 518 urbe
716 486 911 528 proficiscun-

211 545 274 580 tur,
289 542 339 580 850.
357 539 419 570 hoc
441 548 539 570 sensu
554 550 561 569 ε
591 539 756 569 Praetores
773 546 837 567 non
854 546 911 567 ex-

210 594 383 631 spectant,
415 594 452 620 ut
480 589 522 619 de
551 598 666 619 eorum
700 587 841 627 imperio
870 586 910 616 ad

211 641 371 683 populum
400 640 581 679 referatur,
611 639 700 680 quod
732 637 913 678 superiori-

213 693 273 723 bus
291 691 384 722 annis
401 690 598 727 acciderat;
623 699 686 720 nec
711 689 813 719 etiam
835 691 914 717 vota

212 745 421 781 nuncupant,
438 739 634 780 paludative
660 743 801 774 exeunt,
826 735 913 776 quod

213 796 293 823 ante
325 790 357 821 id
387 795 520 830 tenipus
548 798 716 829 nunquam
744 789 915 817 evenerat.

215 841 389 879 Attamen,
405 845 442 871 ut
466 839 547 870 nihil
571 837 790 874 dissimulem,
813 840 916 866 testa-

214 897 270 922 tur
298 891 413 922 Livius
436 898 515 920 xxr.
533 891 585 919 63.
609 888 618 904 ‘
638 886 825 918 Flaminium
848 895 917 915 con-

214 942 308 971 sulem
318 940 441 978 fugisse
459 949 501 969 ne
525 937 714 978 auspicato,
742 933 917 976 profectus

213 991 246 1021 in
274 989 481 1030 Capitolium
509 987 551 1018 ad
576 992 656 1018 vota
679 985 918 1026 nuncupanda,

215 1039 396 1080 paludatus
413 1038 491 1069 inde
507 1047 581 1068 cum
597 1035 771 1067 lictoribus
788 1035 829 1064 ad
846 1044 919 1074 pro-

213 1089 360 1119 vinciam
377 1087 464 1118 iret.’
497 1087 564 1118 Sed
582 1091 810 1127 praeterqnam
828 1084 918 1125 quod

217 1139 259 1170 de
291 1138 496 1179 praetoribus
526 1142 647 1177 agatur
675 1137 738 1167 hoc
770 1136 802 1165 in
833 1136 919 1174 loco,

215 1198 284 1219 non
311 1188 352 1218 de
378 1186 594 1226 Consulibus,
619 1191 714 1216 tanta
739 1185 773 1215 in
798 1184 918 1215 Flami-

218 1238 310 1268 nium
326 1238 387 1267 hac
402 1237 444 1266 de
463 1246 565 1267 causa
581 1235 645 1266 fuit
663 1235 802 1273 invidia,
819 1240 855 1265 ut
872 1234 919 1264 illi

210 1287 331 1324 J'ustum
358 1286 521 1326 imperium
550 1295 616 1315 non
640 1284 743 1314 fuisse
766 1284 919 1315 eredere-

218 1343 287 1375 tur‚
319 1336 408 1377 quod
448 1336 607 1365 observat
647 1334 738 1364 idem
775 1334 921 1372 scriptor

219 1396 312 1418 xxii.
333 1390 361 1416 1.
386 1386 496 1417 Dacis.
536 1385 741 1424 Conjeetura
762 1383 887 1421 Yossii,
904 1392 921 1412 e

219 1436 372 1476 margine
405 1436 438 1465 in
476 1439 609 1465 textum
642 1433 823 1474 inrepsisse
857 1433 923 1463 ista

221 1487 297 1527 quod
312 1489 383 1516 aute
399 1486 432 1515 id
447 1489 566 1525 tempus
576 1485 731 1514 acciderat
747 1493 924 1523 numquam,

221 1546 288 1568 non
313 1541 442 1567 temere
459 1535 650 1575 rejicienda
664 1533 823 1571 videtum
846 1532 924 1573 quia

222 1588 255 1617 in
282 1587 348 1617 illis
373 1595 438 1616 non
462 1588 622 1616 constant
642 1584 705 1615 sibi
724 1583 830 1614 Codd.
853 1586 925 1613 unte

221 1640 296 1670 ultis
321 1642 372 1669 est
399 1638 431 1668 in
459 1638 558 1668 Voss.
582 1636 695 1667 accidit
713 1636 841 1668 habent
858 1636 923 1666 Pe-

223 1695 290 1721 tav.
306 1689 417 1720 Palat.
435 1689 529 1719 Leid.
544 1698 594 1728 pr.
609 1697 675 1718 sec.
686 1688 813 1718 Lovan.
827 1687 925 1717 Voss.

223 1739 453 1770 Nihilominus
464 1737 608 1778 praefero
619 1736 926 1776 transpositionem,

225 1798 325 1830 qnam
342 1788 425 1820 fecit
447 1788 620 1826 Davisius,
633 1788 704 1818 sive
723 1795 809 1826 eam,
827 1795 926 1827 quarn

224 1840 403 1880 proposuit
429 1839 605 1875 Petavius,
637 1847 696 1867 sex
727 1837 793 1867 ista
823 1835 926 1866 verba

224 1899 399 1920 removens
419 1894 494 1929 post
509 1889 698 1926 lictoresque,
715 1886 756 1916 ad
779 1886 927 1916 Themis-

226 1939 310 1970 tinm
336 1949 368 1979 p.
395 1941 470 1969 595.
510 1939 668 1969 Ceterum
695 1940 804 1967 areant
829 1942 879 1967 est
909 1946 928 1966 a

227 1988 441 2029 Glandorpio
468 1992 503 2019 ct
530 1998 547 2019 e
575 1988 647 2018 solo
674 1987 789 2018 Ursini
818 1987 927 2023 libro3

226 2048 303 2069 nam
329 2039 449 2079 reliqui
478 2043 511 2069 et
539 2038 627 2068 Edd.
652 2039 748 2068 Vett.
767 2038 929 2068 exhibent

227 2092 349 2119 excunt.
397 2089 525 2119 Forsan
555 2088 656 2118 altius
685 2088 806 2118 vulnus
835 2087 931 2127 latet,

227 2145 262 2171 et
279 2139 533 2170 rescribendum
555 2139 765 2178 paludatique,
780 2138 857 2168 votis
872 2148 931 2168 non

229 2189 421 2229 nuncupatis,
452 2190 606 2225 Consules,
635 2190 685 2228 &a
747 2189 794 2219 Ut
829 2188 931 2227 dicat,

229 2239 389 2270 Consules
404 2248 478 2269 cum
495 2239 735 2279 paludamento
749 2238 881 2279 quidem
896 2242 931 2268 et

228 2288 386 2329 imperio,
413 2288 472 2319 sed
505 2290 593 2320 votis
623 2298 689 2320 non
719 2289 931 2328 nuncupatis,

233 2340 321 2381 quod
352 2346 429 2371 ante
460 2341 635 2372 acciderat
665 2351 860 2381 numquam,
888 2350 931 2371 ex

229 2391 311 2422 urbe
344 2391 515 2431 profectos
555 2402 640 2423 esse.
700 2391 930 2433 Glandorpius

229 2441 397 2482 interjicit
413 2443 558 2473 similiter
575 2443 732 2481 Consules,
745 2444 797 2481 δςε.

275 2494 316 2522 22
340 2492 384 2522 Et
404 2493 558 2532 Capitolio
571 2492 705 2532 privati]
721 2493 778 2523 Sic
795 2492 929 2533 quidem

231 2542 366 2583 Lipsius
383 2547 418 2573 et
434 2543 587 2583 Scaliger
610 2544 731 2583 aliique
752 2543 932 2574 ediderunt

232 2603 250 2623 e
268 2592 352 2624 Cod.
367 2594 443 2624 Urs.
460 2594 512 2624 vel
530 2604 565 2623 uc
580 2594 696 2633 priruti
720 2603 760 2624 ex
778 2593 931 2633 ejusdem

232 2644 310 2674 L'rs.
329 2648 364 2673 et
378 2643 550 2674 Ciacconii
564 2643 669 2674 Codd.
694 2644 826 2684 Reliqui
839 2644 933 2683 Mss„

232 2693 334 2724 eiiam
359 2694 440 2733 mei,
460 2699 495 2725 et
520 2694 608 2725 Edd.
628 2695 721 2725 Yett.
751 2695 868 2733 legunt
894 2705 934 2726 ea:

237 2744 407 2784 Capitolio.-
430 2745 525 2785 quasi
543 2744 663 2776 fnisset
680 2745 757 2775 olim
774 2756 812 2775 ea·
829 2745 935 2781 S(¹to,·

235 2794 315 2826 item
345 2795 514 2835 pricatim;
552 2795 613 2826 nisi
643 2795 732 2837 quod
763 2796 871 2836 Bong.
899 2801 935 2828 et

677 241 817 273 NOTAE
852 240 1117 271 VARIORUM
1153 240 1201 269 ΙΝ

960 334 1059 365 Voss.
1076 333 1157 365 dant
1179 333 1349 374 privatum.
1389 332 1428 364 In
1453 332 1579 364 Lovau.
1596 333 1661 365 dis-

961 384 1130 424 tinguitur
1147 384 1295 423 priratim
1315 386 1421 413 contra
1437 393 1463 413 ο.
1479 393 1507 414 v.
1524 383 1664 422 exempla

961 438 1028 465 tom
1042 434 1084 466 lt.
1099 435 1154 464 dil.
1171 434 1329 464 habentur.
1357 433 1424 463 Sed
1443 433 1582 463 aliorum
1596 433 1664 463 lec-

962 485 1051 515 tione
1075 486 1277 524 acquiesco:
1311 483 1427 524 priruli
1456 487 1490 513 et
1514 482 1665 522 privatim

964 535 1143 575 aliquoties
1166 535 1255 574 apud
1285 539 1436 564 nostrum
1453 532 1665 563 confundun-

964 591 1030 616 tur.
1057 585 1122 614 Adi
1139 585 1180 614 ad
1198 594 1222 614 1.
1239 587 1288 616 17.
1306 586 1314 600 ‘
1333 584 1398 616 Qui
1416 583 1571 623 privatim
1590 583 1665 622 plus

965 635 1110 675 possint,
1133 643 1232 674 quam
1248 634 1312 673 ipsi
1329 633 1565 674 magistratus!
1605 632 1668 663 Ce-

966 689 1075 715 terum
1092 683 1147 714 illl.
1166 688 1217 713 est
1235 693 1253 713 e
1271 683 1383 714 l'ulin.
1409 682 1562 720 Sclieilis,
1590 683 1668 713 Pet.

967 733 1050 763 Lov.
1085 732 1182 763 Leid.
1215 742 1266 772 pr.
1298 733 1396 763 Voss.
1434 732 1600 763 Habentur
1627 742 1669 763 ex

968 783 1122 813 omnibus
1141 783 1224 813 Mss.
1243 787 1278 813 et
1299 782 1388 813 Edd.
1402 787 1480 812 ante
1507 781 1670 821 Scaliger.

966 833 999 863 in
1018 843 1115 873 quam
1133 832 1263 863 librarii
1285 833 1384 872 eulpa
1400 831 1511 862 forsan
1529 830 1671 871 inrepsit

968 886 1159 923 singularis.
1178 885 1218 914 V.
1237 893 1348 924 snpra.

1009 939 1050 966 23
1069 934 1252 974 Habentur]
1267 934 1322 964 Sic
1341 933 1422 964 Mss.
1437 932 1525 973 Reg.
1543 932 1671 963 Elicns.

968 989 1004 1017 et
1014 985 1123 1015 Vossii
1135 989 1170 1015 et
1184 984 1271 1015 Edd.
1285 984 1379 1014 vett.
1400 983 1595 1021 Scaligeret
1607 981 1673 1012 Re-

969 1036 1142 1067 centiores
1158 1034 1265 1065 minus
1281 1039 1373 1064 recte
1397 1033 1538 1063 hahetur.
1564 1032 1672 1064 Clark.

1012 1090 1053 1118 24
1079 1087 1122 1116 Et
1138 1096 1154 1117 e
1170 1085 1259 1124 fanis
1283 1084 1323 1124 t.]
1349 1085 1458 1115 Nemo
1481 1093 1547 1114 non
1568 1083 1674 1122 videt,

970 1137 1131 1176 languere
1154 1136 1207 1165 hic
1236 1135 1392 1174 copulam
1412 1137 1452 1164 et.
1487 1134 1600 1166 Quare
1617 1133 1675 1163 de-

970 1187 1036 1218 levi
1051 1187 1254 1217 auctoritate
1280 1186 1449 1216 Mstorum
1475 1184 1587 1215 Pulm.
1610 1184 1675 1214 Pe-

972 1242 1039 1267 tav.
1057 1230 1178 1275 Cujac'.
1204 1235 1324 1275 Scalig.
1352 1234 1444 1265 Leid.
1474 1243 1526 1274 pr,
1569 1233 1597 1262 A
1614 1233 1678 1264 Lo-

972 1297 1049 1317 vau.
1067 1293 1101 1317 et
1119 1287 1284 1317 vossiano
1310 1286 1409 1316 abest
1436 1296 1463 1316 e.
1500 1285 1540 1316 In
1563 1284 1677 1315 Palat.

972 1336 1081 1376 Bong.
1108 1335 1202 1366 Leid.
1232 1345 1300 1366 sev.
1330 1336 1437 1365 Dorv.
1466 1335 1554 1366 Edd.
1580 1335 1678 1366 Rom.

974 1387 1060 1416 Ven.
1080 1386 1173 1416 Med.
1196 1385 1292 1423 etas.
1311 1388 1335 1415 l.
1367 1385 1459 1415 Dein
1483 1385 1676 1425 humanaque

975 1436 1114 1467 rescribi
1137 1435 1313 1476 jusserunt
1330 1434 1432 1466 iidem
1454 1435 1576 1465 Petav.
1601 1434 1679 1466 Sca-

975 1487 1035 1527 lig.
1050 1487 1145 1518 Leid.
1164 1497 1214 1528 pr.
1232 1496 1299 1517 sec.
1315 1487 1442 1517 Lovan.
1459 1486 1566 1517 Dorv.
1581 1485 1679 1518 Voss.

978 1543 1014 1568 et
1042 1537 1126 1568 Edd.
1157 1537 1257 1568 Vasc.
1297 1538 1364 1568 Str.
1395 1537 1514 1578 steph.
1548 1537 1680 1578 Grypll.

979 1593 1067 1629 post.
1112 1587 1220 1619 Abest
1237 1592 1350 1619 autem
1369 1597 1434 1618 vox
1450 1587 1527 1625 jura
1545 1597 1563 1618 a
1581 1587 1679 1618 Lem.

979 1648 1047 1670 sec.
1065 1647 1127 1669 nec
1143 1639 1240 1677 male,
1256 1637 1306 1668 uti
1323 1647 1341 1668 e
1358 1637 1554 1678 conjectura
1569 1637 1682 1677 place-

979 1689 1039 1719 bat
1070 1688 1230 1720 Grutero.
1260 1688 1397 1719 Sallust.
1430 1687 1532 1719 Catil.
1564 1697 1594 1718 c.
1628 1690 1681 1720 12.

980 1740 988 1756 ‘
1008 1738 1134 1770 Divina
1171 1743 1272 1780 atque
1306 1739 1452 1769 humana
1482 1737 1683 1779 promiscua,

980 1789 1060 1820 nihil
1086 1790 1195 1830 pensi,
1224 1794 1325 1831 atque
1352 1789 1518 1820 moderati
1535 1788 1683 1820 habere.’

980 1839 1074 1870 Nihil
1089 1844 1215 1870 temere
1233 1844 1346 1869 tamen
1363 1848 1505 1869 reseces.

1024 1897 1089 1919 vn.
1113 1891 1130 1917 3
1155 1889 1182 1918 A
1211 1888 1322 1927 quibus
1343 1888 1502 1918 diductum
1528 1891 1558 1918 et
1582 1887 1683 1928 delun]

980 1938 1036 1968 Sic
1050 1937 1184 1977 quidem
1202 1937 1291 1968 Edd.
1309 1938 1425 1978 primae
1441 1943 1476 1969 et
1491 1938 1559 1969 Ms.
1576 1938 1684 1969 Hoto-

981 1988 1106 2028 manni,
1123 1989 1178 2018 cui
1201 1988 1330 2028 placuit
1349 1989 1445 2025 bene,
1463 1988 1683 2029 praru-,litque

981 2039 1024 2076 τῷ
1041 2042 1070 2068 et
1083 2039 1259 2068 inductum:
1273 2038 1361 2079 quod
1377 2044 1429 2069 est
1445 2039 1477 2068 in
1496 2037 1583 2068 Edd.
1597 2039 1684 2069 Yen.

985 2091 1078 2118 1517.
1113 2087 1207 2127 Aldi,
1233 2088 1376 2128 Gryphii
1396 2089 1548 2129 aliisque,
1569 2089 1619 2119 rel
1641 2090 1685 2127 τῷ

983 2140 1156 2177 deductum,
1176 2139 1265 2180 quod
1283 2139 1421 2169 Vascos.
1437 2139 1557 2178 Stepli.
1579 2145 1614 2169 et
1630 2139 1686 2169 alii

984 2189 1180 2227 ediderunt,
1195 2194 1313 2230 estque
1327 2189 1359 2218 in
1377 2188 1460 2219 Mss.
1475 2193 1604 2219 tantum
1619 2198 1685 2219 non

984 2239 1150 2270 omnibus.
1166 2239 1284 2270 Horat.
1304 2239 1372 2271 011.
1386 2242 1547 2279 111.9,17.
1562 2240 1570 2255 ‘
1585 2239 1686 2271 Quod

984 2290 1011 2319 si
1037 2289 1150 2329 prisca
1178 2288 1267 2319 redit
1293 2288 1419 2329 Venus,
1445 2289 1685 2330 Diductosqne

977 2339 1063 2379 jugo
1080 2339 1170 2379 cogit
1187 2338 1313 2370 aheneo
1326 2339 1345 2370 :y
1368 2344 1403 2369 et
1419 2348 1522 2379 saepc.
1558 2339 1683 2369 Verum

985 2390 1065 2430 quia
1089 2390 1173 2420 Mss.
1201 2390 1299 2430 longe
1327 2390 1461 2430 plurimi
1486 2390 1611 2420 liabent
1633 2390 1684 2420 ‹le-

984 2442 1122 2480 ductum,
1141 2440 1230 2481 quod
1257 2441 1358 2471 etiam
1384 2440 1524 2471 Ursinus
1547 2439 1589 2470 de
1616 2440 1684 2472 suis

984 2497 1021 2521 et
1043 2493 1167 2522 Brutus
1193 2491 1236 2522 de
1265 2492 1358 2523 Carr.
1388 2494 1533 2522 testatur
1559 2490 1686 2530 codice,

984 2541 1074 2581 vide,
1092 2542 1211 2581 lector,
1233 2550 1311 2571 num
1328 2549 1457 2571 mecum
1475 2539 1527 2570 liic
1552 2549 1686 2580 praeop-

985 2597 1036 2623 tes
1052 2592 1199 2623 scribere
1214 2594 1384 2632 seductum,
1400 2591 1487 2632 quod
1506 2601 1576 2622 serr
1585 2595 1685 2622 arunt

985 2644 1130 2684 egregia}
1147 2643 1348 2674 membrana*
1362 2641 1544 2673 Leidenses
1559 2651 1611 2681 pr.
1629 2650 1686 2671 cu—

981 2693 1038 2734 jus
1056 2694 1164 2734 glossa
1181 2697 1232 2723 est
1247 2692 1423 2722 diductum:
1446 2691 1479 2722 in
1497 2690 1585 2732 quod
1600 2690 1681 2722 abiit

985 2743 1116 2775 crebro.
1161 2743 1248 2773 Vide
1265 2742 1399 2772 omnino
1421 2751 1582 2772 summum
1600 2741 1685 2773 Gro-

986 2793 1121 2825 novium
1139 2792 1181 2824 ad
1196 2792 1336 2824 Senecae
1355 2793 1453 2824 cons.
1471 2791 1572 2823 Helv.
1590 2801 1620 2823 c.
1634 2793 1685 2823 16.
