1818 3131
210 192 323 234 1160

210 307 299 338 rum,
315 303 474 340 tanquam
501 301 675 339 potentem
702 298 735 329 in
762 297 910 339 sublimi,

209 350 306 390 cujus
330 349 434 380 ctiam
462 349 651 388 patrocinio
675 359 710 380 se
727 349 911 390 sperabant

209 399 251 430 ab
280 397 499 430 incommodis
526 399 795 441 impressionum,
825 399 910 431 toni-

210 455 287 480 truo
311 458 349 479 ac
375 449 646 489 tempestatibus,
661 449 798 482 fulmine
814 460 910 491 gran-

210 498 355 540 dineque
371 499 565 530 conservari
579 511 587 537 ;
608 501 662 532 cui
679 501 816 542 singulis
830 502 911 533 heb-

209 547 362 580 domadis
390 544 510 590 quinta
534 549 619 582 feria
642 561 704 592 per
727 552 909 593 deputatos

209 599 405 632 sacerdotes
421 600 587 633 sacrificia
607 601 771 634 offerebat
788 604 909 645 (popu-

208 651 260 682 lus
277 650 500 693 Suecorum);
527 661 546 683 a
565 662 630 694 quo
657 659 732 684 erat
755 653 827 685 dies
852 654 910 684 illa

207 702 301 734 dicta
328 703 525 735 Thorsdoeh)
577 705 817 737 Britannorum
842 706 910 746 qui-

209 752 349 785 busdam
379 757 471 785 taran
496 755 623 786 tonitru
654 761 726 787 est:
759 756 846 786 uude
874 762 910 786 et

209 801 346 834 Lucano
374 804 456 834 Thor-
481 810 624 836 vocatur
653 806 798 837 Taranis,
838 805 910 837 ‘Et

205 851 344 884 Taranis
357 853 526 894 Scythicae
539 864 604 884 non
621 855 736 886 mitior
753 864 810 886 ara
829 855 910 886 Dia-

209 902 286 934 nae.’
332 903 556 943 Dubitabam,
583 913 625 934 an
652 904 740 936 idem
771 905 910 946 Jupiter

208 955 312 991 esset,
335 952 393 992 qui
417 952 582 984 Saranicus
597 955 791 995 appellatur
806 955 839 985 in
856 965 910 986 ve-

206 1002 271 1032 teri
283 1001 523 1044 Inscripfione,
538 1013 611 1045 quae
625 1010 762 1045 reperta
776 1006 808 1036 in
822 1016 908 1047 pago

210 1051 391 1083 Mombacli
413 1053 501 1084 haud
531 1055 648 1094 procul
675 1055 909 1097 Maguntiaco.

212 1101 269 1133 Est
288 1108 400 1134 autem
417 1104 511 1136 talis:

466 1155 495 1186 I.
520 1155 564 1187 Ο.
590 1156 641 1187 Μ.

377 1205 622 1238 SARANICO

379 1256 633 1288 CONSERVA

377 1306 508 1337 TORI.
533 1307 674 1339 HONO

377 1355 499 1387 RIVS.
522 1356 605 1387 VII.
629 1356 692 1387 AL

377 1405 484 1437 LEG.
509 1405 627 1437 XXII.
651 1406 726 1439 PR.

375 1454 416 1487 P.
441 1455 480 1487 F.
502 1456 552 1487 M.
577 1456 686 1488 AVR.
710 1457 805 1489 GER

377 1505 556 1540 MANVS.
582 1507 628 1540 D.
652 1508 681 1540 E

383 1555 495 1588 MON

208 1610 306 1640 Mem.
342 1606 429 1638 Vide
444 1616 518 1648 quae
534 1607 577 1639 ad
595 1608 770 1640 Lucanum
786 1608 867 1640 dixi.

249 1662 269 1690 6
293 1659 343 1690 De
366 1658 416 1689 his
437 1659 563 1690 eandem
575 1658 660 1699 fere,
676 1669 766 1700 quam
785 1661 910 1701 reliqua:

204 1713 326 1749 gentes,
361 1708 474 1740 habent
511 1709 698 1750 opinionem]
754 1711 910 1742 Diversis

207 1760 308 1799 plane
336 1759 527 1792 nominibus
555 1760 648 1792 Galli
672 1771 750 1792 suos
774 1762 909 1803 insigni·

207 1815 308 1842 eruut
331 1812 446 1850 Deos;
469 1821 546 1842 nam
575 1821 673 1852 quem
698 1812 909 1844 Mercurium

207 1866 412 1893 censuerunt
441 1861 598 1900 Romani,
628 1863 668 1893 iis
704 1862 816 1894 dictus
858 1868 909 1894 est

203 1913 378 1953 Teutates,
391 1922 490 1954 quem
505 1913 666 1954 Martem,
680 1914 793 1945 Hesus
806 1925 813 1945 :
832 1913 911 1945 Gal-

206 1963 229 1993 li
258 1963 424 1995 Belenum
453 1968 490 1994 et
514 1963 662 1994 Taranin
690 1963 909 1995 nominarunt

206 2023 275 2054 eos,
291 2023 374 2055 quos
402 2013 544 2045 Romani
567 2023 643 2045 cum
667 2013 826 2053 Apolline
850 2023 909 2045 suo

205 2068 241 2095 et
269 2063 356 2097 Jove
392 2064 631 2096 confuderunt.
687 2063 774 2095 Vide
806 2064 910 2096 Elium

203 2113 370 2146 Schedium
393 2114 436 2145 de
463 2115 540 2146 Diis
557 2114 673 2146 Germ.
688 2115 810 2155 Syugr.
838 2124 860 2146 1.
877 2119 907 2146 5.

206 2174 301 2206 seqq.
347 2165 431 2196 Cum
452 2170 565 2197 autem
591 2165 735 2196 Romani
761 2174 825 2195 non
853 2165 910 2196 ab·

205 2215 327 2247 similia
349 2216 498 2258 utrisque
515 2216 592 2248 Diis
609 2215 722 2247 munia
739 2216 910 2255 adsignari

206 2267 371 2308 viderent,
398 2267 516 2298 eadem
546 2276 620 2298 esse
650 2267 787 2298 numina
809 2266 910 2299 facile

205 2317 406 2356 credebaut,
440 2318 517 2358 quia
551 2317 784 2349 Provinciales
815 2319 909 2349 Deos

206 2377 282 2399 cum
299 2368 449 2399 universi
465 2369 544 2400 Deo
560 2367 769 2400 miscuerint.
809 2368 911 2407 Egre-

207 2417 262 2459 gia
291 2422 383 2458 sunt,
411 2428 486 2460 quae
516 2418 579 2450 hac
609 2418 652 2449 de
685 2427 720 2449 re
750 2418 909 2450 disseruit

207 2468 420 2499 acutissimus
445 2468 497 2499 vir
522 2468 626 2500 Joan.
657 2467 811 2500 Clericus
831 2468 908 2500 Art.

207 2518 293 2551 Crit.
317 2519 414 2551 Part.
432 2527 476 2550 11.
504 2519 597 2550 Sect.
624 2527 651 2550 1.
675 2529 705 2550 c.
724 2522 773 2550 13.
790 2522 908 2551 9-15.

208 2568 319 2600 Dacis.

247 2623 267 2651 7
292 2620 471 2652 Minervam
495 2630 621 2661 operum
643 2623 734 2659 atquc
761 2619 910 2661 artificio-

206 2681 276 2702 rum
290 2671 385 2703 initia
399 2670 573 2711 transdere]
596 2670 696 2702 Hanc
713 2670 756 2701 ob
773 2680 910 2702 cansam

208 2722 252 2752 de
265 2721 378 2763 capite
393 2721 491 2755 Jovis
505 2726 587 2753 nata
601 2721 741 2761 dicitur,
756 2725 793 2752 ut
814 2725 912 2752 notat

209 2773 345 2804 Servius
357 2772 398 2805 ad
415 2772 547 2814 Virgilii
562 2771 796 2814 Eclog.u.61.
820 2771 910 2803 Hinc

678 201 821 234 No‘rAE
849 203 1111 236 vAmoRUM
1145 204 1195 236 ΙΝ

961 300 1063 331 etiam
1076 299 1208 340 Ἐργάνη
1224 299 1424 340 vocabatur,
1443 300 1662 342 quemadmm·

961 349 1041 381 dum
1057 350 1163 382 tradit
1180 350 1365 381 Pausanias
1380 351 1415 381 iu
1429 349 1538 382 Attic.
1554 361 1589 392 p.
1603 354 1660 386 42.

961 400 1060 432 Idem.
1655 427 1659 435 .

1002 454 1023 482 9
1045 452 1182 483 Mortem
1193 451 1271 483 bello
1286 451 1408 492 regere]
1429 451 1470 483 In
1487 451 1660 493 plerisque

960 501 1044 533 Mss.
1069 506 1105 532 et
1131 502 1302 542 impressis
1325 502 1432 534 Codd.
1449 507 1503 534 est
1520 503 1660 534 Martem

960 550 1037 582 bella
1051 562 1171 592 gerere,
1185 561 1284 593 quam
1304 553 1489 585 lectionem
1504 553 1665 586 exhibuit.

960 602 1225 642 Metaplirnstes.
1283 602 1351 634 Sed
1379 604 1478 644 longe
1518 607 1659 644 praestat

961 657 1112 692 recepta.
1151 652 1326 684 Lucretius
1342 662 1367 684 1.
1384 656 1436 684 33.
1453 655 1462 670 ‘
1479 653 1568 685 Belli
1584 653 1659 685 fera

959 711 1107 733 moeuera
1136 702 1275 733 Mavors
1302 702 1521 744 Armipotens
1548 703 1660 745 regit!

960 751 1065 783 Simili
1096 752 1195 783 modo
1224 753 1325 784 Silius
1349 753 1490 785 Italicus
1510 762 1560 786 vi.
1584 757 1660 786 307.

959 802 1045 833 dixit
1061 803 1201 834 Martem
1220 813 1335 843 regere.
1370 804 1457 835 Vide
1473 809 1509 836 et
1525 813 1590 836 vn.
1606 807 1660 837 47.

960 854 1057 884 Idem.
1083 854 1200 885 Ger-ere
1217 854 1320 885 etiam
1337 854 1481 886 Aimoin.
1504 861 1538 886 et
1562 855 1665 896 pleri·

961 913 1025 944 que
1052 904 1118 934 mei
1147 902 1254 934 Codd.
1282 914 1359 936 cum
1382 904 1468 935 Edd.
1486 904 1606 945 primis
1619 915 1659 937 ac

960 953 1092 994 Gryph.
1110 954 1261 995 aliisque.
1306 954 1375 986 Sed
1396 955 1516 994 Regere
1532 956 1661 996 optime

961 1008 1097 1035 servant
1113 1004 1221 1045 Bong.
1238 1004 1338 1045 prim.
1358 1005 1456 1036 Voss.
1480 1005 1576 1045 prim.
1597 1006 1664 1046 Eg-

959 1053 1071 1084 mund.
1087 1054 1210 1094 Scalig.
1227 1053 1320 1086 Leid.
1337 1064 1388 1095 pr.
1406 1058 1442 1085 et
1456 1054 1567 1088 Oxou.
1584 1064 1662 1087 cum

961 1105 1047 1136 Edd.
1072 1104 1164 1144 Aldi,
1180 1105 1356 1146 Stephani,
1375 1106 1516 1138 Hotom.
1539 1107 1662 1140 Brant.

959 1159 995 1186 et
1021 1156 1184 1196 pluribus.
1225 1155 1370 1187 Consule
1398 1161 1496 1188 notas
1525 1157 1568 1188 ad
1595 1158 1662 1189 Lu-

959 1214 1020 1237 can
1045 1215 1092 1237 ιν.
1119 1208 1193 1236 662.
1218 1206 1227 1223 ‘
1247 1211 1417 1247 tamquam
1444 1207 1596 1239 Fortuna
1615 1209 1664 1239 lo·

960 1265 1076 1286 corum
1112 1256 1210 1287 Bella
1245 1256 1362 1297 regat!
1418 1256 1518 1288 Adde
1555 1258 1658 1290 Doct.

960 1306 1086 1336 Markl.
1104 1305 1147 1336 ad
1161 1307 1246 1337 Stat.
1267 1306 1348 1337 Silv.
1376 1315 1401 1337 1.
1424 1310 1455 1337 2.
1480 1305 1542 1338 inf.
1564 1309 1573 1324 ‘
1593 1307 1661 1339 Qui

959 1356 1065 1396 leges,
1081 1356 1138 1396 qui
1154 1361 1269 1387 castra
1285 1357 1428 1397 regant.'
1458 1358 1530 1389 Cel.
1544 1358 1663 1391 Burm.

961 1406 1003 1437 ad
1033 1407 1193 1447 Calpurn.
1216 1407 1287 1438 Ecl.
1312 1416 1362 1439 ιν.
1387 1410 1418 1438 8.
1439 1407 1448 1424 ‘
1464 1408 1663 1450 Urbemque

960 1456 1062 1497 regit,
1078 1466 1264 1498 pacemque
1282 1457 1454 1498 togatam!

1005 1510 1045 1538 10
1071 1507 1149 1542 Quoe
1165 1507 1240 1539 bello
1256 1512 1399 1549 ceperunt
1421 1510 1597 1550 plerumque
1611 1510 1663 1541 de-

962 1557 1085 1597 vorent]
1108 1557 1295 1589 Athenaeus
1311 1567 1362 1590 ix.
1380 1562 1431 1590 16.
1448 1568 1481 1599 p.
1498 1562 1571 1590 160.
1587 1558 1662 1591 Τοὺς

962 1607 1104 1639 Γαλάτας
1118 1608 1186 1649 παρ’
1201 1606 1245 1639 οἷς
1260 1608 1327 1640 ἔθος
1341 1608 1437 1648 ἐστὶν,
1453 1608 1529 1646 ἡνίκ’
1543 1609 1580 1641 ἂν
1591 1621 1663 1649 προ·

959 1657 1077 1699 τέρημά
1091 1671 1121 1689 τι
1138 1659 1170 1690 ἐν
1188 1660 1253 1690 τοῖς
1267 1657 1413 1698 πολέμοις
1435 1658 1568 1698 λάβωσι,
1581 1658 1663 1691 θύειν

959 1711 1024 1740 τοῖς
1053 1711 1131 1740 θεοῖς
1170 1709 1242 1741 τοὺς
1270 1709 1495 1749 αἰχμαλώτους.
1549 1710 1663 1742 Etiam

959 1759 1103 1791 Tacitus
1136 1759 1261 1792 Annal.
1289 1769 1371 1791 xm.
1412 1762 1420 1777 ‘
1437 1760 1503 1791 Sed
1537 1759 1662 1791 bellum

959 1810 1209 1842 Hermunduris
1233 1821 1446 1853 prosperum,
1463 1812 1572 1843 Cattis
1593 1811 1664 1842 exi·

959 1861 1007 1892 tio
1024 1860 1102 1902 suit,
1114 1862 1193 1902 quia
1208 1861 1355 1893 victores
1369 1861 1534 1893 diversam
1552 1861 1661 1892 aciem

959 1912 1065 1942 Marti
1095 1922 1133 1943 ac
1159 1912 1335 1944 Mercurio
1366 1921 1565 1951 sacravere;
1594 1922 1661 1953 quo

959 1968 1039 1993 voto
1070 1963 1159 2004 equi,
1189 1963 1264 2004 viri,
1292 1967 1417 1994 cuncta
1444 1963 1546 2002 victa,
1573 1962 1661 1994 occi·

959 2012 1051 2044 dioni
1076 2013 1225 2045 dantur?
1270 2014 1443 2046 Memorat
1473 2014 1661 2054 Procopius

961 2063 1138 2095 Gothicor.
1165 2064 1185 2094 l.
1216 2073 1256 2096 rr.
1288 2075 1323 2106 p.
1347 2067 1422 2096 233.
1459 2064 1614 2095 Thusitas
1638 2063 1662 2096 i.

960 2115 1187 2147 Scandiuavos
1205 2116 1350 2148 eundem
1367 2116 1434 2147 suis
1452 2114 1663 2156 temporibus

960 2175 1088 2197 morem
1100 2166 1293 2198 retinuisse.
1319 2166 1435 2198 Verba
1445 2171 1544 2198 sunt:
1569 2164 1663 2197 Θεοὺς

959 2215 1064 2254 μέντοι
1090 2217 1141 2248 καὶ
1166 2217 1309 2256 δαίμονας
1340 2216 1478 2249 πολλοὺς
1504 2215 1661 2253 σέβουσιν·

960 2266 1114 2307 οὐρανίους
1132 2279 1167 2299 τε
1182 2268 1232 2299 καὶ
1247 2267 1390 2309 ἀστρίουε
1405 2267 1545 2308 ἐγγείους
1559 2280 1595 2299 τε
1613 2267 1664 2299 καὶ

960 2318 1160 2357 θαλασσίους,
1187 2319 1237 2350 καὶ
1258 2318 1333 2350 ἄλλ’
1357 2317 1438 2350 ἅττα
1461 2317 1610 2358 δαιμόνια,
1630 2318 1662 2348 ἐν

961 2368 1047 2400 ὕδασι
1063 2370 1172 2408 πηγῶν
1185 2381 1220 2400 τε
1236 2369 1287 2400 καὶ
1308 2371 1452 2407 ποταμῶν
1473 2367 1547 2400 εἶναι
1569 2366 1662 2406 λεγό·

958 2428 1044 2457 μενα·
1058 2417 1161 2450 θύουσι
1175 2418 1207 2450 δὲ
1222 2418 1473 2458 ἐνδελεχέστατα
1483 2418 1576 2458 ἱερεῖα
1587 2428 1662 2447 παν·

958 2469 998 2501 τὰ
1020 2469 1070 2501 καὶ
1087 2469 1273 2510 ἐναγίζουσι·
1292 2472 1354 2501 τῶν
1375 2468 1408 2500 δὲ
1435 2467 1548 2509 ἱερείων
1571 2466 1661 2507 σφίσι

958 2519 995 2550 τὸ
1019 2518 1192 2551 κάλλιστον
1215 2517 1368 2560 ἄνθρωπός
1389 2519 1487 2557 ἐστιν,
1508 2517 1600 2557 ὅνπερ
1624 2516 1662 2547 ἃν

959 2569 1152 2611 δορυάλωτον
1189 2568 1358 2606 ποιήσαντο
1390 2569 1519 2608 πρῶτον.
1549 2566 1662 2598 τούτον

958 2620 1019 2661 γὰρ
1034 2622 1078 2660 τῷ
1092 2619 1155 2659 lipsa
1169 2619 1301 2659 θύουσιν,
1312 2618 1376 2649 ἐπεὶ
1388 2618 1458 2649 θεὸν
1471 2617 1564 2648 αὐτὸν
1579 2617 1663 2656 νομί-

959 2669 1047 2710 ζουσι
1071 2669 1222 2709 μέγιστον
1251 2668 1336 2708 εἶναι,
1366 2669 1514 2709 {sparnum
1545 2667 1577 2700 δὲ
1607 2667 1663 2707 τὸν

960 2718 1169 2760 αἰχμάλωτον,
1185 2720 1220 2750 οὐ
1236 2718 1359 2750 θύονται
1373 2718 1477 2759 μόνον,
1503 2718 1590 2750 ἀλλὰ
1611 2717 1664 2758 καὶ

959 2770 1020 2804 ἀπὸ
1035 2769 1127 2810 ξύλου
1151 2771 1331 2811 κρεμῶντες,
1357 2770 1375 2807 ἤ
1401 2770 1430 2803 ἐς
1453 2769 1508 2802 τὰς
1529 2768 1663 2802 ἀκάνθας
