1883 3121
241 195 355 237 1378

243 302 424 334 lectionem
449 311 525 332 cum
555 300 606 332 Cl.
621 299 756 331 Clarkio
781 299 943 339 optimam

243 363 333 392 reor,
351 361 493 392 eamque
518 350 690 391 Gryphius
717 354 942 390 repraesenta-

243 404 304 434 vit.
343 403 454 434 Dacis.
500 411 569 432 cur.
587 411 653 432 sec.
699 401 856 441 Vulgaris
873 410 944 431 ver-

245 455 363 485 borum
390 452 570 483 collocatio
611 456 663 482 est
697 460 715 481 e
742 451 944 490 conjectura

246 502 377 535 Nicasii
424 501 606 532 Ellebodii.
648 501 732 532 Mss.
764 511 880 532 omnes
910 506 945 531 et

246 553 333 584 Edd.
355 553 451 584 vett.
479 562 539 582 non
564 553 661 582 solum
687 552 791 593 inopia
813 561 947 592 prasen-

244 603 296 634 tis.

289 656 308 684 3
331 654 385 685 Ad
412 653 555 684 denarios
583 651 630 692 r..]
665 653 722 683 Ita
760 651 848 682 bene
879 650 948 681 edi-

246 704 372 735 derunt
402 703 520 740 Aldus,
551 703 638 734 Ven.
671 705 763 733 1517.
812 701 947 730 Manat.

248 754 384 795 Grypli.
415 753 567 784 Plautin.
603 758 639 783 et
667 761 762 792 seqq.
791 749 879 780 Edd.
909 749 949 779 In

247 809 331 839 Mss.
355 808 438 838 meis
477 805 640 843 omuibus,
677 804 760 834 item
805 802 950 839 Brantii,

249 859 407 892 Ciaccon.
419 863 454 888 et
466 856 552 888 Edd.
564 855 694 896 primis,
704 859 739 885 ut
755 859 791 885 et
812 853 950 884 Beroal-

248 909 295 947 di,
314 914 446 940 tantum
457 911 567 937 exstat
583 907 622 936 ad
640 913 687 935 xr„
700 904 753 935 vel
767 905 806 934 ad
819 905 951 943 quadra—

246 961 350 1000 ginta.
367 960 508 990 Vascos.
523 958 578 999 qui
605 957 636 987 in
665 956 814 995 margine
838 959 953 986 monet

249 1021 367 1043 vocem
390 1010 532 1042 denarios
552 1017 619 1038 non
636 1016 708 1037 esse
730 1006 763 1036 in
780 1006 864 1036 Mss.
883 1004 951 1036 edi-

249 1062 299 1093 dit
317 1070 451 1103 quoque
477 1059 696 1100 quadraginta,
727 1066 803 1087 cum
829 1055 953 1086 Strada

250 1116 286 1142 et
303 1110 434 1151 Gryph.
446 1114 575 1150 poster.
599 1107 690 1138 Hinc
705 1106 747 1137 R.
762 1105 952 1145 Stephanus

250 1161 405 1192 exhibuit
435 1159 478 1189 ad
510 1157 574 1188 HS
608 1156 827 1196 quadraginta.
885 1154 952 1185 Sed

249 1221 391 1253 parvum
418 1214 470 1240 est
498 1207 657 1249 pretium,
681 1206 709 1236 si
723 1205 879 1236 sestertios
906 1205 953 1234 in·

250 1261 400 1301 telligas‚
415 1258 554 1289 nimium
576 1265 657 1286 vero
686 1255 712 1285 si
735 1254 890 1289 sestertia,
918 1253 951 1283 id

250 1315 315 1349 est,
343 1307 571 1350 quadraginta
605 1305 710 1335 millia
746 1302 951 1333 sestertium.

252 1361 366 1392 Recte
391 1358 533 1389 demirios
561 1365 592 1387 1..
632 1353 824 1385 exhibuisse
864 1352 952 1382 viros

252 1411 373 1441 doctos
398 1411 494 1449 puto.
540 1404 678 1436 Denarii
701 1404 789 1435 enim
806 1407 886 1433 nota
901 1406 954 1433 cst

253 1469 288 1498 x,
315 1457 403 1489 unde
418 1467 459 1488 ea
483 1459 536 1487 est
551 1456 585 1486 in
605 1454 747 1485 nummis
770 1453 850 1493 ipsis
869 1453 954 1483 Con-

251 1508 431 1540 sularibus.
459 1514 516 1537 XL.
542 1514 623 1545 ergo
638 1509 716 1535 sunt
728 1503 850 1534 denarii
865 1502 954 1542 quin-

252 1559 415 1599 quaginta,
451 1555 541 1598 quod
578 1564 644 1586 non
678 1553 860 1595 capiebant
897 1552 955 1583 alii

255 1608 397 1640 librarii.

249 1676 252 1679 ⁴
297 1667 375 1690 Lm.
403 1661 423 1689 2
447 1658 553 1689 Multa
583 1667 689 1688 rumor
707 1654 870 1697 fingebat]
894 1653 955 1685 Nil

252 1715 381 1741 temere
398 1715 502 1740 muto.
547 1707 612 1739 Sed
631 1707 715 1737 Mss.
731 1703 883 1736 nonnihil
901 1714 955 1734 va-

254 1761 368 1792 riant:
392 1760 425 1790 in
448 1758 543 1790 Leid.
571 1767 610 1798 pr
648 1757 813 1788 multarum
835 1764 956 1785 rumore

251 1815 323 1842 orat
342 1810 499 1853 fingebat.
537 1809 578 1840 Iu
603 1808 724 1846 Scalig.
756 1816 795 1836 m.
823 1814 958 1836 rumores

245 1862 433 1904 fingebant:
456 1870 522 1891 non
539 1859 638 1890 male.
653 1857 784 1887 Passim
805 1856 892 1886 enini
907 1865 956 1884 ru-

254 1921 353 1942 mores
380 1911 414 1941 in
438 1909 560 1950 plurali
583 1905 682 1938 effert
698 1911 823 1936 noster.
870 1904 956 1934 vide

255 1962 299 1992 ad
316 1961 356 1991 B.
371 1960 415 1991 G.
433 1969 479 1990 ιν.
496 1962 526 1988 5.
556 1956 651 1988 Infra
666 1966 694 1987 c.
708 1958 760 1986 61.
783 1958 792 1971 ‘
811 1954 958 1985 exstinc-

255 2012 299 2043 tis
329 2008 539 2042 rumoribus?
578 2007 653 2037 Hoc
677 2004 761 2035 facit
781 2011 816 2035 et
831 2005 957 2034 Lovan.

254 2061 428 2092 „Multorum
441 2057 678 2099 orafingebanl.
709 2055 831 2086 Placet
845 2060 958 2085 tamen

256 2111 364 2152 magis
385 2111 428 2141 R.
444 2108 606 2149 Stephani
623 2107 726 2137 lectio
747 2107 840 2136 multa
857 2115 959 2136 rumor

256 2161 436 2203 affingebat,
460 2159 592 2191 scilicet
615 2158 654 2188 iis
672 2167 746 2198 quae
764 2156 958 2186 scribebant

256 2212 418 2244 Afranius
429 2209 736 2249 Petreiusque,&c.
746 2216 811 2237 vn.
823 2209 851 2237 l.
867 2208 876 2223 ‘
889 2205 958 2237 Aa-

257 2262 342 2294 dunt
359 2261 422 2301 ipsi
439 2266 474 2292 et
488 2259 651 2299 affingunt
674 2258 861 2288 rumoribus
879 2258 956 2288 Gal-

257 2313 303 2344 li.’
340 2312 462 2343 Cicero
479 2310 567 2340 Phil.
584 2319 606 2340 1.
624 2312 656 2339 3.
677 2310 686 2325 ‘
702 2307 877 2347 Afflngant
901 2308 959 2338 ali-

257 2363 350 2404 quid,
364 2371 429 2404 quo
446 2360 590 2399 faciunt,
605 2358 694 2400 quod
717 2358 878 2389 nunciant
902 2358 958 2388 la*-

257 2414 347 2446 tius!

300 2468 320 2496 4
349 2464 458 2504 Magni
485 2465 607 2494 domurn
630 2471 790 2493 concursus
806 2463 845 2492 ad
863 2461 959 2500 Afra-

256 2514 358 2554 nium]
375 2514 429 2545 Ita
441 2520 475 2544 et
493 2515 556 2544 Ms.
571 2513 704 2543 Petavii
721 2513 840 2543 habet:
859 2512 959 2543 Faer-

258 2574 320 2595 nus
337 2564 474 2604 legebat
489 2565 619 2594 demunt.
646 2563 724 2594 Non
743 2563 864 2602 placet.
890 2563 958 2593 Ho-

255 2619 436 2645 tomannus
452 2614 548 2654 legit,
561 2614 667 2652 magni
681 2614 721 2643 ad
733 2615 851 2643 domum
865 2612 961 2651 Afra-

259 2665 305 2695 nii
327 2675 500 2702 concursus,
517 2674 637 2703 magnoe
655 2663 881 2702 gratulationes
897 2663 959 2705 fie-

258 2714 343 2746 bant.
380 2715 514 2754 Subdit,
537 2715 546 2731 ‘
563 2723 641 2744 nam
658 2714 774 2744 Romae
803 2712 960 2743 videntur

259 2765 312 2799 11ae
327 2764 569 2807 gratulationes
583 2763 711 2798 factaess
742 2763 772 2795 N
779 2772 795 2794 e
811 2763 874 2795 hoe
891 2762 961 2806 qui-

714 204 855 235 NOTAE
887 204 1152 236 VARIORUM
1187 205 1238 235 IN

994 297 1069 330 dem
1091 297 1316 339 probaverim.
1355 297 1408 328 Au
1424 302 1566 338 praestet
1583 298 1695 339 legere

994 350 1092 389 domo,
1107 350 1159 380 vel
1178 349 1324 387 omnium,
1345 353 1406 380 aut
1426 347 1607 380 bantinum?
1630 350 1696 381 Do-

995 411 1078 431 mum
1093 401 1195 431 etiam
1220 401 1252 430 in
1278 400 1474 431 accusativo
1499 409 1612 440 supra,
1634 399 1698 432 hoc

995 450 1083 481 libro
1108 451 1298 490 usurpavit,
1316 450 1373 480 ubi
1390 450 1458 480 ait:
1482 450 1491 466 ‘
1509 450 1700 490 proemissos

997 499 1098 529 etiam
1131 499 1262 538 legatos
1303 499 1534 529 Massilienses
1566 499 1701 530 domum

998 548 1129 578 nobiles
1157 548 1415 580 adolescentes:
1447 549 1514 580 Sed
1541 550 1596 580 hic
1615 548 1699 580 illud

998 598 1118 627 domum
1149 597 1271 628 referri
1303 604 1416 638 potest
1444 600 1485 630 ad
1517 598 1700 640 proemt'sm.

999 648 1100 680 Quod
1137 653 1232 688 puto,
1263 649 1341 689 quia
1372 651 1419 681 ait
1459 651 1575 691 paullo
1604 656 1699 692 post:

998 697 1007 712 ‘
1018 698 1116 737 cujus
1127 698 1315 728 orationem
1329 698 1464 730 domum
1480 701 1603 741 legatis
1619 701 1703 732 refe-

1000 748 1103 779 1·unt.’
1138 749 1188 780 Ut
1205 750 1306 780 nolim
1335 760 1410 781 cum
1435 750 1606 792 Scaliger-o
1632 760 1702 783 mu-

1001 804 1074 830 tare
1108 800 1201 838 domi,
1239 801 1404 841 quomodo
1444 801 1555 833 nullus
1593 801 1703 834 codex

1001 849 1113 880 habet.
1159 850 1227 880 Sed
1251 850 1313 881 hoc
1335 850 1409 881 loco
1429 851 1494 881 alia
1514 852 1601 883 ratio
1627 857 1701 883 est:

1002 900 1118 940 itaque
1143 905 1237 941 puto,
1254 910 1320 932 uon
1344 898 1485 941 affirmo,
1500 903 1643 943 aliquam
1660 913 1703 934 ex

1002 951 1126 981 nostris
1142 949 1351 990 conjecturis
1366 951 1504 990 probam
1521 961 1605 983 esse.
1632 953 1705 984 Vos-

1001 1000 1074 1030 sius.
1112 1000 1272 1040 Turpiter
1299 999 1360 1031 lioc
1388 1000 1421 1031 in
1444 1001 1521 1032 loco
1544 1010 1579 1032 se
1603 1002 1705 1033 dede-

1004 1055 1082 1080 runt
1106 1050 1169 1080 viri
1196 1049 1332 1082 eruditi.
1362 1050 1465 1082 Gabr.
1495 1051 1644 1082 Faernus
1668 1056 1704 1083 et

1002 1099 1083 1130 Ald.
1117 1099 1293 1130 Manutius
1323 1105 1494 1139 reponunt
1521 1101 1626 1140 magni·
1655 1101 1705 1132 de-

1003 1159 1084 1180 mum
1097 1158 1269 1188 concursus,
1281 1151 1333 1187 erc.
1351 1159 1390 1180 ac
1403 1150 1451 1180 ita
1463 1151 1591 1182 habent
1602 1151 1703 1183 editt.

1005 1199 1100 1230 Rom.
1119 1199 1205 1229 Ven.
1222 1199 1382 1230 Beroald.
1403 1200 1568 1240 Dionysio
1583 1201 1704 1232 Vossio

1004 1250 1119 1289 placet
1146 1251 1251 1288 magni
1281 1250 1333 1280 vel
1360 1251 1458 1290 domo,
1481 1252 1534 1281 vel
1560 1252 1705 1291 omnium,

1004 1299 1058 1329 vel
1087 1299 1242 1329 hominum
1272 1309 1434 1330 concursus
1460 1302 1499 1331 ad
1528 1301 1704 1338 Afranium.

1005 1348 1059 1378 Fr.
1073 1352 1185 1379 autem
1198 1349 1434 1381 Hotomannus
1448 1350 1606 1381 emendat
1621 1360 1706 1390 mags-

1004 1399 1039 1430 πὶ
1050 1400 1089 1429 ad
1100 1401 1222 1429 domum
1237 1399 1369 1437 Afranii
1383 1409 1558 1439 concursus,
1573 1401 1702 1442 absque

1006 1460 1106 1481 causa
1122 1451 1270 1489 sontica;
1296 1455 1390 1482 recte
1419 1456 1530 1482 tamen
1555 1451 1641 1482 vidit
1656 1451 1707 1482 vir

1005 1500 1231 1540 doctissimus,
1251 1502 1310 1532 has
1329 1503 1574 1542 gratulationes
1591 1503 1705 1534 Romae

1005 1549 1115 1581 factas
1129 1561 1210 1583 esse.
1253 1551 1341 1582 Sana
1367 1562 1503 1592 prorsus
1518 1556 1553 1583 et
1569 1553 1706 1593 elegans

1007 1606 1054 1631 est
1079 1601 1180 1632 lectio
1203 1607 1356 1642 recepta.
1403 1602 1524 1633 Cicero
1545 1603 1638 1634 Fam.
1663 1603 1707 1633 E-

1009 1651 1087 1692 pist.
1114 1661 1169 1683 ιιι.
1191 1654 1223 1682 8.
1251 1653 1259 1671 ‘
1278 1653 1402 1693 Neque
1415 1653 1536 1683 douram
1558 1662 1705 1694 uuquam

1007 1704 1103 1734 adme
1120 1704 1251 1735 litteras
1269 1704 1414 1742 mittam,
1427 1704 1507 1744 quin
1525 1703 1708 1744 adjungam

1008 1763 1077 1793 eas,
1093 1764 1174 1795 quas
1189 1755 1250 1785 tibi
1269 1754 1362 1787 reddi
1377 1754 1499 1785 velim!
1524 1753 1707 1785 Terentius

1010 1805 1095 1835 Eun.
1122 1805 1202 1835 Act.
1231 1814 1255 1835 1.
1284 1805 1337 1835 Sc.
1355 1808 1385 1836 2.
1417 1807 1489 1835 125.
1520 1804 1632 1836 ‘Etis
1648 1804 1705 1835 ho-

1008 1854 1063 1884 die
1090 1860 1268 1884 venturum
1301 1856 1340 1884 ad
1374 1864 1421 1885 me
1449 1854 1626 1886 constituit
1656 1855 1708 1886 do-

1007 1904 1113 1935 mum.’
1148 1904 1243 1935 Idem
1262 1904 1409 1944 Adelph.
1435 1903 1648 1935 Act.1v.Sc.
1674 1906 1706 1935 4.
1732 1938 1733 1941 Ἰ

1011 1957 1061 1985 19.
1079 1956 1087 1971 ⁶
1108 1955 1216 1985 Adme
1231 1954 1379 1984 abducta
1402 1960 1453 1985 est
1469 1956 1614 1985 domum)
1638 1953 1707 1985 Ubi

1011 2006 1167 2036 Donatus
1185 2005 1245 2042 ait,
1260 2004 1300 2034 ad
1318 2014 1369 2035 me
1384 2004 1516 2035 domum
1534 2004 1708 2036 moraliter

1010 2055 1107 2094 dixit,
1123 2064 1184 2094 pro
1201 2055 1242 2085 ad
1261 2055 1393 2085 domum
1409 2065 1529 2085 meam.
1546 2054 1627 2085 Pari
1642 2055 1705 2086 ita-

1010 2115 1074 2146 que
1093 2105 1222 2136 ratione
1238 2107 1359 2136 domum
1381 2106 1421 2136 ad
1437 2104 1604 2142 Afranium
1620 2104 1709 2135 idem

1009 2157 1101 2187 valet
1137 2166 1175 2187 ac
1205 2157 1244 2186 ad
1273 2157 1393 2186 (ἰυηιιιηι
1421 2154 1561 2193 Afranii.
1599 2153 1709 2185 Dacis.

1010 2207 1141 2237 Demum
1169 2206 1256 2236 male
1288 2206 1396 2236 Dorv.
1427 2204 1502 2235 Pal.
1532 2204 1642 2243 Bong.
1675 2207 1710 2234 et

1011 2256 1073 2288 Ed.
1093 2257 1186 2288 Med.
1216 2257 1350 2287 Domum
1364 2265 1526 2286 concursus
1542 2254 1710 2294 dicuntur,

1011 2313 1049 2338 ut
1064 2308 1184 2338 domum
1201 2306 1323 2344 reditio,
1339 2310 1374 2336 et
1390 2305 1465 2336 alia.
1488 2304 1575 2336 Vide
1591 2304 1709 2336 Davis.

1011 2358 1054 2388 ad
1070 2358 1110 2388 Β.
1125 2358 1161 2389 C.
1179 2367 1203 2388 1.
1217 2361 1246 2388 5.
1275 2358 1326 2388 Ad
1346 2355 1513 2395 Afranium
1534 2354 1709 2386 confirma-

1011 2415 1067 2438 tur
1096 2408 1194 2438 unice
1212 2417 1230 2438 e
1249 2408 1288 2438 B.
1308 2407 1380 2438 Civ.
1399 2416 1438 2437 ιι.
1451 2409 1502 2437 20.
1533 2406 1541 2422 ‘
1559 2406 1707 2436 Domum

1011 2458 1054 2489 ad
1086 2469 1120 2489 se
1148 2459 1288 2499 quisque
1330 2456 1526 2497 reciperet!
1572 2455 1707 2486 Terent.

1011 2519 1101 2550 saepe
1119 2509 1200 2539 domi
1217 2509 1298 2549 apud
1313 2518 1370 2538 me.

1054 2569 1123 2590 mv.
1141 2562 1159 2590 3
1189 2560 1231 2590 [Ἰ
1248 2567 1339 2589 nat-es
1347 2557 1471 2594 saciant
1487 2555 1571 2593 cnjus
1585 2555 1709 2594 generis

1011 2620 1077 2640 cum
1098 2609 1305 2650 superioribus
1327 2607 1416 2637 annis
1437 2616 1507 2637 usus
1530 2605 1710 2636 Britanniae

1009 2659 1170 2699 docuerat]
1205 2658 1341 2689 Car-ahos
1363 2657 1544 2697 intelligit:
1571 2656 1613 2687 de
1637 2656 1710 2697 qui·

1012 2711 1072 2742 bus
1097 2709 1220 2741 Isidor.
1245 2717 1322 2740 xlx.
1346 2711 1375 2738 l.
1402 2708 1410 2724 ·’
1427 2707 1577 2738 Carabus
1603 2715 1709 2746 parva

1010 2761 1135 2802 scapha
1151 2768 1192 2791 ex
1208 2758 1331 2791 vimine
1344 2757 1446 2799 facta,
1458 2766 1532 2798 quae
1548 2759 1710 2788 contexta
