1818 3131
519 229 611 259 Lm.
646 230 675 259 l.
712 232 772 260 DE
809 233 963 262 BELLO
997 235 1165 265 ClVlLl.

117 318 252 350 videtur
274 320 490 363 belligerando,
513 324 582 354 sive
611 323 722 363 potius
740 334 815 355 cum

118 377 267 408 Grntero
284 378 366 410 bello.
396 385 454 410 aut
480 380 564 411 bello.
595 380 746 419 Gerendi,
762 382 814 420 &a

116 427 341 468 Disceptandi
359 431 436 470 jure
455 431 575 469 potius,
591 440 688 470 quam
708 431 816 470 bello;

118 482 153 507 nt
183 487 325 519 sequens
348 479 486 510 verbnm
519 480 564 510 sit
594 480 725 510 initium
760 490 815 521 pe-

116 527 297 568 riodi‚quae
314 539 389 559 curn
404 529 539 570 reliquis
554 531 708 570 perierit.
727 531 812 562 Nam

115 587 180 607 non
197 578 335 610 dubium
354 583 404 610 est
418 579 510 619 milii,
526 581 604 621 quin
635 581 746 613 desint
759 583 812 613 hic

114 629 283 661 nonnulla.
330 629 404 661 Hoc
434 631 524 661 clarc
556 636 652 672 patet
683 641 701 663 e
730 633 811 663 Mss.

1457 229 1563 271 13:31

871 329 926 366 qui
956 329 1084 361 addunt
1116 329 1254 361 verbum
1280 332 1449 371 contendit,
1477 334 1564 373 quod

870 378 951 408 licet
969 379 1039 409 sine
1057 381 1122 411 ullo
1151 391 1261 420 sensu,
1277 382 1410 422 nequid
1425 392 1442 413 e
1458 383 1565 416 Codd.

870 433 1002 467 pereat,
1031 430 1155 460 addidi.
1201 431 1256 461 Sic
1282 432 1369 462 enim
1397 437 1510 464 exstat
1533 435 1565 464 in

868 478 976 517 Bong.
995 488 1062 509 sec.
1080 480 1177 509 Voss.
1198 490 1246 519 pr.
1265 482 1356 512 Loid.
1375 492 1423 522 pr.
1443 483 1567 515 Lovan.

869 528 1027 568 Gottorp.
1042 533 1076 559 ct
1091 530 1162 559 aliis
1175 540 1247 560 cum
1263 531 1324 562 Ed.
1340 532 1408 562 Ine.
1427 532 1568 564 Auctins

867 579 1003 619 insuper
1030 584 1083 611 est
1110 580 1142 611 in
1166 581 1330 620 Egmund.
1355 584 1363 599 ‘
1383 583 1568 615 Contendit

867 630 1011 673 quadam
1029 635 1174 672 utraque
1191 631 1244 662 die
1263 631 1439 663 futurum!

398 1016 514 1066 DE
582 1018 889 1066 BELLO
950 1019 1294 1067 CIV1L1.1

756 1155 854 1191 LlB.
898 1155 930 1192 I.

154 1290 168 1318 l
200 1289 289 1321 Bello
310 1289 423 1330 Civili]
438 1290 672 1322 Hotomannus
688 1290 811 1331 probat

111 1338 290 1370 lectionem
300 1340 385 1370 Msti
402 1341 439 1370 de
456 1341 543 1370 Bello
559 1340 654 1369 Cin-ili
671 1340 811 1380 Pompei-

110 1397 179 1427 (ιηο,
195 1389 285 1428 qnod
310 1389 423 1420 inveni
447 1389 549 1420 etiam
571 1389 604 1418 in
633 1389 725 1420 Leid.
741 1398 809 1419 sec.

109 1442 144 1468 et
164 1438 338 1479 Vossian0‚
352 1440 435 1471 item
461 1438 599 1470 Aicard.
618 1440 745 1469 Forsan
769 1449 811 1469 cx

867 1290 1026 1321 Suetonio
1059 1299 1086 1321 c.
1112 1292 1164 1320 56.
1195 1289 1372 1330 ‘Reliquit
1395 1297 1430 1322 et
1455 1301 1566 1323 rerum

866 1350 999 1371 suarum
1017 1339 1434 1379 commentarios,Gallici,
1446 1341 1567 1372 civilis-

867 1400 931 1430 que
955 1390 1035 1420 belli
1059 1389 1268 1429 Pompeiani.
1312 1390 1398 1420 Nam
1421 1391 1566 1422 Alexan-

867 1438 979 1479 drini‚’
996 1442 1060 1470 &c-

288 1592 584 1635 DIONYSII
615 1592 825 1635 VOSSII
857 1592 1384 1634 SUPPLEMENTUM

818 1687 856 1709 lx

341 1764 378 1794 C.
401 1762 499 1795 JUL.
525 1763 695 1795 CJESAR.
721 1763 813 1795 LIB.
838 1764 866 1795 Ι.
891 1765 956 1795 DE
983 1764 1135 1795 BELLO
1161 1763 1322 1794 CIVILI.

151 1856 245 1887 Nihil
277 1865 363 1886 nunc
385 1856 495 1886 dicam
509 1855 563 1887 'de
578 1857 723 1888 absurda
738 1857 809 1887 illo-

108 1914 181 1936 rum
197 1905 368 1945 opinione,
385 1905 441 1946 qui
457 1905 516 1936 lios
540 1906 583 1936 de
601 1906 690 1937 bello
716 1906 811 1937 civili

109 1956 370 1987 commentarios
387 1955 532 1987 Caesaris
550 1956 653 1997 ipsius
667 1967 741 1988 esse
755 1967 810 1988 ne-

108 2010 202 2046 gant.
238 2006 339 2038 Quod
351 2007 415 2037 etsi
431 2016 472 2037 ne
485 2007 663 2038 Suetonius
676 2007 809 2048 quidem

106 2053 301 2094 affirmaret,
335 2060 447 2087 tamen
481 2056 562 2086 satis
593 2056 667 2096 ipsa
705 2056 810 2087 dictio

110 2106 278 2137 Caesarem
304 2115 366 2136 nec
390 2115 592 2146 quemquam
614 2106 715 2136 alium
738 2115 811 2136 esse

110 2159 260 2185 autorem
274 2155 398 2194 prodit.
440 2155 580 2186 Illorum
597 2155 722 2187 accedo
739 2165 813 2186 scn-

111 2204 241 2243 tcntiae,
257 2205 314 2244 qui
340 2203 515 2243 ἀκεφάλους
534 2205 593 2235 lios
617 2215 691 2236 esse
716 2206 812 2236 Com-

109 2254 295 2285 mentarios
323 2254 543 2285 arbitrantur.
597 2255 732 2285 Etenim
757 2265 813 2286 ne-

110 2313 198 2345 queo
216 2304 419 2344 persuadere
437 2304 515 2335 milii
529 2304 711 2345 abruptum
728 2306 812 2337 adeo

109 2355 284 2385 exordium
294 2355 389 2395 liujus
402 2355 514 2395 operis
528 2354 642 2386 fnisse.
671 2357 714 2386 Et
728 2366 812 2396 prae-

110 2404 278 2435 mittenda
305 2404 408 2434 fuisse
435 2405 540 2434 multa
563 2405 643 2435 satis
669 2405 742 2445 ipsa
765 2415 813 2436 os-

110 2454 222 2485 tendit
232 2454 384 2485 historia.
413 2455 527 2486 Quare
540 2464 651 2494 operte
665 2455 813 2494 pretium

111 2503 206 2535 nobis
221 2503 287 2534 fuit
310 2514 352 2534 ex
377 2504 573 2541 Plutarcho,
589 2504 758 2545 Appiano,
774 2515 812 2536 ac

110 2553 224 2584 Dione
245 2558 438 2593 contexere,
454 2564 526 2594 quae
551 2553 735 2585 desiderari
750 2555 813 2585 hoc

110 2602 184 2634 loco
198 2603 437 2635 existimamus.
482 2604 569 2634 Sunt
590 2609 701 2634 autem
717 2604 811 2635 liaec:

112 2652 123 2669 ‘
145 2651 296 2683 subacta
332 2653 422 2684 omni
461 2653 575 2684 Gallia
620 2653 731 2684 multis
772 2653 813 2684 de

112 2701 240 2732 caussis
254 2702 368 2735 Caesar
380 2713 455 2734 cuin
466 2703 499 2734 in
517 2703 722 2744 Cisalpinam
740 2713 816 2743 pro-

112 2752 256 2787 vinciam
271 2754 513 2797 contendisset,
530 2755 657 2796 legatos
674 2755 815 2787 Romam

862 1857 979 1896 mittit,
999 1857 1057 1898 qni
1074 1857 1284 1887 consulatum
1308 1856 1367 1893 illi,
1383 1861 1415 1886 et
1436 1857 1567 1897 provin-

863 1907 931 1937 cias
947 1906 1123 1947 prorogari
1139 1911 1309 1946 peterent.
1356 1907 1404 1936 Ea
1429 1906 1460 1936 in
1484 1907 1568 1946 peti-

864 1957 956 1988 tione
980 1956 1176 1996 Pompeius,
1205 1956 1263 1996 qui
1293 1955 1402 1986 alieno
1431 1956 1463 1985 in
1493 1956 1567 1986 Ca)-

864 2016 971 2036 sarem
989 2005 1112 2044 animo,
1128 2005 1273 2035 noudum
1297 2010 1408 2035 tamen
1427 2004 1568 2036 inimicI-

866 2055 930 2086 tias
945 2056 1053 2095 palam
1067 2055 1218 2094 gerebat,
1231 2064 1340 2096 neque
1356 2055 1568 2086 commenda-

868 2104 958 2135 tione
976 2114 1035 2134 sua
1047 2104 1235 2144 juvandum
1259 2115 1347 2143 eum,
1364 2115 1474 2146 neque
1489 2115 1569 2136 con-

866 2159 921 2184 tra
936 2154 1115 2184 dicendum
1138 2154 1356 2185 existimavit.
1398 2155 1465 2186 Sed
1482 2155 1568 2186 Len-

867 2204 956 2234 tulus
972 2208 1007 2234 et
1023 2204 1205 2234 Marcellus
1227 2213 1310 2234 coss.
1327 2204 1466 2245 quijam
1488 2209 1568 2236 ante

865 2254 999 2285 inimico
1028 2254 1060 2284 iu
1089 2256 1257 2286 Caesarem
1284 2253 1419 2285 fuerant
1446 2255 1569 2294 animo,

867 2303 901 2334 id
928 2304 1172 2344 prohibendum
1196 2305 1259 2335 sibi
1286 2305 1439 2336 omnibus
1461 2305 1569 2336 modis

866 2360 1031 2393 putavere
1047 2365 1054 2384 :
1088 2354 1271 2385 Marcellus
1289 2365 1368 2386 vero
1390 2365 1456 2385 non
1474 2355 1569 2385 dubi-

867 2405 953 2436 tavit
977 2406 1049 2436 aliis
1076 2415 1210 2447 quoque
1237 2406 1368 2447 injuriis
1398 2408 1567 2438 Caesarcm

866 2453 1014 2487 afficere.
1060 2456 1150 2486 Nam
1177 2465 1285 2496 nuper
1308 2456 1473 2487 coloniam
1502 2456 1571 2486 No-

867 2514 1078 2536 vumconium
1096 2506 1210 2537 Caesai·
1226 2507 1259 2537 in
1280 2506 1423 2536 Galliam
1442 2505 1568 2535 dedux-

868 2558 962 2592 erat;
985 2555 1038 2586 cui
1056 2556 1308 2596 Marcellusjns
1328 2555 1475 2586 civitatis
1493 2553 1569 2584 ade-

868 2604 969 2635 misse
987 2615 1050 2636 non
1065 2611 1258 2645 contentus,
1269 2605 1482 2636 decurionem
1497 2603 1569 2643 ejus

868 2654 1008 2685 coloniae
1036 2656 1152 2686 Romae
1180 2656 1441 2696 deprehensum,
1467 2653 1568 2693 virgis

869 2704 1125 2746 caedijusserat,
1136 2710 1170 2737 et
1185 2706 1338 2746 querelas
1351 2713 1425 2735 suas
1440 2704 1566 2736 Caesari

868 2758 906 2785 ut
933 2760 1134 2799 exponeret,
1162 2755 1356 2785 dimiserat:
1386 2762 1452 2794 qua
1475 2753 1567 2794 igno-
