1818 3131
368 215 461 244 Lm.
486 213 547 243 iv.
579 210 687 241 σΑΡ.
710 199 780 239 19.
815 210 877 239 nn
912 209 1066 240 nmmo
1099 208 1327 238 GALLico.

131 307 294 348 trnncos,'
307 316 446 350 qnorum
457 305 558 337 etiam
573 303 631 336 cit.
647 303 669 335 1.
684 304 826 335 mentio·

127 369 206 392 nem
214 359 295 391 facit
303 357 619 397 Plutarchus‚quam
629 354 671 385 ad
679 354 689 371 ‘
697 353 824 385 naves!

128 419 159 442 c.
174 413 227 441 31.
250 409 260 427 ‘
276 409 317 440 ad
333 417 390 439 eas
406 416 459 438 res
473 410 570 437 erant
584 405 658 436 usui
669 405 677 418 '
699 414 825 446 praece·

127 460 193 500 dit,
230 459 240 477 ‘
265 458 306 489 ad
335 466 440 488 naves
471 454 696 487 reficiendas!
736 455 824 486 Vide

128 509 230 540 etiam
242 509 381 539 Brutum
395 506 436 537 ad
451 515 482 537 c.
494 508 546 537 34.
575 506 640 537 His
650 505 750 545 rebus,
762 505 823 537 &c-

128 559 182 590 ubi
205 559 285 590 Mss.
303 557 436 598 quidam
460 556 576 588 diebus.
620 555 727 587 Immo
749 555 823 596 ipse

127 607 280 640 Clarkins
305 607 392 639 bene
417 607 567 639 restituit
591 616 626 638 v.
641 609 695 638 26.
720 609 728 624 ‘
747 616 822 647 quae

125 657 169 688 de
186 666 221 688 re
237 657 404 688 communi
417 657 530 688 dicere
543 657 686 695 vellent;
703 655 823 697 quibus

125 707 227 738 rebus
250 706 499 738 controversias
515 706 617 737 minui
630 715 728 746 posse
750 715 823 746 spe-

126 761 261 790 rarent.’
284 757 349 788 Adi
362 766 494 798 quoque
511 765 534 787 1.
548 758 599 787 19.
617 765 666 787 vi.
683 758 735 786 30.
754 765 822 786 vn.

127 810 178 838 13.
196 812 231 839 et
243 807 284 838 ad
297 807 336 837 B.
351 806 426 837 Civ.
439 815 463 838 1.
476 808 507 837 2.
520 808 572 837 26.
584 808 637 836 52.
660 805 823 836 ‘Annona

125 857 247 895 crevit,
262 865 336 897 quae
351 854 423 886 fere
439 855 514 894 res‚'
529 858 591 885 διε.
611 855 665 885 ubi
682 855 822 886 Hotoni.

122 908 226 938 eiiam
241 907 347 937 deleri
364 906 510 938 volebat.
542 904 631 936 Vide
647 909 681 936 et
697 905 737 935 B.
748 905 821 936 Civ.

124 966 164 988 n.
178 960 229 988 25.
253 957 293 987 Β.
311 957 384 988 Civ.
403 965 458 987 111.
482 959 535 987 47.
571 957 581 973 ⁴
600 956 711 986 Pecus
730 965 822 995 vero,

124 1006 220 1046 cujus
237 1006 284 1036 rei
300 1006 422 1046 copia.'
449 1006 547 1037 Adde
561 1016 591 1037 c.
606 1008 657 1038 59.
675 1006 765 1037 Hirt.
779 1007 821 1037 B.

123 1056 224 1088 Alex.
249 1065 274 1087 1.
309 1058 319 1074 ‘
336 1066 421 1098 aqua
451 1057 655 1096 pabuloque,
683 1066 822 1096 quarum

123 1106 264 1138 alterius
293 1107 363 1138 rei.'
402 1106 498 1137 Idem
527 1106 611 1137 fecit
634 1107 822 1146 Sallustius,

123 1156 166 1187 ad
179 1165 277 1198 quem
292 1155 369 1187 vide
387 1155 539 1188 Cortium
561 1156 601 1186 B.
625 1155 705 1196 Jug.
723 1165 752 1188 c.
769 1158 821 1187 84.

124 1207 184 1247 §th

167 1264 275 1288 xvm.
285 1259 303 1288 3
315 1257 354 1288 In
357 1257 442 1299 fines
453 1256 486 1287 S.
496 1257 666 1298 contendit]
677 1257 821 1289 Codices

122 1307 289 1347 Fulviani,
297 1307 428 1347 anacii
440 1312 475 1338 et
483 1307 660 1338 Leidensis
670 1309 768 1347 prim.
778 1308 824 1338 in·

123 1358 234 1388 tendit.
263 1357 452 1400 Nongnale.
467 1358 605 1389 Terent.
616 1357 705 1388 And.
721 1361 821 1390 1124.

124 1409 134 1424 ⁴
147 1406 215 1438 Sed
249 1407 304 1437 ubi
336 1416 497 1448 quaeram,
535 1411 594 1438 aut
631 1417 696 1448 quo
732 1417 822 1439 nunc

123 1457 268 1497 primum
285 1456 488 1487 intendam?
513 1456 617 1487 Plura
633 1457 709 1488 vide
722 1467 823 1497 supra

124 1506 166 1537 ad
182 1515 238 1538 ιιι.
254 1508 308 1538 26.
330 1508 339 1522 ‘
353 1506 505 1537 Salutem
531 1510 650 1546 petere
671 1506 823 1538 intende-

122 1557 226 1588 runt!

166 1610 186 1639 4
216 1605 245 1638 A
269 1607 472 1648 compluribus
491 1607 671 1639 civitatibus
692 1609 732 1639 ad
755 1618 823 1639 eum

122 1657 218 1696 legati
243 1657 383 1697 veniunt]
418 1658 508 1688 Hinc
523 1658 753 1689 emendandus
769 1663 823 1689 est

123 1706 192 1739 Jul.
207 1707 324 1738 Celsus
340 1707 399 1737 vit.
414 1706 499 1738 Caes.
518 1716 551 1746 p.
564 1710 617 1737 71.
629 1707 685 1738 ubi
701 1707 743 1737 de
759 1708 821 1737 hac

123 1767 161 1788 re
177 1757 224 1788 ita
247 1757 405 1798 loquitur.
440 1756 450 1773 ‘
463 1757 627 1796 Pergenti
643 1757 824 1787 multarum

120 1806 255 1837 urbium
288 1806 436 1846 legiones
462 1810 687 1837 occurrerunt
712 1806 824 1837 amici-

123 1855 204 1887 tiam
233 1865 419 1897 pacemque
451 1856 660 1896 petentium.’
703 1856 823 1888 Scribe

121 1906 302 1946 legationes,
315 1906 403 1948 qnod
414 1906 447 1938 J.
457 1906 501 1938 G.
513 1906 684 1938 Graevium
694 1906 822 1947 fugisse

121 1956 238 1988 miror.
277 1956 391 1988 Davis.

164 2008 184 2037 7
211 2005 387 2046 Sigmnbri]
411 2006 554 2038 Ursinus
577 2007 611 2037 in
625 2007 709 2039 Mss.
731 2007 821 2038 inve-

122 2060 220 2087 nerat
244 2058 279 2086 ut
300 2055 370 2095 Sig.
418 2056 508 2087 Hinc
531 2056 652 2087 merito
676 2058 823 2098 conjecit

122 2105 335 2136 scribendum
345 2115 419 2136 esse
428 2109 462 2136 at
472 2105 505 2137 S.
519 2105 608 2146 quod
621 2106 822 2138 confirmant

124 2155 210 2186 Mss.
228 2155 372 2194 Cujacii,
395 2155 572 2195 Scangri,
593 2165 631 2186 ac
647 2156 822 2188 Leidensis

124 2204 265 2244 primus,
280 2209 316 2234 et
332 2204 473 2235 Graecus
488 2204 517 2234 οἱ
531 2203 563 2234 δὲ
579 2204 616 2240 δὴ
631 2207 696 2236 Σικ.
719 2215 822 2246 quare

123 2253 248 2285 inserui
264 2263 336 2284 eam
353 2254 516 2284 voculam.

168 2312 244 2334 xix.
265 2306 285 2334 2
303 2304 536 2343 Frumentisqne
547 2303 685 2344 succisis]
707 2304 763 2336 Sic
779 2314 822 2336 ex

121 2353 258 2394 ingenio
282 2353 474 2384 emendavit
495 2354 553 2384 Fr.
575 2354 823 2394 Hotomannus,

122 2413 224 2444 quam
259 2404 488 2444 conjecturam
524 2409 644 2444 postea
676 2403 824 2436 firmavit

123 2455 224 2487 Joan.
242 2454 375 2485 Brantii
392 2455 456 2485 Ms-
487 2454 555 2485 Alii
572 2464 751 2494 perperam
767 2464 824 2486 ex-

124 2505 243 2536 hibent
256 2503 483 2545 frumentisque
509 2506 667 2536 sut-censi&
712 2506 821 2537 Dat-is.

125 2555 304 2587 Accedunt
339 2555 446 2586 Codd.
477 2555 606 2592 Ursini,
644 2556 822 2587 Petavian.

126 2604 251 2636 Lovau.
276 2610 311 2636 et
332 2605 396 2636 Ed.
425 2605 463 2635 R.
486 2606 660 2645 Stephani.
697 2605 823 2637 Confer

127 2653 170 2684 11.
194 2653 313 2685 Heins.
337 2655 380 2685 ad
404 2655 504 2686 Ovid.
521 2656 630 2696 Epist.
649 2657 733 2687 Her.
759 2665 820 2688 xx.

127 2705 201 2736 u&
259 2705 491 2746 Corruptionis
542 2715 694 2738 caussam
743 2707 823 2738 vide

128 2751 171 2784 ad
187 2760 228 2785 11.
242 2756 274 2785 6.
305 2754 316 2772 ‘
329 2754 452 2787 Portas
472 2756 684 2788 succedunt!
718 2767 747 2788 c.
769 2759 822 2789 38.

1463 198 1575 239 1059

875 305 975 346 hujus
992 305 1071 337 libri
1096 306 1105 324 ‘
1118 306 1208 344 agris
1231 304 1373 337 vastatis
1394 303 1575 337 frumentis

876 356 1026 393 succisis,
1043 356 1195 387 aedificiis
1211 355 1357 387 incensis
1372 354 1392 386 :’
1417 354 1475 386 ubi
1491 363 1574 386 non-

875 404 958 434 nulli
974 405 1075 435 eiiam
1093 406 1253 436 succensis.

917 457 938 485 6
968 455 1112 494 Misisse]
1125 457 1180 486 Sic
1198 457 1280 486 Msz.
1300 456 1386 495 Reg.
1403 459 1438 486 et
1453 454 1575 486 vossii.

874 504 929 536 Al.
945 505 1108 536 dimisisse.
1136 506 1242 536 Clark.
1264 507 1404 536 Temere
1419 504 1575 536 Clarkius

874 554 1074 594 ejecit-redi.
1086 554 1175 595 qnod
1185 560 1322 585 servant
1338 555 1420 585 Mss.
1431 554 1575 595 plurimi,

875 609 909 636 et
939 604 1027 635 Edd.
1054 604 1173 644 priscae
1198 610 1326 644 praeter
1349 615 1446 635 unam
1470 609 1506 635 et
1530 604 1576 634 al-

875 659 995 693 teram,
1012 663 1051 685 ac
1076 654 1172 685 Leid.
1193 663 1244 694 pr.
1268 664 1334 685 sec.
1354 655 1450 685 Voss.
1475 654 1574 694 prim.

874 713 941 735 sec.
959 709 993 734 et
1006 704 1251 735 Oxoniensem.
1276 704 1389 745 Atque
1401 705 1447 735 ita
1460 705 1575 745 saepis-

875 756 955 786 sime
973 756 1120 797 loquitur
1141 766 1215 787 cum
1240 756 1313 787 aliis
1329 757 1452 787 Caesar.
1491 757 1577 788 Con-

875 807 946 837 sule
966 807 1068 837 Doct.
1086 807 1226 838 Bosium
1244 806 1420 836 Animadv.
1439 805 1484 836 ad
1502 806 1577 837 Cae-

875 866 983 887 sarem
1008 866 1039 896 p.
1068 859 1119 887 17.
1165 856 1239 887 Cel.
1263 856 1377 886 Burin.
1403 855 1443 886 ad
1469 855 1574 887 Ovid.

873 905 1015 936 Metam.
1030 914 1083 936 ιιι.
1098 908 1172 936 381.
1195 906 1203 922 ‘
1215 905 1326 946 Atque
1337 906 1444 936 aciem
1458 908 1576 946 partes

874 956 1002 987 dimisit
1016 956 1048 985 in
1066 955 1205 986 omnes.‘
1236 956 1287 987 (ΣΙ.
1306 956 1415 986 Drak.
1437 955 1478 985 ad
1501 955 1575 986 Liv.

873 1015 922 1038 Π.
938 1009 989 1037 52.
1012 1007 1021 1023 ‘
1034 1006 1176 1036 dimissis
1195 1006 1287 1035 circa
1302 1014 1418 1035 omnes
1434 1004 1576 1044 populos

871 1055 1015 1095 legatis!
1061 1054 1155 1085 Infra
1177 1065 1206 1086 c.
1230 1057 1280 1085 34.
1329 1054 1338 1070 ‘
1363 1053 1516 1084 Nuncios
1542 1054 1576 1084 in

873 1115 989 1137 omnes
1001 1110 1114 1146 partes
1124 1102 1345 1134 dimiserunt!
1358 1112 1393 1133 v.
1406 1106 1460 1133 49.
1476 1104 1484 1119 ‘
1495 1104 1578 1143 Spe-

874 1155 1086 1187 culatoribus
1100 1155 1133 1185 in
1150 1164 1265 1185 omnes
1283 1159 1398 1194 partes
1412 1153 1578 1184 dimissis.’

873 1216 902 1236 c.
921 1208 973 1238 53.
1004 1206 1014 1222 ‘
1031 1205 1184 1236 Nuncios
1201 1205 1236 1236 in
1259 1214 1374 1235 omnes
1398 1208 1511 1244 partes
1528 1202 1577 1234 di-

872 1255 1080 1286 mittebant.’
1101 1264 1152 1286 Vl.
1168 1257 1221 1286 43.
1245 1263 1326 1285 vru.
1341 1258 1371 1286 5.
1393 1258 1432 1286 ut
1455 1253 1489 1284 in
1507 1253 1579 1285 Ms.

871 1305 1017 1345 legitur:
1035 1310 1071 1336 et
1088 1306 1220 1345 passim.

916 1359 936 1387 8
974 1357 1013 1387 In
1042 1357 1138 1387 silvas
1174 1356 1373 1396 deponerent]
1410 1356 1576 1396 BongarS.

873 1408 1028 1439 Vossiani
1056 1417 1184 1443 omnes.
1215 1407 1378 1446 Egmund.
1410 1406 1574 1446 Gottorp.

874 1459 968 1490 Leid.
1002 1463 1084 1489 tert.
1106 1458 1230 1496 Scalig.
1263 1457 1376 1488 Oxon.
1401 1461 1437 1486 et
1461 1456 1575 1486 Ursini

874 1520 950 1541 cum
969 1509 1057 1540 Edd.
1077 1509 1148 1540 Inc.
1168 1508 1470 1547 Beroaldi,Steph.
1484 1508 1577 1538 Stra-

874 1560 926 1591 dae
948 1560 1088 1600 aliisque
1112 1564 1146 1589 et
1169 1558 1298 1590 Clarkii
1321 1558 1353 1587 in
1374 1557 1470 1588 sih-is.
1517 1556 1577 1588 Nil

874 1614 1002 1640 temere
1029 1614 1141 1639 tamen
1166 1612 1271 1638 muto.
1315 1608 1324 1624 ‘
1343 1607 1381 1638 In
1398 1607 1500 1638 silvas
1518 1607 1576 1638 ab·

874 1659 977 1690 dere'
1004 1659 1120 1690 statim
1148 1658 1321 1688 habuimus
1348 1662 1384 1688 et
1409 1657 1464 1688 lib.
1488 1667 1521 1687 v.
1543 1659 1574 1688 3.

873 1709 971 1739 Idem
987 1713 1040 1739 est
1054 1717 1093 1738 ac
1108 1708 1118 1724 ‘
1132 1707 1221 1738 intra
1237 1707 1336 1737 silvas
1348 1706 1368 1745 ;'
1383 1711 1420 1737 ut
1433 1706 1513 1737 alibi
1528 1707 1576 1738 lo-

872 1759 999 1799 quitur.

915 1811 955 1839 10
985 1808 1036 1838 Ibi
1049 1808 1258 1839 Romanorum
1275 1809 1345 1838 adv.
1369 1817 1455 1848 exsp.
1479 1811 1573 1847 atque

871 1857 913 1889 ibi
922 1859 1078 1889 decer-tare
1086 1857 1199 1898 const]
1223 1858 1304 1888 Mss.
1313 1862 1348 1888 et
1359 1856 1470 1888 Editt.
1478 1857 1574 1888 Vett.

870 1908 923 1939 hic
939 1908 1029 1938 Rom.
1046 1909 1117 1938 adv.
1134 1917 1219 1948 exsp.
1256 1907 1357 1940 Quod
1373 1907 1501 1947 optime
1524 1916 1575 1937 rc-

872 1958 1019 1998 spondet
1052 1957 1165 1988 verbis
1195 1957 1469 1998 praecedentibus
1497 1957 1575 1987 lumc

872 2017 934 2039 esse
947 2008 1042 2038 locum
1058 2008 1217 2045 delectum,
1232 2010 1297 2038 &tn
1335 2007 1376 2037 In
1391 2007 1475 2037 Mss.
1492 2007 1574 2045 Reg.

872 2057 982 2097 deest,
1008 2059 1136 2098 ‘atque
1164 2057 1212 2088 ibi
1239 2055 1439 2088 decertare.’
1475 2056 1575 2088 Quod

871 2107 960 2139 forte
987 2107 1163 2139 Glossema
1189 2116 1262 2138 esse
1287 2107 1426 2148 poterit.
1465 2107 1574 2138 Clark.

873 2157 939 2187 Hic
954 2157 1054 2188 etiam
1080 2157 1163 2188 Mss.
1179 2157 1244 2187 mei
1268 2167 1396 2196 omnes,
1413 2162 1449 2188 et
1465 2158 1574 2190 Editt.

873 2212 950 2238 ante
970 2207 1191 2248 Scaligernm,
1208 2207 1297 2248 quod
1317 2208 1440 2247 sciam3
1468 2218 1573 2249 quare

872 2258 1048 2289 revocavi:
1073 2258 1252 2298 sequeutia
1265 2263 1454 2299 agnoscunt
1470 2259 1574 2290 etiam

872 2308 989 2339 cuncti
1024 2308 1104 2338 libri
1140 2314 1268 2348 praeter
1305 2309 1574 2340 recentissimum

871 2357 1026 2388 Vossian.
1050 2367 1125 2399 quae
1149 2357 1277 2388 frustra
1302 2358 1345 2389 de
1371 2359 1573 2399 glossemate

872 2412 1030 2448 suspecta
1051 2408 1156 2439 habet
1179 2408 1233 2438 vir
1255 2409 1388 2439 doctus.
1426 2408 1515 2439 Nam
1538 2413 1576 2443 et.

872 2457 990 2489 Celsus
1006 2463 1043 2489 et
1057 2459 1310 2499 Metaplirasics
1326 2459 1499 2490 exhibent.

915 2510 955 2538 17
984 2507 1182 2548 Profectum]
1227 2508 1324 2540 Leid.
1349 2509 1471 2540 tertius
1494 2518 1572 2540 cnm

871 2556 936 2588 Ed.
953 2557 1090 2589 Incerta
1109 2558 1277 2599 profectus.
1314 2559 1382 2591 Sed
1407 2559 1572 2597 Bongars.

871 2607 970 2646 prim.
984 2608 1080 2639 Leid.
1096 2610 1195 2649 prim.
1217 2609 1340 2649 Scalig.
1357 2612 1392 2639 et
1409 2608 1570 2648 Gottorp.

867 2655 1049 2696 perfectum.
1077 2658 1180 2698 Cave,
1203 2657 1282 2697 quid
1311 2662 1431 2687 mutes.
1467 2655 1570 2689 Ovid.

871 2707 949 2740 Art.
972 2718 1013 2741 11.
1039 2713 1114 2742 589.
1145 2711 1157 2730 ⁴
1181 2709 1260 2743 Hoc
1283 2708 1343 2742 tibi
1367 2706 1570 2746 profectum,

871 2759 1022 2792 Vulcane.
1036 2759 1055 2791 :’
1069 2759 1118 2790 nti
1129 2757 1321 2790 emendavit
1336 2757 1380 2788 N.
1395 2757 1569 2791 Heinsius.
