1818 3131
204 206 219 245 l
229 205 312 246 094

201 323 229 341 r.
248 314 298 342 3⁴.
312 313 364 341 68.
389 311 396 326 ⁶
415 308 595 348 disciplina
610 312 713 348 atque
728 310 898 336 armatura

201 361 338 392 nostra)
385 360 528 390 Consule
556 358 689 388 omnino
707 358 896 388 Manutinm

203 411 242 441 ad
262 411 417 441 ciceron.
436 409 543 448 Epist.
562 408 653 438 Fam.
669 417 734 438 vu.
752 410 781 439 1.
812 410 820 425 ‘
835 407 898 437 Ar-

204 467 334 490 matura
352 458 440 488 varia
455 458 627 498 equitatus
641 457 899 498 peditatusque!

204 513 374 540 Armatam
392 509 492 540 etiam
510 508 573 539 hoc
589 518 687 539 sensu
708 509 740 538 in
764 508 847 538 Mss.
865 513 900 539 et

205 560 292 591 Edd.
319 559 521 601 quibusdam
553 559 641 600 apud
677 559 772 590 Curt.
795 568 849 589 ιιι.
868 562 899 589 2.

203 612 218 649 (3,
235 614 266 640 5.
284 614 318 639 et
336 609 408 641 Liv.
427 618 530 642 xxm.
546 614 578 641 5.
622 610 688 641 Sed
717 610 827 640 malim
855 609 901 640 ibi

204 670 279 690 cum
296 659 368 690 aliis
383 663 517 697 armatu,
540 664 642 700 atque
671 659 744 700 ipso
773 660 902 690 Grono-

205 710 256 740 vio
274 710 314 740 ad
339 710 448 740 locum
467 709 550 740 Livii
565 721 573 740 ι
600 710 655 740 ubi
673 710 763 740 vide.

246 763 263 789 5
290 759 408 798 Magno
419 770 487 790 cum
500 759 633 798 periculo
642 757 804 797 dimicare]
818 758 902 788 Mss.

205 814 239 839 et
271 809 377 839 Editt.
406 809 500 839 vett.
530 818 641 846 magno
675 818 743 837 cnm
771 807 905 847 periculo

207 859 326 899 proelio
361 859 519 889 dimicare.
579 859 686 888 Clark.
744 857 906 897 Bongars.

207 915 289 946 tres,
310 910 430 939 Petav.
447 907 586 939 Norvic.
604 908 729 938 Lovan.
746 907 906 946 Gottorp.

208 959 305 989 voss.
322 958 488 997 Egmond.
505 963 539 989 et
555 958 627 988 Pal.
645 957 808 988 exhibent
825 967 908 996 mug-

206 1019 244 1039 ηο
273 1018 341 1038 cum
365 1008 500 1048 periculo
527 1007 632 1048 proelio
657 1007 822 1041 Μικίωνα
846 1016 908 1037 nec

209 1060 321 1097 aliter,
353 1059 390 1088 iis
426 1058 628 1096 volentibus,
665 1058 751 1096 lego.
798 1057 907 1088 Daris.

210 1118 281 1139 eur.
308 1118 376 1139 sec.
410 1108 480 1138 Mei
499 1108 637 1138 aliorum
655 1107 748 1137 libris
773 1106 854 1137 Mss.
875 1111 909 1137 et

211 1157 322 1188 Pulm.
363 1157 497 1188 schedis
531 1157 748 1188 consentiunt
786 1162 910 1196 praeter

212 1213 290 1244 ante
307 1208 416 1238 dictos
434 1207 541 1239 Codd.
565 1207 622 1247 qui
639 1216 698 1237 suo
711 1216 803 1238 more
824 1216 843 1237 a
861 1216 909 1237 re-

212 1258 309 1298 liquis
333 1258 559 1288 secessionem
577 1257 718 1288 faciunt.
764 1256 910 1287 Rostitui

215 1313 325 1339 tamen
343 1318 415 1338 eam
433 1318 570 1338 vocem:
596 1317 671 1338 cum
689 1317 761 1337 earn
779 1317 844 1337 non
862 1316 913 1336 re-

215 1363 354 1398 spueret
380 1357 520 1388 Caesaris
545 1359 664 1397 stylus,
689 1363 724 1387 et
747 1355 848 1387 facile
871 1357 912 1387 ob

214 1407 413 1447 praecedens
433 1408 603 1447 pericnlum
617 1407 784 1439 excidisse
809 1407 915 1438 credi-

215 1456 282 1487 bile
311 1458 367 1488 sit.
418 1458 533 1488 Proelio
559 1458 708 1488 dimicare
731 1458 850 1488 Latina
879 1463 914 1488 et

214 1507 314 1538 obvia
331 1512 381 1539 est
396 1507 532 1539 locutio.
547 1517 594 1538 w.
607 1511 657 1539 17.
677 1510 685 1524 ‘
701 1508 812 1540 Quum
827 1517 913 1548 prce-

215 1558 259 1589 lio
285 1558 448 1589 dimicare
479 1558 752 1590 constituerunt.y
797 1568 827 1590 c.
861 1561 913 1589 31.

216 1610 224 1624 ‘
240 1609 358 1648 prmlio
375 1609 623 1640 dimicandum)
642 1618 706 1639 vn.
724 1612 754 1639 7.
780 1609 821 1639 Β.
840 1609 914 1640 Civ.

219 1667 274 1688 ιιι.
291 1661 344 1688 37.
367 1658 376 1674 ‘
396 1659 511 1698 proelio
536 1659 715 1689 decertare
730 1657 750 1688 2'
775 1658 863 1688 uude
879 1662 915 1688 et

217 1710 226 1723 ‘
245 1712 417 1738 certamen
436 1708 556 1748 prstlii'
577 1709 617 1738 B.
635 1708 734 1740 Alex.
752 1718 780 1739 c.
800 1711 849 1739 16.

261 1761 281 1788 9
307 1759 468 1798 Equestris
484 1762 584 1789 autem
599 1759 701 1798 proeliz'
716 1760 812 1799 ratio]
836 1759 916 1790 Am-

220 1808 360 1848 bigebat
377 1809 568 1839 Glareanus
584 1810 626 1838 (le
646 1809 829 1846 Britannis,
855 1810 917 1839 Ro-

219 1857 338 1896 manis,
361 1868 402 1888 an
436 1858 586 1898 utrisque
611 1858 724 1889 Caesar
748 1859 915 1898 loquatur.

219 1906 286 1937 sed
315 1907 406 1938 nulla
432 1908 482 1937 liic
514 1906 695 1938 difficultas
718 1913 782 1938 cst.
829 1908 916 1938 Nam

220 1961 379 1996 equestre
411 1956 565 1996 proelium
589 1957 724 1997 proprie
752 1957 805 1987 hic
831 1957 917 1988 acci-

221 2005 405 2046 piendum:
468 2016 601 2046 nempe,
644 2007 700 2037 nbi
749 2007 918 2047 utrimque

222 2055 318 2095 equis
347 2056 581 2094 concurritur3
624 2056 755 2096 alioque
792 2056 919 2088 frustra

222 2104 345 2136 bonum
363 2106 414 2136 hic
432 2116 565 2137 sensnm
582 2116 722 2147 quaeras.
767 2107 854 2138 Sane
869 2107 918 2138 sic

223 2160 257 2186 et
274 2156 417 2187 Graecus
442 2157 629 2188 intellexit:
665 2163 698 2188 et
717 2158 764 2188 sic
783 2158 803 2189 l.
822 2168 844 2188 ι.
863 2158 920 2188 ubi

223 2206 267 2237 de
289 2207 439 2246 equestri
458 2208 575 2246 proelio
592 2208 818 2239 Romanorum
844 2218 920 2239 cum

225 2256 395 2288 Helvetiis
412 2256 570 2296 loquitur.
621 2258 753 2288 Vossius.

268 2314 358 2336 xvii.
383 2309 402 2336 2
426 2305 571 2346 Lvntius]
594 2307 831 2348 Bongarsiani‚
858 2309 921 2339 Pe-

226 2360 295 2386 tav.
323 2357 419 2396 Egm.
453 2358 578 2387 Lovau.
602 2358 698 2388 Voss.
723 2358 821 2398 prim.
845 2368 920 2389 cum

226 2407 372 2448 quinque
406 2407 478 2438 aliis
506 2412 540 2438 et
564 2407 651 2438 Edd.
682 2408 797 2448 primis
825 2409 923 2439 lenius

227 2456 281 2487 vel
296 2466 331 2486 uc
343 2457 450 2487 lenius·
476 2457 609 2488 Carrar.
626 2467 699 2488 cnm
717 2457 821 2488 tribus
837 2459 920 2489 meis

227 2507 474 2538 recentioribus
506 2512 542 2538 ct
570 2507 632 2538 Ed.
659 2507 728 2538 luc.
757 2513 924 2547 perpetua

227 2556 301 2588 fere
319 2558 502 2589 variatione
522 2558 629 2597 levius,
653 2557 742 2598 quod
764 2558 923 2598 placebat

227 2609 356 2646 Bruto;
399 2609 509 2640 minus
536 2609 634 2639 bene.
691 2609 804 2639 Lenius
835 2609 922 2641 idern

227 2663 292 2698 est,
315 2659 404 2700 quod
420 2659 541 2690 lentius.
585 2659 714 2690 Leniter
731 2660 817 2691 idem
834 2660 922 2701 quod

228 2709 318 2739 lente.
374 2708 475 2740 Unde
499 2711 619 2750 passim
643 2711 719 2741 lenis
735 2710 852 2750 flittius
868 2711 925 2741 ob-

229 2760 365 2798 ponitur
381 2760 500 2802 rapido
522 2766 556 2792 et
575 2761 729 2793 torrenti.
761 2763 769 2778 ‘
790 2761 927 2793 Leniter

665 211 805 242 NO'PAE
841 209 1100 241 VARIORUM
1135 209 1185 238 lx

949 303 1007 335 ire'
1025 304 1116 335 Hirt.
1146 303 1187 333 B.
1205 301 1314 332 Afric.
1335 310 1364 331 c.
1382 303 1412 332 6.
1435 300 1596 340 procedere
1611 303 1648 330 et

949 355 1069 386 similia
1085 353 1216 384 crebro.
1263 351 1351 382 Vide
1376 351 1446 383 Cel.
1473 351 1586 380 Burm.
1604 349 1646 380 ad

950 406 1087 437 Pliaedri
1130 405 1211 436 Fal).
1241 408 1293 435 23.
1339 406 1348 421 ‘
1372 405 1460 434 Pota
1501 401 1649 432 leniter!

950 456 1049 487 Adde
1067 455 1107 486 ad
1127 456 1167 485 B.
1186 455 1260 485 Civ.
1279 457 1346 485 1.l.
1372 456 1379 470 ‘
1397 453 1455 483 Sin
1474 458 1652 483 cunctetur

951 512 1053 546 atque
1071 510 1149 545 agat
1168 505 1273 534 lenius
1290 504 1308 534 ι’
1333 504 1390 534 ubi
1408 504 1494 533 mule
1513 502 1571 533 alii
1588 503 1651 532 len-

950 557 1025 586 tius.
1072 556 1183 586 Latius
1198 559 1250 585 est
1265 555 1297 585 in
1315 555 1409 586 Leid.
1428 554 1544 594 primo.

995 608 1014 635 8
1054 605 1217 643 Fecerunt,
1251 607 1350 644 quood
1379 604 1528 644 subsidio]
1566 604 1652 636 Mss.

954 655 1039 695 Reg.
1061 655 1185 686 Eliens.
1203 659 1238 685 et
1262 655 1386 693 Vossss,
1409 662 1441 685 et
1468 655 1653 686 Ed..Rom.

945 705 1100 743 jecerunt.
1148 704 1217 739 Quo
1251 705 1398 743 subsidio,
1435 708 1486 745 ᾅτ.
1549 706 1655 737 Clark.

955 757 1065 787 Etiam
1085 757 1166 787 Mss.
1193 756 1257 787 mei
1282 761 1412 788 tantum
1438 766 1504 787 non
1527 767 1654 789 omnes.

956 807 1044 838 Nam
1062 806 1173 838 Oxou.
1193 811 1227 836 et
1251 807 1366 846 anac.
1383 808 1480 846 quoad
1502 811 1657 838 servant:

957 857 1078 898 quibus
1096 857 1263 888 accedunt
1281 857 1442 896 ssongare.
1467 866 1517 896 pr.
1534 862 1570 887 et
1586 865 1656 888 sec.

958 908 989 939 in
1014 907 1134 948 quibus
1164 907 1253 945 legas
1278 908 1369 946 quod.
1426 907 1560 947 Reliqui
1599 917 1657 947 quo

958 968 1033 989 cnm
1059 957 1145 989 Edd.
1166 957 1307 988 Mediol.
1324 958 1410 987 Ven.
1435 962 1471 987 et
1496 957 1659 993 Incerta;

959 1009 1032 1039 sine
1062 1018 1174 1047 sensu,
1199 1007 1257 1039 sed
1287 1007 1435 1038 sollemni
1463 1007 1661 1038 mutatione.

961 1060 1070 1094 Quoad
1100 1059 1154 1089 hic
1174 1059 1276 1097 valet,
1298 1059 1402 1088 donec.
1447 1058 1547 1088 Dicit
1569 1057 1659 1089 Auc-

961 1115 1026 1147 tor,
1077 1109 1211 1149 pedites
1241 1109 1384 1139 hostium
1417 1109 1545 1148 copias,
1577 1117 1660 1150 quas

961 1160 1171 1200 repulerunt,
1210 1164 1279 1189 tam
1319 1159 1375 1189 diu
1414 1164 1549 1190 secutos
1586 1168 1660 1191 esse

960 1209 1063 1250 (qnod
1088 1210 1164 1240 hinc
1187 1214 1294 1249 patet,
1328 1210 1431 1240 etiam
1458 1209 1569 1249 paullo
1596 1218 1664 1240 me-

963 1261 1025 1291 lius
1051 1270 1138 1299 esse,
1164 1270 1262 1300 qnam
1295 1259 1406 1300 inseq.)
1436 1259 1543 1290 donec
1567 1260 1660 1300 sequi

962 1309 1106 1349 amplius
1127 1319 1184 1340 eos
1207 1309 1454 1350 nequiverunt:
1480 1309 1557 1350 quia
1572 1309 1665 1350 equi-

965 1364 1015 1390 tes
1033 1359 1150 1389 confisi
1163 1360 1236 1399 jam
1254 1359 1400 1389 subsidio
1416 1359 1566 1399 peditum
1584 1359 1666 1388 irru-

965 1413 1063 1439 erunt
1089 1418 1222 1449 qnoque
1251 1408 1283 1438 in
1309 1409 1409 1448 ipsos,
1433 1414 1536 1448 atque.
1559 1408 1667 1448 proecz'·

963 1459 1044 1499 pites
1061 1458 1094 1488 in
1117 1457 1231 1498 fugam
1248 1457 1429 1490 dederunt.
1473 1458 1573 1489 Unde
1595 1468 1668 1499 gra-

968 1509 1017 1539 vis
1045 1514 1223 1539 armaturae
1252 1508 1377 1539 milites
1401 1518 1458 1540 eos
1484 1509 1574 1539 ultra
1593 1518 1667 1549 per—

968 1559 1062 1599 sequi
1094 1567 1159 1588 non
1190 1563 1359 1598 poterant.
1413 1559 1468 1589 De
1499 1559 1562 1590 hac
1595 1569 1668 1599 par-

968 1608 1073 1638 ticula
1098 1608 1195 1648 plura
1223 1608 1299 1639 vide
1326 1608 1415 1648 apud
1441 1608 1493 1639 Cl.
1511 1608 1665 1640 Perizon-

968 1658 1008 1687 ad
1027 1658 1140 1688 Sanct.
1160 1658 1307 1689 Minerv.
1325 1667 1379 1688 ιιι.
1395 1662 1426 1689 6.
1444 1659 1458 1698 §
1475 1662 1506 1689 l.
1530 1664 1565 1689 et
1586 1659 1669 1690 Cor-

970 1708 1053 1738 tiuni
1068 1708 1111 1739 ad
1124 1709 1260 1739 ¹Sallust.
1273 1709 1350 1748 Jug.
1363 1719 1392 1739 c.
1407 1708 1527 1748 41.§9.
1545 1709 1554 1725 ‘
1569 1708 1669 1741 Quod

970 1763 1077 1789 semet
1129 1759 1201 1798 ipsa
1240 1759 1497 1798 praecipitavit.'
1547 1768 1576 1789 c.
1616 1761 1668 1790 14.

967 1810 976 1824 ⁴
995 1807 1116 1838 Quoad
1142 1808 1290 1847 legiones
1326 1807 1551 1839 collocasset?
1605 1809 1669 1839 Ea-

970 1858 1045 1887 dem
1075 1857 1228 1888 confusio
1269 1858 1301 1888 in
1340 1857 1444 1898 Apul.
1469 1859 1556 1889 Met.
1585 1866 1609 1888 ¹.
1639 1861 1671 1890 6.

969 1907 1111 1940 ‘Quoad
1140 1914 1247 1938 semet
1275 1909 1316 1938 ad
1341 1909 1436 1938 istam
1462 1907 1581 1940 facicm
1606 1908 1674 1940 for·

971 1962 1050 1988 tuna
1068 1958 1252 1998 perduxit!
1297 1959 1353 1989 Sic
1372 1958 1433 1990 Ed.
1451 1959 1559 1989 Scriv.
1603 1958 1670 1990 Sed

971 2008 1054 2039 Mss.
1080 2014 1115 2039 et
1134 2008 1221 2039 Edd.
1239 2009 1396 2049 vulgares
1420 2019 1476 2048 quo
1505 2009 1557 2040 vel
1581 2010 1672 2049 quod,

971 2057 1176 2089 defendente
1202 2059 1264 2089 lioc
1287 2059 1425 2099 Sciopp.
1451 2060 1550 2099 Susp.
1575 2060 1672 2090 Lect.

972 2117 1021 2139 lv.
1037 2111 1068 2139 6.
1097 2113 1131 2138 et
1159 2109 1253 2139 Ferr.
1282 2109 1332 2139 El.
1358 2118 1382 2140 1.
1411 2111 1460 2140 19.
1504 2109 1593 2144 Quod
1610 2119 1672 2149 pro

972 2160 1070 2198 quoad
1086 2159 1174 2189 valet
1188 2159 1222 2190 in
1234 2162 1391 2199 quantum.
1416 2160 1578 2190 Ceterum
1595 2168 1674 2189 mox

971 2207 1009 2238 τὸ
1024 2218 1056 2239 se
1072 2218 1136 2239 non
1151 2213 1328 2249 comparet
1344 2209 1377 2238 in
1394 2209 1476 2238 Mss.
1488 2208 1568 2239 meis
1579 2208 1674 2249 quin-

973 2258 1098 2297 decim,
1123 2267 1230 2299 neque
1253 2259 1285 2289 in
1314 2259 1402 2290 Edd.
1427 2259 1554 2299 primis.
1600 2259 1673 2290 Nec

973 2306 1088 2339 forsan
1106 2318 1188 2348 opus
1213 2314 1279 2348 est,
1303 2314 1340 2339 ut
1358 2309 1600 2340 adverbialiter
1617 2318 1674 2349 po-

974 2364 1033 2389 nat
1058 2362 1125 2398 post
1154 2359 1274 2390 eodem
1300 2369 1412 2399 sensu,
1443 2369 1508 2400 quo
1531 2360 1672 2390 Graecns

974 2408 1027 2440 hic
1043 2408 1178 2440 ὅπισθεν.
1226 2410 1310 2440 Mihi
1329 2417 1440 2441 tamen
1465 2409 1611 2440 retinere
1633 2409 1672 2439 τὸ

973 2468 1016 2496 se,
1054 2460 1161 2500 magis
1191 2459 1303 2499 placet
1330 2470 1405 2491 cnm
1442 2460 1525 2490 Mss.
1557 2459 1674 2499 Cujac.

975 2508 1064 2540 And.
1079 2510 1167 2541 Scal.
1185 2511 1298 2541 Oxon.
1316 2515 1351 2540 et
1370 2509 1462 2540 Leid.
1479 2509 1596 2549 primo.

1020 2569 1127 2591 xvln.
1160 2563 1179 2590 2
1215 2558 1453 2598 Cassivellauni]
1516 2556 1676 2588 Σουέλλαν

977 2614 1135 2650 corrupte
1153 2610 1242 2650 apud
1266 2609 1411 2639 Dionem
1430 2609 1495 2648 lvgi
1513 2609 1592 2639 alibi
1608 2619 1669 2639 mo-

976 2661 1118 2691 nuimus.
1189 2660 1302 2690 Etiam
1342 2659 1503 2699 Polyaeno
1532 2664 1675 2690 vocatur

978 2709 1201 2741 Kacomaxos:
1237 2709 1348 2740 scribe
1377 2710 1467 2749 apud
1496 2715 1676 2750 utrumque

979 2759 1269 2793 Κασσονελλαύνος.
1298 2759 1432 2791 Vossius.
1466 2761 1508 2791 V.
1525 2760 1566 2791 ad
1581 2770 1612 2791 c.
1626 2762 1676 2791 11.
