1818 3131
256 141 367 183 1008

254 247 444 278 Ποσειδῶνος
461 245 511 277 καὶ
524 245 706 277 Πλούτωνος
721 254 740 276 e
755 245 905 286 margine
921 245 955 276 in

256 301 388 328 textum
405 301 483 326 sunt
499 296 666 334 admissae,
680 294 738 326 sed
752 295 863 326 alieno
878 295 955 327 loco

255 347 395 387 positae;
420 355 509 385 cum,
532 349 571 376 ut
593 354 710 376 sensus
727 344 848 386 aliquis
864 345 955 376 elici-

255 404 343 435 atur,
366 400 477 427 essent
494 399 572 435 post
589 395 692 427 verba
706 396 767 425 τῶν
780 393 956 434 λεχθέντων

255 446 371 477 ἐκείνου
408 445 550 485 ἀδελφῶν
589 445 787 477 inserendae.
846 446 956 477 Duris.

254 496 488 537 Transpositio
530 506 572 527 ex
613 497 808 537 conjectura
849 496 957 527 Hoto-

252 546 367 578 manni
383 551 417 577 et
434 543 621 585 Ciacconii,
644 555 727 586 quos
748 545 856 576 secuti
879 550 958 576 suut

256 596 490 628 Recentiores.
535 595 677 627 Habent
701 596 789 627 enim
813 596 895 627 Mss.
921 600 958 626 et

254 646 352 677 Vett.
390 646 499 677 Editt.
540 646 644 677 Gallis
670 645 712 676 ad
743 645 958 676 hiemandum

254 696 402 727 concessit
410 706 422 733 ;
444 695 792 727 alteram—cohortibus
801 695 957 726 attribuit.

257 746 427 778 Caeterum
454 756 529 778 cum
555 747 606 777 hae
632 755 745 784 voces,
767 747 806 776 ad
822 745 958 776 hieman-

255 797 340 835 dum,
365 807 384 827 a
407 796 529 828 Graeco
556 796 753 836 Interprete
784 796 851 825 sint
875 805 958 835 prze-

257 846 442 884 termissae3
480 846 655 886 ingeniose
681 845 824 885 conjicit
854 845 959 876 Davi·

256 896 338 933 sius,
367 905 437 935 eas,
473 895 540 926 oris
572 894 736 926 Codicum
763 895 873 935 primo
902 894 959 925 ad-

257 945 416 985 scriptas,
439 945 472 975 in
489 945 639 976 Textum
666 944 829 984 deinceps
854 944 960 984 irrep-

256 995 350 1026 sisse.
400 996 511 1025 Clark.
557 994 656 1026 Gott.
680 999 715 1025 et
745 995 844 1025 Voss.
878 999 959 1025 tert.

258 1054 325 1075 nou
354 1049 543 1085 agnoscunt
578 1045 637 1076 illa
675 1045 803 1075 alim-am
840 1048 962 1084 purtem

257 1095 321 1133 ejus
336 1095 396 1126 cici
413 1095 515 1126 Gallis
530 1096 570 1126 ad
592 1095 786 1126 hiemandum
802 1095 963 1126 concessit.

260 1146 302 1176 In
319 1145 482 1186 Scaliger.
506 1150 559 1176 est
573 1146 667 1176 altam
679 1149 811 1186 purtem.

303 1205 342 1226 ιι.
362 1198 381 1226 8
407 1196 515 1236 Neque
537 1205 603 1226 eum
625 1195 851 1235 plenissimam]
876 1195 962 1226 Oro-

257 1245 326 1277 sius
344 1251 378 1277 et
394 1246 603 1286 Freculphus
628 1245 682 1275 rix
702 1245 832 1275 mediam
850 1250 960 1276 vocat.

267 1295 400 1326 Vossius.
437 1294 512 1325 Tam
525 1294 735 1335 plenissimam
752 1299 913 1325 exaratur
929 1295 962 1325 in

258 1345 369 1385 Bong.
394 1343 562 1375 Vossiano
579 1354 630 1384 pr.
648 1343 776 1374 Lovan.
792 1344 961 1384 Egmund.

258 1402 333 1423 cum
363 1402 422 1424 sex
447 1393 533 1432 aliis,
570 1398 606 1424 et
636 1393 724 1424 Edu.
754 1393 853 1424 Rom.
886 1393 961 1424 Inc.

258 1441 405 1473 Mediol.
418 1441 504 1473 Ven.
515 1443 579 1473 Vir
592 1442 710 1474 doetus
725 1443 962 1484 conjecitjam,

257 1491 317 1522 sed
335 1492 472 1531 vulgata
496 1501 562 1523 non
588 1497 641 1523 est
667 1492 882 1524 sollicitanda
913 1499 962 1525 te-

259 1551 373 1578 mere3
398 1545 458 1572 aut
480 1544 545 1572 iam
567 1551 585 1571 e
613 1542 697 1572 Mss.
716 1543 961 1583 recipiendum.

260 1591 329 1621 Adi
346 1589 388 1621 ad
411 1599 437 1622 1.
453 1593 507 1622 44.
532 1591 541 1608 ‘
559 1591 706 1622 Munera
734 1595 801 1622 tam
828 1593 961 1633 amplis·

263 1641 368 1672 sima.’

304 1693 325 1720 9
348 1690 535 1730 Sigillutim,
569 1690 636 1730 qui]
673 1691 825 1732 Reponit
855 1693 963 1724 Hoto-

262 1749 416 1781 mannus,
439 1741 492 1781 qui
513 1740 686 1779 sigillatim.
731 1742 813 1782 Ejus
830 1743 964 1782 conjec-

261 1794 347 1821 turae
365 1789 459 1820 favet
475 1790 620 1821 Graecus
637 1791 806 1831 interpres
822 1802 830 1829 ;
858 1793 963 1823 vertit

261 1840 350 1870 euim
377 1838 405 1870 οἳ
432 1840 498 1871 καθ’
526 1838 590 1870 ἕνα.
634 1840 744 1873 Daris.
789 1841 856 1872 Sed
878 1842 962 1872 nihil

261 1898 358 1929 opus.
406 1890 516 1920 Clark.
563 1890 670 1921 Recte
688 1895 801 1921 autem
819 1892 962 1923 Ursinus

261 1943 298 1970 et
314 1939 475 1969 Brantius
491 1944 629 1970 monent
650 1940 683 1970 in
709 1941 790 1971 Mss.
814 1945 848 1972 et
873 1943 961 1973 Edu.

260 1989 356 2019 Yett.
385 1998 458 2019 esse
482 1990 663 2028 siugulatim
687 1991 738 2021 vel
764 1991 961 2030 singillatim.

262 2037 413 2070 Quorum
432 2038 596 2078 posterius
612 2050 687 2070 cum
703 2040 853 2081 Graevio,
877 2043 963 2073 aliis-

263 2097 329 2129 que
353 2088 510 2128 prmsem.
570 2090 623 2120 Ex
661 2091 744 2121 meis
777 2092 963 2130 singillatim

262 2142 389 2178 praeter
414 2139 501 2169 Edd.
531 2140 654 2180 primas
684 2146 720 2172 et
747 2142 962 2183 insequentes

264 2188 393 2219 habent
409 2189 574 2229 Rongars.
588 2191 686 2230 prim.
699 2192 818 2222 Petav.
835 2193 962 2224 Lovan.

263 2237 377 2269 Oxou.
404 2239 571 2279 Egmund.
595 2241 742 2271 Dorxill.
769 2242 961 2282 pluresque.

262 2286 455 2326 Singulatim
485 2298 566 2319 vero
593 2289 777 2320 Vossianus
805 2290 900 2330 prim.
927 2298 963 2322 ct

261 2337 395 2369 Duker.
420 2339 508 2379 quod
533 2340 699 2370 nonnullis
715 2341 821 2380 magis
838 2344 962 2382 placet.

264 2387 457 2430 Utrumque
476 2396 613 2421 servant
630 2391 774 2422 Codices
802 2399 962 2431 praestan-

263 2439 395 2478 tissimi,
427 2450 489 2470 ιιι-ε
520 2441 636 2472 obstat
665 2442 827 2481 analogia.
874 2443 961 2474 Vide

262 2489 383 2522 Faeni.
399 2492 441 2521 ad
465 2493 541 2522 Ter.
571 2493 710 2523 l’horin.
728 2503 760 2523 v.
776 2496 808 2523 9.
826 2497 879 2524 42.
905 2494 962 2534 qui

260 2540 449 2580 singillatim
478 2541 599 2579 edidit,
635 2542 686 2572 (71.
727 2552 806 2573 vero
849 2544 961 2575 lientl.

259 2590 456 2631 singulatim.
502 2592 629 2623 Eodem
657 2593 756 2623 inodo
782 2594 896 2624 Wassc
927 2600 962 2625 ct

263 2643 401 2674 Cottius
432 2642 593 2675 differunt
628 2644 662 2675 in
698 2645 773 2675 loco
812 2646 962 2677 sallustii

263 2692 340 2725 Cot.
367 2696 422 2726 49.
452 2693 510 2726 ubi
540 2694 640 2727 vide:
683 2695 742 2727 sed
773 2696 964 2736 singillatim

718 149 859 181 NOTAE
892 150 1155 182 VARIORUM
1190 151 1241 181 IN

1006 245 1110 277 etiam
1125 245 1208 278 Mss.
1225 254 1259 276 v.
1277 248 1308 276 5.
1325 246 1379 276 52.

1050 297 1089 326 13
1115 294 1166 326 Ne
1178 295 1313 336 primum
1327 293 1449 334 quidem
1460 303 1548 334 posse
1561 294 1707 336 impetum

1005 344 1164 385 sustineri]
1189 345 1273 375 Mss.
1291 350 1325 376 et
1342 344 1450 375 Editt.
1474 345 1570 376 Vett.
1586 355 1624 376 ne
1642 347 1710 386 pri-

1007 403 1089 425 mum
1102 395 1221 434 quidem
1229 404 1315 434 posse
1325 394 1412 433 (scil.
1430 393 1597 433 legionem
1606 395 1711 434 illam)

1007 445 1153 484 impetum
1166 453 1252 474 suum
1269 444 1447 474 sustinere.
1494 444 1579 476 Quae
1594 445 1710 476 Lectio

1008 494 1198 534 elegantior
1213 498 1278 532 est,
1302 498 1336 525 et
1358 494 1429 524 sine
1456 503 1556 525 causa
1573 504 1592 525 a
1607 494 1711 526 Scali-

1010 553 1088 583 gero
1106 552 1144 573 ac
1162 543 1424 574 Recentioribus
1438 548 1578 574 mutata.
1613 544 1710 575 Grae-

1009 604 1079 633 cus,
1102 593 1171 624 οὐδὲ
1192 593 1250 630 τὴν
1272 593 1396 633 πρώτην
1410 597 1515 626 ΣΦΩΝ
1532 595 1626 634 ὁρμὴν
1640 594 1712 626 τοὺς

1011 646 1214 675 ΡΩΜΑΙΟΥΣ
1237 647 1443 675 ΔΕΞΕΣΘΑῘ.
1469 646 1576 676 Clark.
1614 645 1713 676 Suum

1009 704 1174 726 consensu
1199 695 1347 726 omnium
1364 695 1546 735 Mstorum,
1569 701 1606 728 et
1621 695 1710 728 Edd.

1010 751 1089 777 ante
1106 746 1196 777 Scal.
1213 744 1286 786 (qui
1304 745 1471 776 Faernum
1492 745 1525 776 id
1541 745 1710 777 delentem

1010 800 1144 827 secutus
1175 796 1255 835 est,)
1282 800 1317 826 et
1344 796 1538 836 postulante
1569 796 1714 827 Caesaris

1010 845 1266 886 perspicuitate,
1303 843 1461 885 reposui;
1500 847 1535 875 at
1564 845 1712 876 sustineri

1012 894 1047 924 in
1064 894 1225 926 Activum
1241 895 1364 925 mutari
1387 904 1454 925 non
1477 904 1561 936 opus
1577 900 1649 933 est;
1675 896 1714 926 li-

1010 949 1066 976 cet
1083 945 1218 976 varient
1232 945 1316 975 Mss.
1332 953 1409 975 nam
1425 945 1567 976 Vascos.
1590 944 1713 986 Aldus,

1010 994 1142 1035 Gryph.
1165 994 1283 1034 Steph.
1313 994 1449 1034 Strada,
1476 995 1626 1026 Plantin.
1644 995 1716 1026 alii-

1011 1055 1076 1085 que
1091 1045 1193 1076 etiam
1210 1045 1337 1077 liabent
1353 1045 1514 1084 sustineri,
1527 1048 1562 1076 et
1576 1050 1712 1077 servant

1010 1094 1178 1135 Bongarc.
1203 1095 1325 1126 l’etav.
1355 1094 1469 1126 Oxon.
1495 1094 1590 1125 Leid.
1612 1093 1712 1135 prim.

1010 1144 1134 1185 Scalig.
1154 1144 1319 1185 Egmund.
1337 1150 1371 1175 et
1387 1145 1443 1175 alii
1460 1143 1568 1174 multi.

1056 1196 1095 1224 10
1121 1194 1263 1234 Itineris]
1286 1194 1342 1225 Sic
1358 1194 1423 1224 Ms.
1450 1194 1535 1233 Reg.
1555 1192 1609 1224 Al.
1628 1193 1714 1226 Mss.

1012 1246 1047 1273 et
1061 1243 1168 1274 Editt.
1182 1243 1448 1274 Vett.ilinerum.
1475 1243 1584 1274 Clark.
1609 1243 1713 1274 Caus-

1012 1302 1080 1323 sam
1097 1302 1164 1324 non
1182 1293 1294 1333 video,
1319 1303 1378 1324 cur
1395 1303 1436 1324 ex
1459 1303 1524 1323 uno
1539 1293 1647 1334 Regio
1661 1303 1714 1325 co·

1013 1341 1089 1373 dice
1121 1343 1256 1381 itineris,
1291 1342 1382 1383 quod
1404 1343 1478 1381 jam
1507 1341 1648 1373 Hotom.
1678 1347 1713 1374 et

1012 1391 1173 1423 Brantius
1197 1402 1215 1423 e
1238 1393 1319 1423 Mss.
1338 1396 1557 1423 correxerant
1575 1392 1608 1423 in
1623 1393 1714 1425 itine-

1012 1450 1095 1479 rum,
1134 1441 1166 1471 in
1204 1445 1300 1472 textu
1331 1441 1508 1473 refinxerit
1544 1441 1712 1474 Clarkius.

1012 1489 1196 1520 Accedunt
1225 1491 1362 1531 quidem
1391 1491 1486 1522 Carr.
1519 1490 1615 1522 Leid.
1643 1501 1713 1524 sec.

1012 1540 1158 1570 Dorvill.
1175 1545 1210 1571 et
1226 1540 1313 1571 Edd.
1333 1541 1430 1571 Rom.
1447 1540 1541 1572 Med.
1567 1551 1604 1573 ac
1624 1542 1712 1573 Ven.

1013 1589 1072 1620 sed
1102 1590 1220 1627 ceteri,
1243 1590 1334 1630 iique
1366 1591 1568 1622 vetustiores
1596 1601 1712 1624 omnes

1012 1640 1163 1670 retinent
1189 1640 1361 1682 itincrum,·
1398 1642 1564 1682 quomodo
1597 1643 1712 1684 saepis·

1011 1689 1094 1721 sime
1112 1690 1261 1731 loquitur
1278 1692 1404 1723 Caesar.

1056 1742 1096 1769 18
1119 1738 1187 1769 Sibi
1208 1750 1387 1780 persuasum
1409 1741 1575 1784 habebunt]
1597 1743 1712 1775 Minus

1012 1788 1229 1828 usitata,‘i1no
1243 1790 1390 1821 insolens
1407 1792 1547 1824 locutio.
1576 1793 1712 1833 Nullus,

1014 1839 1102 1879 quod
1120 1839 1235 1877 sciam,
1262 1845 1415 1871 veterum
1435 1841 1521 1873 dixit
1542 1842 1618 1873 mihi
1642 1852 1714 1883 per·

1011 1898 1131 1919 suasum
1149 1889 1254 1920 huben.
1291 1890 1357 1921 Sed
1375 1891 1450 1922 milii
1462 1901 1643 1931 persuasum
1654 1896 1711 1924 est.

1013 1939 1135 1980 Itaque
1163 1940 1369 1980 cogitabam,
1410 1951 1452 1972 nn
1481 1942 1547 1974 alia
1573 1942 1713 1974 distinc-

1013 1989 1117 2028 tione,
1145 1994 1179 2020 et
1211 1990 1308 2021 litera
1333 1995 1463 2022 tantum
1490 2001 1557 2023 una
1582 1998 1713 2025 mutata

1013 2038 1162 2070 scribere
1179 2039 1321 2072 liceret:
1345 2041 1355 2057 ‘
1373 2042 1417 2072 Et
1442 2041 1623 2083 Romanos,
1644 2052 1711 2074 non

1013 2092 1117 2122 solum
1131 2092 1288 2123 itinerum
1303 2103 1432 2134 caussa,
1446 2094 1503 2125 sed
1520 2094 1622 2126 etiam
1637 2105 1713 2137 per-

1013 2147 1125 2182 petua?
1155 2143 1383 2183 possessionis,
1411 2145 1557 2176 culmina
1573 2144 1710 2186 Alpium

1012 2201 1181 2232 occupare
1197 2193 1324 2232 conari,
1347 2199 1381 2225 et
1398 2203 1437 2224 eo
1454 2195 1540 2234 loco,
1555 2193 1710 2227 finitimae

1013 2242 1195 2281 provincia*
1213 2243 1396 2284 adjungere
1413 2244 1490 2285 sibi,
1515 2255 1711 2286 persuasum

1013 2292 1206 2324 habebant!
1255 2295 1386 2326 Vossius.

1055 2351 1111 2373 111.
1133 2346 1143 2373 1
1180 2345 1266 2383 Opus
1292 2343 1488 2375 hibernorum
1513 2345 1710 2378 munitiones·
1762 2360 1764 2363 ·

1013 2403 1069 2432 que
1083 2394 1170 2433 plene
1185 2397 1282 2425 essent
1307 2394 1466 2435 perfecere]
1494 2394 1560 2426 Hic
1584 2393 1710 2427 ferrum

1013 2451 1048 2475 et
1066 2445 1175 2485 ignem
1191 2446 1329 2476 adhibet
1351 2447 1390 2477 P.
1410 2446 1629 2477 Ciacconius:
1656 2448 1710 2478 vel

1014 2496 1102 2526 enini
1126 2496 1209 2536 legit
1224 2506 1298 2536 opus
1317 2495 1508 2526 hibernorum
1528 2496 1618 2536 plene
1631 2500 1710 2529 esset

1010 2545 1194 2585 pensu-lum,
1217 2547 1271 2577 vel
1303 2546 1415 2577 deleta
1442 2548 1548 2587 prima
1576 2549 1710 2589 vocula,

1011 2596 1206 2627 hiber-uorum
1226 2597 1408 2627 munitiones
1425 2599 1515 2637 plene
1530 2602 1628 2629 essent
1639 2608 1711 2639 per-

1004 2646 1119 2684 fectoe5
1140 2647 1200 2677 scd
1217 2647 1309 2677 nulla
1324 2656 1408 2687 opus
1427 2648 1632 2686 mutatione3
1655 2652 1709 2680 est

1011 2697 1101 2731 enim
1124 2695 1158 2731 ἓν
1183 2696 1232 2730 διὰ
1261 2698 1343 2730 δυοῖν
1366 2702 1402 2730 et
1423 2697 1710 2740 01noelaibernorun
