1818 3131
410 268 502 297 Lm.
537 265 566 295 ι.
599 263 703 293 cAi‘.
735 251 803 291 ll.
838 261 900 290 m:
935 259 1089 288 immo
1122 255 1292 287 cmm.

120 362 312 403 (lignitate)
353 360 484 392 Hirtius
507 358 592 389 Bell.
619 356 718 387 Alex.
740 365 771 386 c.
787 358 818 385 8.

118 415 127 430 ‘
148 414 249 451 ruga·
279 422 357 442 vero
383 411 509 442 nullum
533 417 605 440 esse
635 407 822 445 consilium,

120 474 185 494 non
202 464 306 493 solum
333 463 382 500 iis,
405 461 460 501 qni
481 459 613 500 primum
635 458 822 496 dignitatem

120 511 308 543 baberent.’
339 511 431 541 Idem
449 520 478 539 c.
494 511 546 539 3³.
571 509 579 524 ‘
597 508 733 547 Imperii
750 506 822 548 dig-

121 561 288 599 uitatcm‚’
315 565 349 590 et
370 570 401 590 c.
427 561 479 590 36.
506 561 515 575 ‘
534 558 737 597 dignitatem
767 567 822 598 po-

121 612 190 652 puli
219 610 325 642 Rou›.’
354 614 529 640 memorat.
555 608 665 638 Duvis.
716 607 823 638 Hoto-

119 671 260 692 mannus
288 670 355 691 non
383 659 505 700 probat
531 658 712 689 lectionem
738 656 822 687 eod.

121 711 244 744 Faiirni
270 721 363 750 remp.
386 710 519 750 primum
534 708 634 745 fuisse
657 708 824 747 dignitate,

120 762 288 804 quomodo
302 762 402 791 ctiam
421 766 580 790 exaratur
597 760 628 789 in
647 758 739 789 Leid.
757 767 824 788 sec.

120 812 187 843 Sed
202 812 354 852 sequitur
376 810 535 840 Codicein
560 809 686 847 Ursini,
710 809 742 839 in
760 818 825 850 quo

125 861 222 892 deest
253 861 360 901 Hemp.
390 861 472 901 quia
501 869 565 890 non
597 860 651 900 agi
681 865 780 900 putat
808 870 826 890 a

124 913 259 943 Caesare
287 911 329 941 dc
360 911 516 950 dignitate
551 911 640 951 reip„
671 911 729 941 scd
758 920 824 941 sua.

125 962 270 992 Exsulat
287 961 389 991 etiam
414 970 478 991 vox
503 960 581 1000 reip.
607 970 625 990 a
650 961 827 1000 Vossiano,

126 1016 159 1041 et
183 1011 316 1042 Carrar.
342 1021 440 1051 quarn
468 1021 533 1041 non
558 1012 644 1041 male
669 1009 827 1041 defendit

125 1061 304 1098 Davisins;
323 1067 357 1091 et
376 1066 495 1091 contra
513 1062 638 1091 Brutus
655 1066 688 1090 et
706 1062 828 1092 Grute-

126 1120 180 1141 rus
210 1120 275 1141 non
304 1110 402 1140 alieni
429 1115 506 1139 sunt
542 1109 584 1140 ab
617 1109 827 1140 Hotomanni

125 1160 318 1197 sententia3
343 1159 421 1200 quia
438 1159 551 1190 statim
575 1158 702 1197 subdit,
720 1169 755 1190 se
772 1160 827 1189 ho-

125 1211 215 1242 noris
225 1211 394 1250 jacturam
418 1210 496 1249 reIp.
514 1219 620 1240 caussa
643 1219 740 1250 aequo
762 1210 829 1240 ani-

125 1270 179 1292 mo
197 1260 325 1292 tulisse.
360 1260 470 1300 Magis
486 1259 741 1291 locumGlossae
760 1269 828 1290 sus-

125 1316 262 1353 pectum
277 1311 402 1351 reddit,
417 1311 556 1352 quod.iu
573 1310 690 1351 Cujac.
707 1309 827 1341 Petav.

126 1363 249 1404 Scalig.
265 1367 302 1394 et
324 1363 419 1394 Leid.
447 1371 495 1402 pr.
513 1361 683 1392 scribatur
694 1360 831 1401 primam

127 1413 168 1444 P.
189 1413 229 1446 R.
247 1413 267 1446 i.
282 1422 311 1444 e.
331 1413 447 1454 populi
465 1412 618 1443 Romani.

170 1467 211 1496 20
236 1464 303 1504 Ipsi
330 1464 486 1495 exercitus
515 1463 701 1494 dimittant:
735 1463 830 1493 disce-

128 1515 204 1545 dunt
219 1515 251 1544 in
268 1514 366 1545 ltalia
379 1523 482 1544 omnes
497 1513 535 1543 ab
551 1512 662 1552 armis]
693 1513 744 1543 lta
775 1522 832 1553 op-

128 1565 209 1596 time
226 1564 334 1596 edidit
349 1564 512 1605 Scaliger.
560 1563 625 1603 Ipsi
649 1564 779 1603 (Caesar
796 1568 832 1594 et

128 1614 330 1656 Pompeius)
358 1615 511 1645 exercitus
541 1624 616 1645 suos
648 1615 832 1650 diminuam

127 1665 284 1697 discedant
300 1665 334 1696 in
351 1665 445 1695 ltalia
463 1664 582 1705 reliqui
598 1675 701 1695 ornnes
723 1665 760 1694 ab
784 1675 832 1694 ar-

127 1716 197 1747 mis.
242 1715 402 1746 Davisius
419 1715 541 1756 aliique
558 1715 757 1752 ediderunt;
776 1715 834 1755 ipsi

129 1766 286 1798 exercitus
325 1767 548 1797 dimittantur:
584 1765 640 1797 ubi
677 1776 741 1796 vox
772 1766 833 1806 ipsi

131 1826 266 1858 prorsus
283 1817 441 1857 languida
456 1823 506 1847 est
523 1822 558 1848 et
576 1817 702 1857 inepta.
726 1817 832 1847 Clark.

132 1867 309 1899 Dimittant
318 1867 531 1897 scribendum
544 1876 617 1898 csse
634 1876 653 1897 e
669 1867 735 1897 suis
752 1867 834 1897 Mss.

124 1918 196 1958 jam
210 1917 368 1948 viderunt
393 1916 548 1954 Ursinus,
575 1918 712 1956 Brutus,
730 1917 836 1948 Hoto-

131 1979 294 2007 mannus;
319 1969 399 2010 quin
421 1975 456 2000 et
478 1969 537 2009 ipsi
553 1969 755 1999 dimittantur
770 1978 836 2000 non

133 2028 230 2060 posse
272 2019 371 2060 jungi
409 2024 613 2060 perceperat
654 2018 836 2059 Augustini.

133 2080 238 2112 quare
255 2071 310 2102 ille
324 2071 461 2102 delebat
477 2071 549 2111 ipsi.
593 2070 661 2101 Sed
677 2073 839 2102 dimittant

134 2121 238 2152 etiam
261 2127 312 2152 est
337 2123 370 2152 in
393 2122 515 2153 Petav.
538 2123 650 2153 Palat.
675 2122 769 2153 Leid,
787 2132 838 2162 pr.

135 2175 171 2202 et
192 2173 290 2203 Voss.
320 2178 423 2214 atque
453 2173 542 2204 Edd.
571 2173 670 2205 Rom.
697 2172 837 2203 Mediol.

137 2223 229 2253 Flor.

178 2281 214 2303 x.
238 2275 256 2303 3
296 2272 343 2303 Re
374 2272 559 2312 deliberata]
604 2272 839 2303 Hotomannus

136 2328 264 2362 monet,
284 2323 316 2353 in
334 2323 480 2364 antiquis
497 2323 651 2354 omnibus
667 2332 734 2354 uon
751 2332 840 2353 com-

136 2383 258 2414 parere
287 2373 324 2403 τὺ
350 2384 402 2404 re:
438 2373 529 2414 quod
558 2374 685 2404 retinet
715 2378 840 2404 tamen.

138 2424 272 2464 Lipsius
298 2424 440 2463 margini
468 2423 624 2464 adposuit
650 2423 842 2454 deliberato:

137 2474 188 2506 uti
206 2474 285 2505 alibi
302 2475 439 2514 exposito
456 2479 491 2504 et
512 2474 634 2505 simile.
679 2473 842 2505 Profecto

138 2533 207 2555 non
235 2525 333 2555 male.
381 2524 467 2555 Nam
496 2534 530 2555 re
560 2524 658 2555 abest
689 2525 793 2555 etiam
825 2535 844 2554 a

139 2574 225 2606 Mss.
239 2575 334 2614 meis,
350 2575 377 2605 si
395 2575 541 2605 Dorvill.
555 2574 669 2605 forsan
684 2574 844 2614 excipias,

140 2630 177 2656 et
191 2624 280 2656 Edd.
297 2635 362 2656 nou
379 2626 478 2656 modo
496 2625 625 2665 prinus,
637 2625 700 2669 sed
718 2630 753 2656 et
771 2625 846 2655 aliis

142 2677 322 2719 plerisque.
369 2678 508 2719 Optime
523 2676 691 2710 Gruterus
708 2678 847 2718 conjicit

141 2737 176 2758 re
190 2732 267 2767 post
277 2728 445 2759 deliberata
454 2739 528 2760 csse
542 2728 746 2769 ponendum,
757 2728 847 2758 unde

143 2777 311 2810 exciderit
326 2785 468 2819 propter
483 2789 553 2820 seq.
576 2780 767 2819 respondent.
807 2779 847 2809 Ei

143 2828 326 2860 obsecutus
339 2838 423 2861 sum.
440 2829 482 2860 B.
496 2830 540 2861 G.
558 2838 608 2861 lv.
625 2833 656 2860 9.
679 2830 688 2846 ‘
702 2830 752 2861 Re
769 2829 849 2860 deli-

1463 243 1482 281 ]
1491 242 1574 283 :347

872 355 992 386 lierata
1023 359 1100 395 post
1137 354 1225 385 diem
1257 352 1396 384 tertium
1425 361 1577 383 reversu-

874 405 951 435 ros!

914 456 933 484 4
960 454 1024 484 Per
1046 465 1094 484 cos
1116 454 1293 494 remittunt]
1323 454 1494 484 Gruterus
1511 463 1578 484 ma-

873 504 966 535 lebat
978 515 995 535 e
1014 505 1134 535 petav.
1147 506 1344 544 permittunt,
1362 505 1382 535 i.
1400 514 1428 534 e.
1446 508 1579 542 curant,

873 561 911 587 ut
936 558 978 589 ad
1007 567 1082 588 euni
1108 556 1342 596 perferantur:
1380 556 1421 586 de
1449 566 1515 597 qua
1545 555 1576 586 vi

874 610 1126 651 praepositionis
1155 611 1188 641 in
1221 611 1284 641 hoc
1313 610 1417 640 verbo
1448 611 1577 646 egimus

874 671 986 702 supra.
1022 661 1204 692 Accedunt
1220 662 1342 699 Scalig.
1363 668 1396 692 et
1415 663 1509 693 Leid.
1528 673 1579 702 pr.

875 712 1001 742 Verum
1025 712 1106 742 milii
1129 712 1182 742 liic
1207 713 1270 743 loci
1295 714 1409 743 durinc
1436 713 1578 744 videtur.

878 762 998 793 Malim
1030 773 1105 794 cum
1139 763 1280 794 Hotom.
1310 768 1345 794 et
1374 763 1488 803 Lipsio
1524 774 1581 804 per

876 814 993 844 easdem
1009 824 1084 844 rem.

921 872 971 894 xi.
995 867 1016 895 6
1052 865 1186 894 θώων-ῖς
1214 866 1383 904 consulatu,
1415 865 1581 905 Pompeius

875 925 924 955 pr.
950 925 1007 946 non
1032 917 1124 956 esset]
1157 915 1311 946 Turbant
1335 916 1387 946 liic
1416 916 1499 946 Mss.
1540 916 1580 946 ln

879 965 1047 1005 plerisque
1072 967 1229 997 consulatu
1258 967 1404 1005 Coesaris,
1429 977 1489 1006 pro
1516 978 1582 1008 quo

878 1015 1107 1056 Glaudorpius
1124 1018 1269 1048 malebat
1292 1019 1515 1057 proconsulatu,
1532 1025 1581 1049 at-

879 1076 942 1104 que
961 1076 1000 1097 eo
1018 1077 1117 1097 seusu
1139 1068 1232 1108 capit
1260 1068 1496 1098 l<liellicanus:
1523 1068 1582 1099 sed

879 1115 911 1145 id
930 1126 994 1146 non
1012 1126 1097 1157 opus
1114 1123 1178 1149 est.
1207 1119 1304 1149 Dicit
1323 1119 1450 1154 Caesar,
1464 1119 1489 1148 si
1507 1123 1585 1158 post

878 1175 1001 1195 annum
1039 1172 1198 1197 exactum
1230 1168 1377 1198 nondum
1409 1168 1583 1207 profectus

879 1219 980 1246 esset.
1037 1216 1144 1246 Castu·
1167 1222 1218 1247 est
1234 1217 1267 1247 in
1284 1218 1380 1248 Voss.
1404 1227 1465 1257 pro
1491 1218 1586 1248 Pom-

876 1266 966 1305 peius
980 1266 1011 1295 in
1031 1266 1153 1297 I’etav.
1170 1266 1266 1298 Leid.
1284 1277 1334 1307 pr.
1351 1267 1470 1307 Cujac.
1488 1268 1586 1298 Voss.

883 1316 974 1346 Cous.
1005 1315 1102 1347 deest
1131 1316 1165 1346 in
1194 1318 1322 1348 Lovan.
1362 1327 1423 1347 non
1453 1318 1586 1348 exsulat

881 1376 1015 1407 qnoque
1043 1376 1062 1397 a
1090 1367 1165 1407 Cuj.
1199 1368 1320 1398 Petav.
1343 1368 1468 1398 Lovan.
1510 1368 1586 1398 Vox

883 1416 1023 1456 Pompeii
1052 1416 1188 1448 videtur
1212 1417 1353 1455 intrusa,
1381 1423 1416 1449 ut
1441 1418 1588 1449 suboluit

882 1475 1016 1507 quoque
1034 1466 1197 1498 Grutero.

925 1519 941 1547 7
985 1516 1176 1558 Obstrictus]
1221 1519 1345 1549 Mallet
1374 1519 1428 1549 Ill.
1467 1519 1588 1551 Heins.

882 1567 1059 1599 adstrictus.
1104 1569 1183 1599 Non
1208 1570 1307 1608 male,
1335 1569 1361 1600 si
1387 1570 1470 1599 Mss.
1497 1569 1591 1600 addi-

883 1621 1022 1647 cerent:
1047 1627 1135 1648 nunc
1151 1618 1234 1649 nihil
1247 1624 1351 1650 muto.
1375 1620 1416 1649 B.
1435 1619 1476 1650 G.
1494 1629 1518 1649 1.
1536 1621 1589 1649 31.

882 1668 890 1684 ⁴
906 1668 1137 1708 Jurejurando
1151 1670 1328 1701 civitatem
1341 1670 1553 1709 obstringere
1569 1671 1589 1700 ι’

883 1719 941 1750 ubi
958 1720 1020 1750 Ed.
1038 1721 1133 1750 Rom.
1162 1721 1248 1752 adst.
1278 1721 1511 1761 ‘obstringere
1536 1721 1591 1751 be-

884 1769 1015 1802 neficio'
1043 1776 1159 1802 noster
1182 1776 1217 1802 et
1243 1771 1299 1801 alii
1323 1771 1468 1810 saepius;
1493 1772 1502 1787 ‘
1518 1780 1590 1801 sce.-

885 1820 965 1851 lere'
990 1819 1078 1851 infra
1101 1829 1140 1851 11.
1158 1823 1209 1851 32.
1233 1824 1242 1838 ‘
1257 1820 1451 1860 parricidio·
1470 1821 1591 1852 Cicero

886 1875 922 1901 et
946 1870 1016 1902 alii.
1045 1870 1087 1901 V.
1115 1870 1320 1910 Zinzerling.
1358 1870 1474 1900 Prom.
1507 1871 1592 1901 Crit.

887 1930 963 1960 cap.
993 1923 1023 1951 1.
1074 1919 1181 1952 Immo
1214 1920 1304 1951 idem
1343 1920 1434 1960 apud
1479 1921 1590 1951 Cicer.

888 1970 977 2002 Phil.
990 1980 1028 2002 11.
1038 1973 1091 2002 33.
1105 1970 1113 1987 ‘
1126 1970 1350 2002 obstrinxisti
1363 1971 1522 2009 religione
1537 1981 1595 2011 po-

888 2021 1025 2062 pulum,'
1041 2021 1090 2051 sic
1105 2021 1114 2037 ‘
1130 2021 1315 2062 religione,’
1339 2023 1347 2038 ‘
1364 2022 1495 2052 scelere
1513 2020 1596 2051 obli-

891 2069 994 2111 gare,’
1012 2072 1078 2101 &m
1096 2069 1189 2101 alibi.
1234 2069 1322 2101 vide
1345 2070 1388 2101 ad
1407 2071 1525 2104 Front.
1543 2079 1593 2102 iv.

891 2124 943 2152 39.

933 2174 953 2202 9
977 2171 1088 2211 Itaque
1102 2171 1140 2202 ab
1165 2171 1325 2211 Arimino]
1354 2170 1416 2202 Ait
1439 2170 1481 2201 ad
1503 2171 1594 2202 hunc

889 2225 1004 2255 locum
1021 2223 1234 2263 Ciacconius,
1254 2224 1263 2239 ‘
1283 2223 1359 2254 Non
1378 2222 1464 2253 solet
1481 2222 1596 2254 Caesar

892 2275 1024 2305 urbium
1045 2273 1234 2304 nominibus
1259 2273 1516 2313 praepositiones
1539 2271 1597 2303 ad-

893 2324 972 2355 dere
987 2327 1007 2362 ;'
1029 2325 1144 2365 itaque
1166 2333 1227 2363 pro
1251 2323 1300 2362 ab,
1319 2324 1427 2354 Coesar
1448 2323 1596 2363 reponit,

894 2379 932 2405 ut
954 2375 1008 2413 sit,
1032 2375 1141 2414 Itaque
1162 2375 1269 2405 Coesar
1286 2374 1438 2405 Arimino.
1486 2373 1598 2414 Nugae

895 2420 994 2457 sunt:
1034 2425 1227 2465 diligentius
1272 2425 1440 2456 Caesarem
1478 2423 1598 2455 legisse

895 2480 1107 2516 oportuerat,
1133 2475 1190 2516 qui
1217 2480 1253 2506 et
1278 2475 1320 2505 de
1348 2474 1435 2505 bello
1463 2473 1598 2505 Gallico

895 2525 917 2556 l.
937 2534 961 2556 ι.
979 2527 1039 2564 ait,
1060 2527 1069 2542 ‘
1085 2527 1128 2557 ad
1153 2527 1329 2558 Genevam
1352 2523 1506 2565 pervenit
1520 2522 1540 2553 :'
1566 2526 1600 2552 et

896 2577 917 2606 l.
935 2585 1001 2607 vu.
1025 2577 1034 2594 ‘
1054 2577 1096 2608 ad
1116 2577 1289 2608 Lutetiam
1316 2575 1382 2606 iter
1402 2573 1515 2604 facere
1533 2581 1600 2601 1·oe-

897 2626 970 2667 pit.’
1013 2627 1081 2658 Sed
1108 2627 1142 2657 id
1173 2623 1494 2658 commentatoribus
1526 2622 1599 2652 (3ae-

895 2676 978 2707 saris
993 2675 1156 2708 familiare
1173 2687 1246 2708 esse
1258 2675 1403 2713 invenio,
1415 2672 1602 2703 dictionem

897 2727 970 2767 ejus
985 2728 1152 2767 ignorare.
1182 2725 1315 2758 Vossius.
1333 2724 1423 2754 Mire
1440 2721 1602 2753 dormita-

897 2777 947 2807 vit
975 2777 1050 2807 Pet.
1079 2775 1294 2813 ciacconius,
1321 2783 1397 2804 cum
1424 2771 1603 2812 scripserit

897 2837 964 2858 non
991 2827 1100 2858 solere
1120 2827 1289 2858 Caesarem
1308 2823 1441 2855 urbium
1464 2821 1603 2854 nomini-
