1818 3131
258 218 368 259 1200

300 324 334 352 ll
366 322 471 351 (γη-αι-
485 318 640 360 peri-enit]
680 318 791 350 Recte
813 318 954 351 Ursinus

256 372 387 404 censuit
411 380 532 401 nomen
555 370 698 402 caesaris
723 378 797 401 esse
815 370 955 411 adjecti-

257 423 353 459 tium,
368 430 444 451 cum
457 420 489 450 in
504 420 568 450 suis
583 420 664 451 Mss.
679 429 743 451 nou
757 420 951 451 invenisset.

257 472 366 502 Deest
395 478 528 511 quoqne
558 469 590 500 in
619 470 750 500 Brantii
776 470 881 508 Msto,
904 470 952 501 uti

255 526 291 550 ct
307 521 439 551 Carrar.
454 519 603 559 meisque
616 518 657 549 ad
675 529 776 549 unum
790 519 955 558 omnibus,

257 575 358 610 :itque
380 568 466 599 Edd.
494 568 620 608 primis.
666 569 751 599 Vide
775 569 817 599 ad
844 578 882 600 11.
902 571 953 599 17.

254 619 320 649 ¹Sed
346 624 381 650 et
409 618 507 650 simul
531 619 654 659 ejicere
682 619 856 650 debuisset
879 628 955 649 con-

249 669 464 708 junctionem
491 672 532 707 et,
555 679 652 710 quam
676 678 784 709 neque
805 669 956 708 postulat

257 719 403 750 caesaris
419 718 534 758 stylus,
548 728 657 759 neque
671 722 857 758 agnoscunt
872 718 954 748 Mss.

258 774 315 799 aut
333 768 508 800 Editionos
524 769 704 808 principeS.

301 822 339 850 11
365 820 446 849 Pons
458 819 604 858 fluminis
620 819 744 857 Ligeris
765 817 955 858 continebat]

257 869 313 900 lta
345 869 470 909 placuit
512 877 676 907 reponere
718 868 796 898 viris
836 867 955 905 doctis,

258 919 359 949 ctiam
376 918 546 956 Scaligero
561 928 567 947 :
592 918 732 947 sanesic
748 922 862 948 noster
877 927 957 958 quo-

256 978 323 1009 que
352 968 418 998 Ms.
446 966 558 998 habet.
611 966 771 997 Similiter
801 966 889 997 dixit
914 966 957 997 de

257 1019 344 1049 Bell.
361 1018 451 1048 Gall.
466 1017 485 1047 l.
497 1026 519 1047 ι.
545 1017 553 1032 ‘
565 1026 606 1048 ex
623 1026 663 1048 eo
675 1016 802 1056 oppido
819 1026 902 1056 pons
915 1016 956 1047 ad

256 1067 436 1098 Helvetios
466 1066 617 1106 pertinet
633 1066 652 1096 :’
699 1076 761 1106 pro
790 1066 955 1106 pertingit.

256 1117 313 1147 Sic
329 1117 463 1147 continet
482 1126 543 1156 pro
554 1116 720 1155 contingit.
760 1116 827 1147 Sed
844 1118 958 1147 (ja-sar

254 1167 409 1197 continere
439 1167 505 1197 alio
538 1166 730 1206 significatu
761 1168 956 1207 plerumque

256 1221 407 1271 usurpat.
453 1217 497 1246 Et
514 1217 546 1246 in
565 1226 621 1247 vv.
641 1226 693 1247 ιι.
712 1217 837 1256 legitur
853 1217 958 1247 etiam

255 1267 464 1306 contingebat,
487 1267 574 1307 quod
599 1272 726 1297 temere
751 1271 883 1297 mutare
899 1276 957 1297 no-

256 1318 326 1348 lim.
371 1317 502 1348 Hirtius
519 1317 560 1347 de
577 1317 664 1347 bello
679 1317 779 1347 Alex.
802 1317 811 1333 ‘
828 1317 957 1357 magnis

258 1367 432 1398 arboribus
464 1367 600 1405 excisis,
638 1376 713 1406 quae
745 1366 957 1405 longitudine

258 1423 436 1458 utramque
453 1418 558 1457 ripam
575 1416 837 1455 contingerent)
882 1416 957 1446 Nisi

258 1466 346 1497 forte
372 1467 425 1497 liic
452 1469 585 1497 continet
608 1468 782 1506 explicare
802 1467 957 1505 velimus,

258 1517 377 1549 urbem
404 1517 556 1548 adversm
579 1515 724 1547 fluminis
744 1517 825 1556 ripae
843 1517 959 1557 adjun-

259 1568 322 1608 git,
344 1573 403 1599 aut
427 1568 523 1608 quasi
548 1577 651 1598 nunni
677 1577 753 1598 cuin
777 1568 834 1598 illa
852 1568 959 1599 conti·

260 1623 396 1648 nentem
414 1617 506 1648 facit.
551 1617 617 1648 sed
635 1617 708 1657 jam
726 1618 858 1648 retineo
875 1618 957 1648 illud

258 1668 444 1698 continebat.
489 1667 545 1698 Sic
561 1668 674 1698 Caesar
691 1667 733 1697 do
752 1668 839 1698 bello
857 1668 959 1700 Civili

257 1718 280 1749 l.
314 1728 336 1749 1.
366 1728 399 1758 p.
426 1720 498 1748 223.
523 1717 576 1747 ed.
603 1717 717 1748 Plant.
749 1719 757 1734 ‘
775 1717 958 1749 Continen-

256 1773 393 1809 temque
408 1767 490 1807 ripae
508 1767 629 1798 collem
658 1767 839 1806 improviso
863 1777 959 1798 occu-

258 1818 342 1858 pat!
388 1818 456 1849 Ubi
472 1818 627 1848 continens
645 1822 695 1847 est
711 1816 882 1855 adhaerens,
906 1818 958 1847 vel

256 1868 445 1906 contingens.
495 1867 626 1897 Vossius.
670 1866 726 1897 Sic
757 1866 863 1897 edidit
883 1866 955 1898 Jos.

257 1918 429 1958 Scaliger:
470 1918 502 1947 in
539 1917 611 1947 aliis
641 1917 847 1956 contingebat,
880 1927 955 1958 qnae

259 1967 392 2009 quidem
409 1967 508 1998 lectio
522 1977 563 1997 ex
577 1966 789 1997 Glossemate
802 1972 855 1996 est
869 1971 956 2003 orta,

259 2028 322 2049 nec
348 2023 460 2049 tannen
491 2028 563 2048 cam
588 2026 653 2047 non
683 2017 839 2056 probavit
856 2017 890 2048 J.
908 2018 956 2048 M.

259 2070 398 2100 Brutus.
448 2069 645 2108 Pcrperam.
670 2067 821 2097 Velleius
839 2066 958 2097 Pater-

260 2120 353 2150 culus
373 2128 395 2149 ι.
414 2121 444 2148 3.
460 2120 469 2134 ‘
487 2117 878 2149 Corinthiun-claustra
893 2117 958 2147 Pe·

258 2168 433 2208 loponnesi
449 2168 662 2204 cantinmtmn,
687 2167 719 2196 iu
738 2166 865 2197 lstlnno
880 2176 959 2196 con-

259 2218 369 2248 didit!
398 2218 536 2248 Latinus
556 2218 704 2247 Pacatus
722 2216 805 2246 Pan.
825 2224 889 2246 xri.
907 2218 959 2246 36.

262 2273 290 2300 l.
318 2270 327 2284 ⁴
343 2269 434 2300 Quos
465 2277 563 2298 cursu
586 2276 652 2297 nou
681 2270 840 2305 poterant
864 2265 960 2296 conti-

258 2329 343 2356 nere,
362 2318 484 2357 jaculis
502 2316 693 2356 occupata-J
732 2316 842 2346 Duris.
881 2318 959 2346 Con-

258 2369 410 2406 tingebat.
456 2368 531 2398 Hoc
547 2371 599 2397 est
614 2367 770 2396 continens
785 2369 864 2405 erat,
888 2366 958 2396 sive

259 2420 403 2458 contigua
429 2418 549 2457 oppido.
596 2417 672 2447 Nou
702 2426 834 2456 possum
863 2426 959 2447 acce-

261 2468 342 2500 dere
361 2469 440 2498 viris
457 2468 579 2505 doctis,
602 2467 773 2496 continebat
796 2466 847 2497 liic
877 2476 960 2506 prin-

260 2517 462 2549 serentibus:
503 2515 609 2546 donec
635 2515 777 2545 clariora
801 2515 879 2545 milii
904 2516 961 2546 ad-

259 2567 385 2599 ducant
399 2567 558 2605 exempla
582 2566 654 2606 ejus
684 2566 863 2596 locutionis
884 2576 961 2606 pons

258 2619 394 2649 continet
409 2617 552 2657 oppidum
569 2616 589 2647 i.
604 2627 632 2647 e.
657 2616 782 2656 oppido
807 2616 959 2647 adliaeret

260 2673 295 2700 et
320 2670 480 2700 continua
506 2673 569 2699 est.
616 2668 780 2697 Pacatum
801 2677 867 2697 non
893 2677 960 2698 mo·

261 2727 329 2749 ror.
372 2717 495 2749 Velleii
527 2717 622 2748 locus
654 2718 718 2747 liuc
760 2717 861 2747 etiam
891 2727 959 2748 non

261 2767 357 2799 facit.
417 2768 528 2799 Recte
559 2766 766 2798 ‘Corinthus
805 2767 960 2799 continet

719 225 860 255 No'rAE
893 225 1154 257 VARIORUM
1189 226 1238 256 ΙΝ

1005 321 1152 352 claustra
1181 317 1428 359 Peloponnesi‚’
1461 317 1481 351 i.
1498 326 1528 348 e.
1553 317 1702 358 amplec-

1005 372 1100 410 titur,
1122 371 1174 401 vel
1192 369 1359 412 quomodo
1378 373 1413 400 et
1436 368 1492 398 loci
1507 370 1617 398 natura
1634 377 1703 398 con-

1003 422 1108 459 tineri,
1132 424 1193 452 ἅς.
1224 421 1266 451 de
1297 419 1415 460 quibus
1436 419 1476 448 V.
1493 418 1535 449 ad
1551 427 1574 450 1.
1591 420 1623 450 2.
1647 418 1701 449 vel

1005 472 1069 502 alio
1095 472 1196 502 etiam
1220 480 1331 506 sensu,
1355 474 1584 510 praeterquam
1612 468 1701 509 quod

1005 523 1098 553 locus
1128 522 1183 552 ille
1215 521 1336 551 nit-nilo
1364 529 1430 550 non
1455 529 1576 550 vacare
1597 528 1617 549 a
1633 520 1703 559 ple·

1006 571 1118 611 risque
1149 571 1228 600 viris
1253 571 1360 601 doctis
1376 571 1545 601 credatur.
1592 570 1703 600 Multo

1005 619 1111 650 minus
1126 619 1189 649 huc
1207 618 1289 649 facit
1304 619 1395 650 locus
1412 619 1586 650 Ciceronis
1602 620 1702 649 Verr.

1006 677 1057 698 vi.
1079 669 1120 698 ab
1151 668 1366 698 Hotomanno
1397 668 1563 699 adductus
1586 669 1595 685 ‘
1624 677 1702 708 pars

1006 718 1136 758 oppidi,
1160 717 1244 748 mari
1268 717 1446 757 disjuncta,
1470 723 1573 756 ponte
1590 727 1704 748 rursus

1007 767 1202 808 adjungitur
1231 771 1263 797 ct
1295 766 1512 805 continetnr‚'
1537 767 1610 798 scil.
1639 767 1705 797 alia

1007 827 1083 848 cuni
1101 818 1190 849 urbis
1206 823 1316 858 parte.
1362 817 1420 848 Nil
1443 817 1520 848 dico
1536 817 1578 847 de
1595 818 1706 848 Caesa·

1006 867 1050 898 ris
1077 867 1151 898 loco
1180 877 1239 907 per
1258 866 1411 897 Vossium
1438 866 1571 897 adlato:
1595 866 1704 906 quivis

1008 918 1114 955 videt,
1137 918 1281 948 alienum
1299 917 1376 947 binc
1393 925 1465 947 esse
1480 927 1488 954 ;
1512 920 1547 946 et
1563 915 1705 946 similem

1007 966 1091 1006 fore,
1114 967 1140 997 si
1159 967 1211 998 liic
1228 967 1412 998 haberetur
1427 966 1534 1006 oppido
1547 975 1622 1006 pons
1635 975 1706 996 con-

1007 1017 1108 1047 tinens
1126 1011 1212 1051 erat}
1249 1021 1285 1046 ut
1302 1016 1342 1046 B.
1360 1015 1458 1046 Civil.
1476 1024 1515 1046 ιι.
1531 1017 1582 1046 54.
1605 1016 1615 1032 ⁴
1629 1024 1707 1046 con-

1008 1067 1118 1097 tinens
1135 1067 1216 1106 ripae
1233 1065 1352 1096 collis.'
1378 1065 1463 1096 Haec
1477 1074 1551 1096 cum
1564 1065 1613 1096 ita
1626 1064 1705 1104 sint,

1007 1116 1118 1146 verior
1135 1115 1238 1146 lectio
1255 1115 1332 1145 milii
1352 1114 1486 1146 videtur
1504 1124 1575 1145 esse
1591 1114 1707 1145 contin·

1004 1166 1119 1204 gebut;
1152 1165 1241 1206 quod
1263 1171 1298 1196 et
1327 1165 1360 1195 iu
1387 1165 1529 1195 aliorum
1555 1165 1642 1196 Edd.
1668 1174 1706 1196 ac

1009 1215 1107 1246 mstis
1121 1215 1278 1255 habetur,
1300 1220 1335 1246 et
1351 1215 1439 1246 inter
1456 1215 1539 1245 alios
1560 1215 1708 1256 amplexi

1007 1269 1084 1296 sunt
1101 1264 1208 1295 Aldus
1232 1276 1271 1296 ac
1290 1265 1421 1305 Lipsius
1441 1275 1499 1296 seu
1517 1266 1708 1306 Plantinus,

1008 1316 1294 1355 confirmaturque
1326 1316 1408 1346 Mss.
1437 1317 1558 1356 anac.
1583 1317 1707 1347 Petav.

1009 1365 1154 1404 Andino‚
1187 1366 1312 1405 Scalig.
1349 1371 1385 1396 et
1402 1366 1559 1396 Leidensi
1589 1366 1708 1406 primo.

1008 1425 1032 1446 1.
1049 1418 1102 1446 38.
1126 1416 1134 1432 ‘
1150 1415 1328 1455 Reliquum
1355 1415 1500 1455 spatium
1517 1424 1611 1446 mons
1629 1424 1708 1446 con-

1009 1466 1095 1497 tinet
1111 1474 1232 1505 magna
1248 1464 1440 1503 altitudine,
1454 1465 1503 1495 ita
1519 1469 1556 1495 ut
1572 1464 1706 1495 radices

1008 1516 1082 1556 ejus
1106 1516 1227 1546 montis
1258 1525 1300 1546 ex
1332 1520 1476 1556 utraque
1502 1520 1600 1556 parte
1623 1515 1706 1555 ripae

1007 1565 1153 1597 fluminis
1170 1564 1392 1605 contingant.¹

1050 1618 1089 1646 21
1117 1615 1201 1649 Quin
1214 1614 1332 1654 cuncti]
1356 1615 1430 1644 Vox
1454 1614 1558 1645 cuncti
1575 1614 1708 1646 abesta

1009 1665 1103 1697 Leid.
1121 1675 1187 1697 sec.
1211 1670 1247 1696 at
1263 1675 1324 1706 pro
1340 1675 1378 1696 ea
1396 1665 1428 1695 in
1446 1665 1573 1696 Audin.
1589 1665 1706 1706 Cujac.
1742 1698 1745 1699 γ

1008 1716 1105 1747 Leid.
1137 1716 1244 1755 primo
1283 1720 1318 1746 et
1358 1714 1543 1746 oxoniensi
1580 1715 1708 1755 legitur

1014 1766 1095 1797 Vici.
1121 1766 1310 1805 Utrumque
1326 1764 1542 1795 admitterem
1566 1765 1575 1782 ‘
1592 1764 1708 1796 cuncti

1007 1816 1074 1846 vivi
1091 1814 1319 1856 caperentur)
1346 1815 1438 1845 Virus
1454 1814 1522 1854 capi
1539 1814 1709 1846 historicis

1008 1875 1074 1895 non
1096 1864 1290 1904 infrequens
1313 1869 1364 1894 est
1388 1864 1528 1894 locutio.
1573 1863 1669 1895 Infra
1685 1865 1708 1895 l.

1008 1915 1069 1945 lioc
1087 1924 1115 1944 c.
1132 1917 1184 1944 83.
1201 1916 1209 1929 ‘
1225 1914 1330 1943 Vivus
1345 1913 1376 1943 iu
1394 1912 1475 1953 fuga
1488 1914 1708 1954 comprehen-

1007 1964 1131 1995 ditnrz'
1163 1964 1217 1994 ubi
1241 1963 1358 1994 itidem
1382 1974 1400 1994 a
1416 1964 1524 1995 Codd.
1542 1964 1708 2004 nonnullis

1008 2016 1141 2045 exsulat
1172 2014 1268 2044 rivus.
1301 2023 1380 2043 vin.
1411 2016 1461 2044 35.
1499 2014 1508 2030 ‘
1528 2013 1707 2044 Neminem

1009 2066 1120 2096 vivum
1147 2066 1223 2105 capi
1257 2064 1455 2105 patiuntur.’
1501 2065 1589 2095 Vide
1605 2064 1707 2096 etiam

1009 2116 1097 2146 Bell.
1114 2114 1212 2146 Alex.
1232 2126 1262 2145 c.
1279 2118 1331 2145 76.
1357 2120 1393 2145 ct
1423 2115 1462 2145 B.
1480 2113 1590 2145 Afric.
1606 2124 1636 2145 c.
1652 2117 1707 2146 95.

1007 2166 1016 2181 ‘
1035 2166 1137 2196 Vivos
1155 2165 1268 2205 capit!
1299 2166 1339 2196 B.
1357 2165 1456 2205 Hisp.
1484 2175 1513 2196 c.
1531 2168 1584 2196 23.
1618 2166 1627 2181 ‘
1641 2165 1708 2196 vivi

1009 2216 1102 2257 capti
1129 2216 1304 2247 fuissent?
1338 2217 1417 2247 item
1443 2225 1473 2247 c.
1491 2219 1542 2247 111.
1563 2216 1635 2247 Liv.
1651 2224 1707 2246 ΠΙ.

1008 2271 1039 2298 9.
1059 2277 1165 2299 MCCL.
1190 2269 1197 2284 ‘
1216 2267 1308 2298 vivos
1326 2272 1445 2308 captos
1459 2268 1479 2298 :‘
1512 2268 1597 2299 item
1609 2277 1640 2299 c.
1655 2269 1706 2299 18.

1008 2324 1043 2349 et
1061 2327 1111 2348 ιν.
1127 2320 1178 2348 59.
1196 2327 1235 2348 ac
1253 2318 1385 2358 sarpius.

1062 2372 1103 2400 22
1140 2368 1357 2399 Multitudinis
1390 2368 1422 2406 f.
1454 2366 1704 2406 intercluserunt]

1010 2419 1104 2450 Leid.
1123 2419 1219 2458 prim.
1238 2419 1356 2458 Cujac.
1374 2418 1501 2449 Audin.
1516 2417 1639 2456 Scalig.
1656 2422 1706 2447 at-

1009 2480 1074 2510 que
1090 2469 1178 2500 Edd.
1197 2470 1274 2500 Bas.
1300 2469 1386 2498 Yen.
1402 2468 1502 2498 Vasc.
1528 2465 1618 2504 Aldi,
1639 2467 1706 2496 Str.

1007 2519 1125 2560 steph.
1143 2519 1273 2559 Grypli.
1296 2519 1408 2548 Plant.
1426 2524 1460 2548 et
1475 2517 1549 2547 aliae
1566 2517 1706 2546 multitu-

1007 2569 1093 2600 dini:
1120 2569 1207 2609 qnod
1224 2577 1284 2598 ciu·
1301 2567 1411 2597 denuo
1432 2565 1614 2596 mutaverit
1628 2565 1706 2595 Sca-

1008 2620 1104 2660 liger,
1120 2619 1255 2655 nescio;
1285 2627 1360 2648 cum
1376 2617 1447 2646 sine
1462 2615 1564 2646 dubio
1579 2616 1625 2646 sit
1639 2615 1707 2645 ele-

1008 2669 1141 2709 gantius
1157 2668 1276 2698 altero.

1051 2727 1116 2748 xi1.
1134 2721 1154 2748 2
1170 2716 1320 2756 Desistit]
1337 2717 1391 2746 Sic
1406 2715 1541 2757 quidem
1554 2713 1703 2746 nonnulli

1008 2769 1162 2801 Codices.
1192 2767 1333 2799 Praetuli
1351 2771 1463 2798 tamen
1478 2766 1612 2807 destitit,
1626 2773 1703 2797 cum
