1818 3131
199 205 309 245 lum

197 312 269 342 Cis.
289 319 327 341 ιι.
348 313 396 340 12.
423 312 432 327 ⁴
450 319 467 341 e
485 310 627 350 iestigio
644 310 900 352 diriperentur!

195 370 228 391 (·.
245 363 296 391 2⁷1.
322 360 330 376 ‘
349 360 415 391 Qui
431 369 496 390 non
513 370 556 391 ex
569 361 714 402 vestigio
727 362 769 393 ad
786 366 900 394 castra

194 410 397 442 Corneliana
413 411 488 440 vela
513 410 697 444 direxisset
710 412 730 443 ι’
755 417 792 444 et
821 422 897 454 cap.

194 471 267 501 seq.
289 460 300 476 ‘
316 464 352 490 et
376 468 394 489 e
412 460 556 500 vestigio
573 462 737 502 temporis
756 462 898 503 primum

193 519 313 550 agmen
342 515 417 540 erat
443 509 476 540 iu
500 510 713 551 conspectu!
757 512 835 543 Sive
861 518 898 544 nt

195 560 263 591 illic
279 559 404 591 habent
418 560 502 592 Mss.
517 565 553 592 et
572 561 659 593 Edd.
677 562 772 594 Vett.
789 566 819 593 et
834 572 899 593 oes-

194 610 276 649 tigio
299 609 374 642 sine
412 612 666 653 praepositione,
693 618 732 644 ut
760 613 791 643 h.
823 613 897 644 ioco

194 661 328 693 Duker.
354 671 375 692 a
399 671 498 694 mann
516 663 636 704 prima,
653 669 687 695 et
705 663 768 695 Ed.
787 664 898 694 Vene-

195 717 240 743 ta.
257 721 338 743 vui.
351 714 404 743 21.
429 713 439 730 ‘
457 722 475 744 e
491 713 636 754 vestigio
652 713 792 745 mittunt
808 715 897 754 lega-

195 763 271 795 tos.’
313 765 442 796 Verum
470 765 636 805 Rongars.
655 765 752 806 prim.
769 765 896 796 Audin.

193 814 379 846 Leidenses
416 820 452 846 et
486 815 639 845 Vossiani
670 824 797 854 omneS,
832 815 898 855 Eg-

195 863 311 894 mund.
337 863 466 895 Lovan.
493 864 620 905 aliique
649 873 725 894 cum
750 864 813 895 Ed.
833 865 897 895 Ro-

195 923 294 944 mana
310 919 345 944 et
364 914 502 945 Incerta
526 915 561 944 in
586 914 731 953 vestigio.
774 914 898 946 Cicero

193 964 228 994 in
255 964 369 995 Pison.
393 974 422 995 c.
451 967 483 995 9.
518 966 527 982 ‘
545 965 663 995 eodem
696 965 730 996 in
759 966 898 1006 templo,

193 1013 312 1045 eodem
330 1018 366 1044 et
389 1014 454 1045 loci
481 1014 621 1055 vestigio
647 1019 683 1045 et
712 1015 897 1056 temporis!

193 1063 331 1105 Apulei.
348 1064 436 1095 Met.
452 1065 474 1095 l.
493 1074 542 1096 vr.
560 1074 593 1105 p.
612 1068 685 1097 192.
708 1066 772 1097 Ed.
788 1066 898 1098 Paris.

193 1116 202 1132 ‘
223 1113 263 1146 In
281 1114 353 1155 ipso
372 1115 513 1156 vestigio
531 1117 672 1157 ipsaque
688 1117 808 1148 semita
831 1117 898 1147 col-

193 1164 322 1205 lapsam
344 1165 518 1205 possidet!

194 1216 299 1247 lutem
317 1216 350 1246 in
378 1216 435 1247 illo
451 1216 596 1258 vestigio
622 1218 784 1258 temporis
811 1219 897 1258 posi-

194 1271 262 1297 tam
275 1266 294 1297 :¹
318 1270 352 1297 at
380 1267 420 1297 B.
451 1267 490 1298 C.
518 1275 558 1298 ιι.
586 1270 616 1298 7.
644 1268 653 1284 ‘
672 1267 750 1298 urbs
777 1268 896 1299 eodem

193 1316 339 1356 vestigio
354 1321 457 1356 capta
472 1317 672 1349 videretur?

237 1366 341 1401 Quum
377 1366 506 1397 incertis
536 1367 710 1398 rumoribus
745 1368 898 1409 serviant]

194 1417 335 1448 Frustra
371 1417 573 1449 ciacconius
607 1418 757 1460 legebat,
795 1419 804 1435 ‘
820 1428 896 1449 cum

191 1466 323 1497 incerta
336 1471 373 1497 nt
390 1475 505 1497 eornm
531 1467 666 1498 auribus
681 1468 842 1506 serviant,
860 1473 896 1499 et

192 1517 394 1557 plerumque
407 1516 449 1546 ad
465 1517 671 1547 voluntatem
685 1526 800 1548 eorum
814 1516 896 1548 ficta

192 1566 445 1608 respondeant.'
473 1568 560 1599 Nam
576 1578 637 1598 cnr
654 1568 762 1608 primo
777 1569 895 1599 incerta

191 1617 278 1648 dicit
295 1618 422 1655 Caesar,
440 1615 673 1657 posteafictu?
696 1617 894 1658 Anonymus

192 1667 282 1698 Celsi
297 1667 491 1706 exscriptor
507 1676 539 1707 p.
556 1669 609 1698 65.
634 1667 643 1683 ‘
662 1672 894 1708 regnntnrque

192 1718 382 1749 rumoribus
398 1718 500 1749 etiam
517 1717 635 1748 falsis!
674 1719 806 1749 Vossius.
842 1719 894 1750 Fi·

191 1769 269 1800 dem
292 1768 488 1807 adhibeant,
504 1773 539 1799 et
562 1769 601 1798 iis
617 1769 763 1809 permoti
780 1769 820 1800 ad
840 1779 894 1800 res

192 1818 359 1859 gerendas
403 1828 439 1849 se
480 1825 697 1858 componant.
766 1820 893 1850 Eadem

191 1868 306 1910 phrasi
322 1878 400 1898 usus
416 1873 469 1899 est
484 1868 628 1899 Plautus
651 1869 799 1901 Trinum.
818 1869 893 1900 Act.

191 1927 248 1949 ιιι.
272 1918 329 1949 Sc.
356 1921 386 1949 2.
417 1920 466 1948 14.
517 1919 526 1934 ‘
546 1919 619 1949 Nec
647 1919 712 1949 tuis
739 1919 895 1959 depellor

191 1967 305 2007 dictis,
319 1967 399 2008 quin
417 1967 541 1998 rumori
559 1967 726 1998 serviam.’
772 1969 812 2000 In
830 1970 894 1999 Ms.

192 2019 300 2050 Norv.
328 2022 362 2048 et
389 2018 489 2049 editt.
520 2019 616 2050 Rom.
644 2019 729 2049 Ven.
753 2019 894 2059 aliisque

191 2078 371 2109 perperam
406 2069 566 2100 scribitur
600 2070 727 2100 incertis
761 2071 895 2101 moribus

189 2121 336 2151 seri-ione.
391 2120 446 2151 lta
475 2125 588 2152 tamen
613 2121 697 2161 legit
720 2121 894 2152 Aimoinus

192 2179 216 2201 1.
232 2175 264 2202 9.
288 2170 399 2201 Daris.

232 2230 283 2251 vr.
315 2225 331 2252 l
364 2222 412 2252 Ne
435 2221 576 2260 graviori
601 2221 677 2252 bello
707 2224 894 2264 occurreret]

189 2271 272 2302 Cum
302 2281 365 2302 vox
396 2281 566 2310 occurrere,
604 2272 693 2302 idem
739 2282 893 2312 persaepe

188 2321 369 2363 significet,
386 2333 425 2353 ac
441 2325 635 2363 praecenire;
657 2323 792 2363 qnidam
809 2324 893 2355 editi

188 2372 325 2412 habent,
354 2376 389 2403 ut
424 2373 566 2411 grui-lori
600 2372 673 2403 bello
708 2378 891 2404 occurreret.

190 2423 298 2454 Clark.
337 2424 381 2454 st
410 2424 496 2455 Edd.
524 2424 663 2454 Vascos.
694 2429 728 2455 et
759 2424 891 2455 Siradae

186 2477 307 2504 contra
323 2473 404 2504 Mss.
419 2483 545 2504 omnes.
584 2474 751 2513 inteiligit
767 2475 893 2513 Cri-sar,

188 2533 230 2555 ue
248 2524 280 2555 in
297 2525 432 2564 gravius
449 2525 571 2555 bellum
591 2524 767 2555 incideret.

230 2579 249 2606 5
274 2575 500 2614 Invitata-ique]
529 2574 732 2614 Languidius
758 2575 892 2606 videtur

187 2625 328 2665 dictum,
354 2626 501 2656 inritatos
522 2629 619 2656 hostes
641 2630 674 2656 ut
689 2626 890 2658 discederent.

187 2675 276 2707 Quid
288 2676 314 2706 si
327 2677 471 2714 legamus
483 2676 681 2715 suwlicuton,
691 2682 747 2707 aut
761 2677 891 2717 aliquid

186 2726 319 2757 simile?
366 2727 508 2758 Graecns
546 2727 648 2757 habet
687 2726 890 2760 ἱκετεύοντας.

187 2775 267 2807 Non
281 2778 370 2808 enim
396 2777 429 2809 id
449 2778 523 2819 jam
540 2778 612 2809 vult
629 2778 756 2814 emar.
771 2779 888 2809 Gallo·

562 1165 658 1197 Infra
674 1175 738 1198 vn.
756 1170 808 1198 25.
827 1168 835 1183 ‘
850 1177 900 1197 sa-

658 215 796 246 NOTAE
836 216 1101 249 VAMORUM
1145 219 1194 249 ΙΝ

950 311 1099 343 inuitasse
1137 313 1337 351 Germanos,
1369 317 1406 344 nt
1444 314 1478 344 in
1509 313 1657 347 Galliam

951 364 1150 401 transirent,
1165 363 1350 404 (quomodo
1382 373 1485 404 supra
1499 364 1534 395 in
1549 366 1658 405 primo

950 413 1038 443 libro
1061 412 1231 448 fecerant)
1247 413 1304 443 sed
1321 413 1502 453 suppliciter
1523 424 1659 455 rogasse,

950 468 987 493 nt
1004 463 1229 495 discederent.
1249 464 1356 494 Clark.
1382 465 1488 494 Recte
1503 463 1658 496 defendit

950 513 1124 552 vulgatum
1138 513 1193 544 Cl.
1219 514 1349 552 Wasse,
1366 515 1657 555 subintelligendo

947 562 1107 601 promissis
1123 563 1176 592 vel
1193 563 1295 594 simili
1309 573 1365 594 re:
1391 565 1558 604 quomodo
1575 565 1656 596 alibi

949 612 1079 643 int-itari
1106 613 1227 652 proeda,
1252 619 1290 644 ut
1316 622 1365 644 w.
1393 617 1445 644 35.
1475 621 1510 645 et
1533 615 1658 646 similia

950 663 1119 694 dicuntur.
1147 663 1265 694 Celsus
1295 665 1397 694 etiam
1416 674 1446 695 c.
1462 668 1515 696 65.
1540 667 1548 682 ‘
1567 665 1657 696 Invi-

951 717 1064 743 tantes
1080 713 1338 753 hortantesque,
1364 719 1401 744 ut
1419 724 1437 744 a
1454 715 1530 746 leva
1547 715 1657 747 Rheni

950 762 1188 801 abscederent,
1212 773 1315 804 seque.
1341 763 1509 796 inferrent
1523 766 1558 796 in
1582 766 1658 797 inti-

949 821 1004 842 ma
1038 812 1239 853 Galliarum,
1270 813 1349 844 nihil
1381 815 1428 845 eis
1458 814 1655 847 defuturum

950 863 1109 902 omnium,
1123 873 1198 904 quae
1217 864 1403 903 petissent:

992 915 1010 943 7
1035 913 1188 952 Adducti]
1211 914 1366 944 Vossian.
1389 915 1484 954 prim.
1502 920 1538 946 et
1557 915 1657 948 Leid.

949 971 1019 994 sec.
1047 962 1172 993 abducti·
1195 963 1267 994 sive
1295 964 1440 1005 abrepti.
1486 966 1539 997 Ne
1563 971 1658 998 muta

950 1017 1076 1044 tamen.
1106 1013 1147 1044 Β.
1165 1014 1209 1044 G.
1228 1022 1251 1045 1.
1263 1016 1295 1045 3.
1311 1015 1319 1030 ‘
1336 1014 1396 1045 His
1414 1014 1515 1046 rebus
1531 1015 1656 1048 adduc-

952 1064 977 1095 ti
991 1069 1026 1094 et
1037 1064 1242 1095 auctoritate
1254 1064 1299 1096 Ο.
1313 1066 1457 1105 permoti
1470 1064 1490 1096 :'
1505 1073 1541 1097 et
1552 1075 1656 1108 saepe.

953 1114 993 1145 B.
1012 1113 1121 1145 Afric.
1140 1124 1169 1145 c.
1188 1118 1240 1146 40.
1272 1117 1281 1132 ‘
1300 1116 1412 1156 pretio
1439 1116 1657 1156 pollicitatio·

948 1164 1116 1205 nibnsque
1142 1165 1309 1204 adductis
1338 1171 1371 1196 et
1393 1176 1422 1197 e.
1447 1171 1499 1198 55.
1524 1166 1656 1198 Crebro

950 1215 1054 1245 etiam
1084 1215 1174 1254 apud
1208 1215 1411 1247 Ciceronem
1448 1218 1538 1248 Fam.
1570 1226 1594 1248 ι.
1623 1220 1655 1248 9.

949 1266 958 1280 ‘
977 1264 1100 1304 quibus
1138 1265 1240 1295 rebus
1277 1265 1470 1298 addnctus.'
1537 1267 1655 1308 Nepos

949 1315 1052 1345 Dion.
1069 1318 1101 1345 2.
1125 1317 1134 1331 ‘
1152 1316 1312 1355 precibus
1331 1316 1512 1348 adductus'
1527 1325 1562 1349 et
1580 1328 1656 1358 pns-

949 1364 1022 1394 sim.
1073 1365 1163 1395 Hinc
1189 1370 1285 1405 patet
1303 1366 1386 1397 Mss.
1405 1367 1566 1407 plurimos
1581 1376 1655 1399 esse

949 1414 1142 1455 sequendos
1166 1415 1197 1445 in
1225 1416 1307 1447 Con.
1331 1425 1361 1446 c.
1379 1418 1409 1446 3.
1433 1417 1442 1433 ‘
1460 1418 1502 1447 ad
1519 1417 1657 1449 creden-

948 1466 1027 1496 dum
1041 1465 1304 1497 adducebatur:’
1318 1467 1419 1506 vulgo
1433 1467 1592 1499 inducar.
1603 1471 1655 1499 10.

949 1516 958 1532 ‘
974 1516 1089 1556 inopia
1104 1515 1310 1547 cibariorum
1327 1516 1492 1555 adducti‚’
1508 1518 1573 1548 nisi
1589 1528 1656 1550 me—

948 1575 1024 1596 cum
1052 1566 1099 1596 ibi
1123 1566 1218 1596 malis
1241 1567 1374 1607 adflicti,
1398 1568 1451 1598 vel
1475 1567 1606 1605 adfecti.
1623 1579 1654 1600 c.

950 1619 1001 1647 12.
1024 1618 1034 1633 ⁴
1052 1626 1119 1657 qua
1142 1617 1349 1648 necessitate
1369 1617 1537 1648 adductus
1547 1618 1567 1649 :’
1592 1627 1655 1659 pro

947 1676 1014 1707 quo
1038 1667 1139 1697 etiam
1167 1667 1252 1698 Mss.
1277 1668 1429 1697 nonnulli
1446 1668 1535 1707 apud
1560 1668 1653 1699 Hirr.

948 1717 989 1747 B.
1006 1715 1105 1747 Alex.
1133 1726 1164 1747 c.
1191 1719 1245 1747 57.
1272 1718 1281 1734 ⁴
1299 1717 1484 1748 abductum
1508 1718 1654 1750 necessi-

948 1771 1019 1797 tate
1031 1770 1050 1797 :'
1071 1766 1132 1797 sed
1147 1772 1182 1797 et
1199 1766 1289 1798 idem
1308 1777 1339 1798 c.
1354 1772 1386 1798 6.
1405 1773 1440 1798 et
1456 1776 1486 1799 c.
1500 1771 1552 1799 71.
1577 1769 1656 1800 ‘ne-

947 1817 1108 1848 cessitate
1133 1821 1187 1847 est
1205 1816 1395 1847 adductus!
1421 1817 1461 1848 B.
1487 1817 1597 1849 Afric.
1621 1827 1652 1849 c.

947 1869 999 1897 84.
1022 1867 1032 1882 ‘
1051 1867 1165 1897 dolore
1189 1866 1381 1897 adductus?
1406 1867 1446 1897 V.
1465 1872 1499 1897 et
1516 1875 1581 1898 vu.
1598 1870 1651 1898 36.

946 1920 1000 1948 50.
1036 1918 1076 1948 B.
1097 1918 1171 1948 Civ.
1199 1926 1238 1947 ιι.
1257 1920 1309 1947 20.
1342 1920 1350 1932 “
1367 1917 1503 1948 'l'imore
1526 1917 1652 1949 adduc·

947 1972 1017 1998 tum
1031 1967 1050 1997 ι’
1067 1968 1122 1998 nbi
1141 1968 1259 1998 itidem
1275 1969 1440 1999 variatur:
1467 1972 1474 1985 ‘
1494 1968 1652 2008 opinione

946 2018 1138 2056 adductns‚'
1157 2027 1196 2050 11.
1213 2022 1265 2050 27.
1376 2025 1397 2039 ⁴⁸

990 2072 1010 2099 8
1035 2068 1282 2108 Condrusorum]
1307 2069 1390 2099 Mss.
1410 2074 1445 2100 et
1460 2070 1552 2100 Vett.
1569 2069 1652 2101 editi

949 2119 1192 2158 Coum-rasorium,
1208 2119 1297 2159 quod
1327 2120 1469 2150 inutavit
1497 2120 1538 2150 P.
1556 2120 1652 2152 Ciac·

946 2169 1081 2206 conius;
1105 2169 1219 2199 forsan
1243 2175 1356 2200 antem
1385 2170 1565 2209 immerito,
1589 2180 1652 2202 cnr

945 2221 1035 2251 enim
1052 2230 1118 2250 non
1135 2229 1232 2260 aeque
1255 2220 1323 2250 dici
1349 2222 1474 2260 poterit
1493 2222 1651 2252 Condruso

945 2275 981 2302 et
1006 2271 1184 2301 Condrusus
1211 2279 1250 2301 ac
1284 2270 1378 2301 Teuta
1406 2277 1440 2301 et
1471 2269 1651 2303 tentonus?

945 2322 1050 2352 Certe
1064 2322 1179 2351 Caesar
1195 2321 1376 2352 secundam
1394 2326 1427 2352 et
1445 2324 1582 2353 tertiam
1592 2322 1649 2353 de-

945 2371 1163 2402 clinationem
1203 2372 1235 2402 in
1281 2372 1469 2402 nominibus
1505 2372 1648 2413 propriis

945 2432 1035 2462 saepe
1059 2422 1267 2462 permiscuit.
1299 2422 1413 2452 Duris.
1456 2422 1648 2453 Adsensum

944 2473 997 2504 hic
1033 2472 1104 2503 fere
1142 2473 1330 2503 tribuissem
1371 2473 1530 2510 Davisio3
1571 2482 1646 2503 cum

945 2524 1026 2554 Mss.
1057 2524 1209 2563 plerique
1234 2523 1379 2552 habeant
1409 2523 1647 2554 Condrusorum.

945 2574 1043 2605 Adde
1065 2574 1269 2604 Glareanum
1289 2573 1330 2602 ad
1348 2581 1377 2601 c.
1399 2575 1447 2603 10.
1475 2573 1647 2604 Medioma-

943 2625 1056 2655 trienne
1070 2624 1122 2653 vel
1140 2622 1455 2652 Mediomatricorum.
1485 2624 1551 2653 Sed
1569 2634 1646 2655 cum

944 2674 1039 2706 Leid.
1058 2675 1154 2714 prim.
1172 2679 1207 2703 et
1220 2673 1400 2703 Vossianus
1420 2680 1498 2704 tert.
1517 2679 1646 2714 praeter

941 2727 1023 2757 alios
1061 2726 1289 2754 Condrusorum
1324 2724 1415 2754 clare
1451 2725 1646 2761 exhibeant,

942 2777 1137 2814 Ciaceonio,
1151 2776 1294 2817 aleisque
1311 2776 1457 2807 Caesaris
1475 2776 1556 2807 locis
1567 2782 1645 2807 mn-
