1818 3131
325 257 536 288 ιΛΒ.ιῚι
569 246 748 284 οΑΡ.ξλ
784 255 845 284 nn
880 255 1033 286 annno
1066 256 1292 286 GALLunL

75 360 166 392 runt,
180 353 350 394 multoque
367 352 441 392 ojus
463 350 583 381 sudore
599 357 637 379 ac
653 348 768 379 labore

75 404 135 434 sub
159 413 191 444 p.
216 404 256 434 R.
280 403 453 443 imperium
469 400 699 440 ditionemque
715 408 768 430 ce-

77 452 258 484 ciderunt!

119 506 139 534 8
164 503 252 538 Quod
271 502 314 532 sic
335 499 381 540 se]
419 500 473 531 Ita
498 500 562 530 Ms.
588 499 674 539 Reg.
704 498 769 528 ele-

76 556 204 591 gunter.
228 551 282 582 Al.
305 550 381 590 quod
397 559 440 588 se,
455 552 519 579 ὅτε.
547 550 652 579 Clark.
693 548 769 578 Non

75 601 171 640 capio
206 601 292 630 lianc
328 598 541 638 elegantiam.
602 596 698 629 Istud
727 597 771 628 sic

75 659 222 681 meorum
238 647 341 679 habet
357 648 476 678 nullus.

115 703 136 730 9
160 700 247 730 Nes.
272 700 391 739 quidem
407 709 547 739 umquam
559 697 690 737 homin]
713 697 769 728 Sic

74 751 158 781 Mss.
175 750 328 790 plerique
349 755 384 780 et
408 750 577 786 meliores,
599 757 664 778 non
689 748 770 778 hom.

74 810 152 840 umq.
196 800 371 830 Prmterea
398 800 430 830 in
462 799 585 837 Scalig.
613 804 649 829 et
674 798 769 829 Leid.

75 850 180 890 primo
192 859 256 879 non
273 854 447 889 comparet
461 857 525 879 vox
538 848 668 888 quidem.
695 848 772 878 Non

75 900 184 930 male:
214 899 336 939 smpius
367 899 454 929 enim
481 908 517 928 ne
548 897 684 937 ponitur
713 906 773 936 pro

76 958 111 979 ne
124 949 256 988 quidem.
282 949 439 985 Consule,
457 957 539 988 qnos
555 946 667 977 laudat
684 946 772 977 Clar.

75 998 235 1031 Dukerus
260 998 301 1028 ml
333 999 422 1029 Flor.
449 1007 503 1028 111.
534 1000 583 1028 17.
627 997 700 1027 ‘Ut
731 1005 772 1026 ne

76 1048 183 1089 prima
199 1049 288 1079 illius
303 1047 435 1079 flamma
449 1053 563 1088 posset
578 1047 736 1078 sustineri
753 1046 774 1077 ε’

74 1102 110 1129 et
135 1098 208 1129 Cel.
230 1098 344 1128 Burm.
369 1098 410 1128 ad
432 1098 569 1128 Sueton.
586 1097 674 1137 Aug.
691 1106 774 1127 νιιι.

75 1150 127 1178 35.
147 1150 198 1179 38.
220 1148 228 1164 ‘
247 1147 301 1178 Ne
318 1146 446 1178 civibus
463 1156 497 1177 se
513 1145 773 1183 conimittebat‚’

76 1197 194 1229 Petav.
219 1197 302 1229 Cod.
327 1196 428 1237 Apul.
454 1197 539 1227 Met.
566 1197 588 1227 l.
615 1205 640 1226 1.
673 1205 706 1236 p.
724 1198 774 1228 1⁷.

75 1248 84 1263 ⁴
102 1247 156 1278 Ne
185 1245 408 1278 sufficientem
438 1245 689 1286 supellectilem
718 1255 775 1284 pa-

77 1305 151 1327 rare
173 1296 276 1336 licet,'
292 1301 328 1327 et
350 1296 473 1336 passim
489 1305 526 1326 ne
542 1296 616 1336 ipse,
632 1305 668 1326 ne
681 1295 776 1333 istud,

77 1356 114 1377 ne
127 1347 333 1387 omnino,&c.
350 1347 370 1377 l.
384 1355 432 1377 lv.
451 1356 482 1386 p.
498 1349 550 1376 66.
567 1355 602 1376 ac
618 1354 656 1375 ne
669 1346 776 1376 cauda.

77 1398 134 1427 Sic
165 1396 255 1427 enim
283 1397 367 1426 Mss.
397 1395 488 1425 duo:
515 1396 616 1435 vulgo
648 1394 778 1425 addunt

77 1446 209 1486 quidem.
255 1446 414 1477 Ceterum
428 1444 545 1484 possint
567 1443 699 1484 reposui
717 1453 778 1483 pro

74 1499 197 1536 possent
234 1495 440 1526 auctoritate
488 1493 582 1525 Leid.
620 1503 671 1534 pr.
707 1503 778 1533 seq.

78 1547 176 1577 Voss.
200 1556 250 1586 pr.
276 1555 344 1577 sec.
369 1544 533 1585 Egmund.
557 1544 684 1583 Scalig.
707 1543 779 1573 Du-

78 1596 152 1627 ker.
166 1595 373 1636 aliorumque
386 1605 393 1633 3
409 1593 576 1635 quomodo
589 1598 625 1623 et
637 1593 778 1623 Vascos.

78 1645 216 1684 Sti-ada,
242 1645 359 1685 steph.
383 1648 418 1675 et
442 1644 555 1684 plures
579 1642 777 1673 ediderunt:

75 1699 200 1737 possum
238 1695 384 1727 Dorvill.
431 1704 508 1725 cum
556 1693 643 1724 Edd.
682 1693 778 1723 Rom.

81 1746 175 1777 Med.

125 1798 165 1826 10
201 1795 345 1835 Possem]
393 1795 459 1825 Ms.
501 1793 613 1824 Vossii
648 1793 779 1832 possint.

83 1845 180 1878 Quod
197 1850 233 1876 et
246 1845 414 1884 postulare
439 1843 574 1874 videtur
589 1846 778 1882 temporum

81 1894 180 1926 ratio.
224 1894 331 1924 Clark.

124 1947 165 1976 12
187 1944 267 1975 Hoec
274 1943 366 1982 sama
380 1954 416 1975 uc
431 1942 550 1974 nuntiis
564 1941 779 1982 perferuntur]

81 1995 124 2026 In
151 1994 248 2026 Leid.
277 2004 327 2034 pr.
365 2003 404 2024 ac
444 1993 547 2024 Scal.»
578 1992 658 2022 Haec
689 1991 780 2029 sama

80 2045 185 2077 nuncii
204 2044 369 2085 perfertur.
416 2044 455 2074 In
479 2043 546 2074 Ms.
572 2042 716 2079 Branssi,
732 2044 780 2072 uti

82 2099 118 2126 et
136 2094 300 2135 Egmund.
326 2095 446 2125 Petav.
473 2093 605 2124 Duker.
635 2093 779 2123 Dorwll.

83 2145 262 2176 Pulmanni
300 2144 441 2175 Schedis
470 2149 505 2174 et
535 2143 623 2174 Edd.
654 2143 783 2183 primis,

84 2195 166 2226 item
205 2194 375 2232 Beroahli,
411 2194 513 2224 Vasc.
551 2192 618 2223 Str.
663 2192 782 2231 Steph.

85 2244 217 2283 Gryph.
232 2248 320 2284 post.
345 2242 482 2282 aliisque
498 2241 589 2279 fama
611 2252 646 2272 ac
669 2242 784 2272 nuncii.

86 2293 229 2324 Dorvin.
249 2292 421 2332 perferunt.
444 2292 484 2322 B.
497 2291 572 2322 Civ.
590 2300 613 2321 1.
630 2293 681 2321 23.
706 2292 714 2307 ‘
734 2292 785 2321 lit-

85 2343 166 2373 teris
203 2342 401 2381 nunciisque
439 2341 583 2371 Romani
621 2341 782 2381 perlatis.’

84 2394 173 2425 Vide
201 2404 277 2435 quae
307 2393 377 2423 dixi
408 2393 448 2423 ad
476 2401 525 2423 vu.
553 2395 605 2423 30.
650 2393 783 2424 ‘Quam

86 2442 229 2475 samaa«.-
245 2443 461 2484 uunciis'(vel
476 2442 621 2482 nuncius)
637 2442 785 2474 adferre-

86 2495 164 2526 tur.'
188 2496 229 2526 B.
253 2495 326 2526 Civ.
351 2503 408 2525 ιιι.
428 2496 499 2524 102.
523 2495 531 2509 ‘
549 2492 639 2523 fama
664 2493 705 2523 de
728 2493 786 2523 ad-

87 2549 190 2576 veum
207 2543 469 2585 perferebatur)
515 2543 571 2573 Nil
594 2549 708 2573 tamen
731 2542 785 2573 hie

86 2599 190 2626 muta.
211 2596 250 2626 B.
275 2595 348 2627 Civ.
374 2604 413 2625 ιι.
432 2596 484 2624 37.
508 2596 517 2610 ‘
539 2594 607 2623 Res
629 2592 786 2623 set-undae

89 2643 218 2674 mmciis
231 2654 270 2675 ac
285 2643 411 2675 litteris
427 2641 712 2684 pei-ferebantur!

134 2695 172 2723 15
199 2695 252 2725 Διί
279 2694 327 2734 se]
362 2695 519 2725 Arvernos
547 2693 688 2732 scilicet,
719 2701 785 2722 non

95 2741 384 2782 Vercingetorigem.
412 2743 522 2774 Clark.

135 2792 172 2821 17
198 2789 236 2822 Ῑιι
259 2791 412 2824 Aruernos
436 2792 554 2834 versus]
591 2792 701 2832 Bong.
733 2800 785 2832 pr.

1411 244 1522 286 1197

822 348 917 379 Voss.
937 351 1033 389 prim.
1060 351 1187 382 Lovan.
1212 349 1378 390 Egmund.
1398 352 1433 380 ct
1449 357 1523 389 sep-

822 402 888 429 tem
906 400 961 428 alii
979 410 1053 430 cnm
1074 400 1136 430 Ed.
1163 400 1233 430 Inc.
1257 409 1312 439 per
1326 401 1402 430 Arv.
1430 399 1521 430 Male

821 453 855 479 et
873 453 991 479 contra
1008 450 1153 480 camaris
1170 454 1327 480 mentem.
1370 448 1457 480 Vide
1479 448 1521 479 ad

821 498 973 529 Frontin.
994 507 1017 528 1.
1035 502 1065 529 4.
1083 500 1095 537 ς’
1114 502 1165 529 ll.
1209 500 1217 515 ‘
1238 499 1275 529 In
1300 499 1433 529 Italiam
1452 507 1524 529 ver-

821 556 874 577 sus
892 547 911 578 2'
950 552 984 577 ut
1017 548 1230 578 scribendum
1268 549 1378 580 docui.
1420 548 1522 587 Apul.

822 597 843 628 l.
860 606 899 628 ιι.
917 607 949 637 p.
968 601 1016 628 18.
1040 597 1102 628 Ed.
1121 598 1443 634 Colv.‘1nDeam,’
1460 597 1524 635 vel,

822 647 995 677 ‘Dianam
1027 656 1157 677 versum
1174 647 1193 676 z'
1229 656 1304 677 nam
1334 652 1368 678 et
1400 646 1445 677 ibi
1476 647 1524 678 sic

822 696 1000 735 legendum
1018 697 1160 727 vidimus
1174 696 1264 726 alias.
1297 696 1422 728 Justin.
1439 705 1473 727 v.
1492 699 1523 727 8.

823 749 831 764 ‘
850 748 1008 778 Demissa
1038 748 1071 778 in
1102 747 1250 778 Piraenm
1291 756 1407 777 versus
1442 747 1525 777 muri

822 797 984 829 brachia.¹
1030 798 1087 828 Sic
1104 798 1187 828 Mss.
1207 796 1305 836 vulgo
1323 796 1421 827 abest
1438 797 1482 826 in.

865 850 943 878 ιΧ.7
963 848 1079 888 fflbus]
1094 847 1254 879 Nonnulli
1267 846 1370 878 Rebus
1379 846 1526 878 omnibus.

826 899 934 928 Clark.
982 898 1130 928 Omnibus
1155 901 1315 928 exaratur
1340 906 1474 937 quoque
1492 896 1526 927 in

825 948 938 988 Cujae.
958 947 1050 978 Leid.
1067 957 1117 987 pr.
1135 947 1260 986 Scalig.
1278 946 1391 977 Oxon.
1409 950 1445 976 et
1462 946 1526 976 Pe-

825 1003 890 1028 tav.
908 998 949 1027 ad
977 998 1173 1035 marginem,
1197 996 1246 1026 uti
1271 1001 1305 1026 et
1333 995 1420 1026 Edd.
1448 996 1527 1026 Bas.

824 1047 963 1078 vascos.
994 1047 1119 1078 Venct.
1150 1046 1228 1077 Ald.
1266 1046 1385 1086 steph.
1416 1045 1527 1076 Strad.

825 1096 956 1136 Gry-ph.
975 1098 1037 1126 διο.
1062 1095 1151 1136 quod
1169 1096 1196 1125 si
1213 1095 1291 1125 addi
1308 1095 1433 1134 placet,
1452 1095 1529 1134 jun-

826 1155 940 1186 gerem
964 1155 1039 1177 cum
1064 1146 1196 1175 illorum
1221 1145 1393 1185 plerisque
1410 1144 1529 1175 Edito-

825 1195 918 1226 ribus
932 1196 975 1233 τῷ
996 1195 1071 1225 suis.
1119 1194 1234 1225 Omnes
1253 1204 1323 1225 suos
1345 1193 1425 1224 alibi
1449 1203 1529 1234 qno-

827 1245 1019 1286 quejungit
1037 1245 1163 1285 Caesar,
1177 1249 1216 1275 ut
1233 1249 1269 1276 et
1285 1254 1314 1275 c.
1333 1247 1386 1275 10.

871 1296 972 1330 Quam
998 1295 1143 1326 maximis
1164 1293 1282 1335 potest]
1316 1294 1371 1325 Sic
1394 1298 1529 1325 veteres

828 1345 908 1376 cusi.
933 1344 1157 1375 Recentiores
1170 1349 1282 1375 autem
1295 1354 1354 1384 qua
1363 1344 1532 1380 maximis,-

829 1403 902 1434 quae
936 1394 1071 1434 quidem
1099 1394 1202 1425 lectio
1229 1395 1531 1434 Typographorum

831 1443 923 1481 vilio,
937 1448 975 1473 ut
993 1444 1124 1483 opinor,
1148 1444 1181 1474 in
1206 1444 1396 1484 Lipsianam
1414 1444 1533 1475 editio-

829 1502 904 1523 nem
931 1493 1077 1533 irrepsit,
1100 1503 1142 1524 ex
1170 1503 1234 1535 qua
1262 1503 1334 1525 eam
1361 1494 1446 1526 bona
1463 1494 1530 1525 fide

829 1548 1119 1582 repraesentarunt
1143 1544 1263 1584 nuperi
1280 1544 1438 1575 editores.
1463 1544 1532 1575 Da-

829 1593 886 1624 tis.
926 1593 1036 1623 Recte
1059 1593 1193 1633 judicat
1215 1593 1383 1624 Davisius.
1431 1593 1532 1628 Quam

832 1644 913 1675 Mss.
951 1650 988 1676 et
1026 1644 1118 1675 Editi
1161 1645 1289 1685 priores
1339 1644 1382 1675 ad
1429 1653 1531 1676 unum

829 1705 956 1726 omnes..

875 1749 912 1776 17
955 1746 1143 1786 Gergoviam
1182 1746 1332 1785 Bojorum
1374 1743 1533 1785 oppidum]

831 1796 897 1825 Ms.
928 1801 1045 1827 noster
1077 1797 1279 1835 Gergouiam,
1308 1795 1385 1826 dein
1416 1803 1533 1834 supra-

830 1845 994 1885 scriptum
1032 1850 1086 1876 est
1126 1845 1369 1885 Gergobinmmz.
1420 1844 1533 1876 Etiam

831 1895 974 1926 Graecus
1003 1896 1107 1926 habet
1138 1895 1352 1935 Γεργοβίνναν.
1397 1894 1439 1925 Ῑιι
1468 1894 1532 1925 alio

830 1954 861 1976 v.
877 1954 909 1976 c.
935 1949 988 1976 est
1012 1944 1196 1976 Cortonam.
1242 1943 1462 1976 contendunt
1483 1947 1533 1974 ta-

831 2004 906 2025 men
922 1995 985 2025 viri
1002 1994 1096 2025 docti
1112 1995 1238 2024 nullum
1255 1993 1349 2024 Boiis
1370 1993 1533 2034 oppidum

831 2044 935 2075 fuisse
966 2045 1146 2084 Gergoviae
1178 2045 1322 2075 nomine.
1367 2042 1534 2084 Equidem

831 2096 974 2125 multum
1005 2095 1112 2125 obniti
1144 2095 1258 2132 nolim,
1289 2093 1349 2125 sed
1384 2092 1457 2124 falli
1487 2093 1536 2123 ni-

833 2145 1009 2176 hilominus
1050 2150 1146 2185 puto,
1175 2145 1233 2185 qui
1276 2150 1382 2175 totam
1414 2152 1534 2174 vocem

831 2194 917 2225 hanc
936 2195 1110 2235 irrepsisse
1126 2203 1145 2225 a
1159 2194 1294 2225 librario
1311 2198 1442 2234 putant.
1488 2194 1536 2224 Et

833 2243 946 2274 dicere
973 2243 1059 2274 malo
1086 2248 1282 2283 corruptum
1310 2243 1389 2273 mihi
1413 2251 1535 2273 nomen

834 2294 952 2324 videri.
997 2294 1086 2324 Sane
1110 2298 1261 2324 veterem
1283 2302 1432 2323 errorem
1461 2301 1535 2323 esse

834 2344 916 2374 satis
933 2344 1094 2382 ostendit,
1112 2343 1201 2384 qnod
1226 2344 1259 2374 iu
1283 2343 1396 2373 multis
1413 2342 1536 2373 codici-

833 2393 894 2424 bus
932 2394 1065 2433 legitur.
1123 2394 1200 2425 Non
1239 2392 1429 2424 omittenda
1459 2396 1536 2422 sunt

833 2443 934 2474 verba
951 2444 1131 2485 Anonymi,
1149 2444 1204 2485 qui
1229 2444 1362 2475 Celsum
1385 2442 1536 2481 exscrip-

834 2494 888 2525 sit.
933 2493 995 2525 Ait
1010 2500 1120 2526 autem
1136 2506 1143 2525 :
1166 2496 1176 2510 ‘
1189 2492 1462 2534 Yercmgetorix,
1477 2501 1535 2521 au-

835 2543 907 2574 dito
931 2544 1075 2575 Caesaris
1104 2544 1270 2584 digressu,
1300 2549 1390 2572 retro
1417 2542 1450 2571 in
1478 2540 1534 2570 Bi·-

835 2593 962 2634 turiges
975 2603 1141 2631 reversus,
1153 2598 1256 2633 atque
1271 2593 1347 2622 hinc
1362 2589 1534 2627 profectus

834 2643 868 2673 in
891 2642 992 2673 Boios
1014 2643 1252 2682 transalpinos,
1276 2640 1437 2680 oppidum
1462 2638 1535 2669 illo-

836 2701 920 2730 rum,
935 2691 996 2722 sub
1017 2692 1201 2722 Heiseticae
1225 2691 1377 2720 viciuriae
1402 2694 1536 2727 tempus

836 2739 1038 2771 aedificatum
1061 2750 1081 2770 a
1104 2741 1251 2777 Caesare,
1271 2737 1454 2777 mduisque
1471 2740 1538 2766 tra·

835 2789 955 2830 ditum,
980 2799 1178 2831 oppugnare
1203 2786 1370 2829 disposuit
1392 2784 1536 2827 (oppido
