1818 3131
426 227 517 258 mn.
542 227 572 257 1.
605 225 710 256 cAr.
740 216 782 255 l.
817 227 879 255 nn
915 226 1067 256 annuo
1100 226 1270 257 civim.

123 320 200 352 Caio
216 320 350 359 Coesare,
374 320 407 351 id
428 325 480 351 est
503 329 522 351 a
539 319 675 350 Caesare
698 318 818 357 missis,

119 380 197 412 quae
219 381 238 403 a
254 373 387 403 Caesare
410 375 584 402 venerant.
628 369 728 402 Quod
751 378 818 399 non

118 421 345 462 intelligentes
374 421 515 460 librarii,
545 422 717 451 auctorem
749 423 817 450 tam

120 473 269 512 turpiter
313 471 572 511 interpolarunt.
634 468 817 500 Terentius

120 522 254 552 l'horm.
279 531 303 552 1.
320 524 351 552 2.
367 524 418 552 99.
449 521 459 538 ‘
475 521 543 551 Sed
566 520 746 561 epistolam
774 520 816 551 ab

117 581 157 603 eo
174 572 322 602 adlatam
336 579 407 602 esse
423 571 536 602 audivi
550 571 648 602 modo
662 571 682 601 ε’
707 571 739 602 id
754 574 818 610 est,

115 621 189 660 ejus.
217 621 290 652 Liv.
306 630 346 653 ιι.
363 624 394 652 3.
425 622 434 639 ⁴
451 621 514 652 His
531 621 662 652 litteras
684 621 726 652 ab
740 622 819 652 Tar·

114 670 238 711 qniniis
267 671 437 702 reddunt!
495 672 617 703 Cicero
651 672 692 703 ad
723 673 816 704 Fam.

114 720 226 761 Epist.
259 729 298 752 11.
331 724 382 753 17.
426 722 436 738 ‘
458 722 604 753 Litteras
631 732 649 753 a
673 727 706 753 te
735 722 814 753 mihi

115 775 222 801 stator
234 775 310 801 tuus
323 771 474 803 reddidit
483 772 599 804 Tarsi:
624 772 730 803 Immo
743 773 815 812 ipse

115 822 230 852 Caesar
256 822 295 853 B.
322 822 394 852 Civ.
424 831 479 853 ιη.
503 825 555 854 36.
591 823 601 838 ‘
626 823 815 862 Scipionem

114 871 239 902 litterae
252 876 330 903 sunt
344 876 536 903 consecutae
552 882 571 902 a
583 872 632 902 M.
644 871 814 903 Favonio.'

113 921 206 953 Hinc
250 922 469 961 intelligimus
516 922 582 953 vim
621 922 815 962 locutionis,

111 980 209 1011 quam
242 981 259 1001 e
287 972 371 1003 Mss.
399 973 531 1003 restitui
560 974 599 1004 B.
628 973 672 1004 G.
700 982 732 1003 v.
761 977 814 1004 54.

110 1023 119 1038 ‘
137 1021 286 1062 Imperia
308 1033 327 1054 a
342 1024 468 1063 populo
487 1023 655 1055 Romano.'
677 1033 742 1055 vn.
760 1027 812 1055 17.

111 1073 123 1088 ⁶
152 1073 229 1103 Vox
257 1073 300 1103 ab
329 1073 370 1103 iis
407 1078 460 1103 est
491 1073 639 1104 audita:’
675 1073 708 1103 id
747 1079 812 1112 est,

110 1128 245 1153 eorum:
270 1122 327 1153 ubi
339 1122 394 1152 adi
409 1123 526 1154 Brant.
551 1123 679 1153 Similia
691 1124 814 1163 passim

109 1176 294 1203 occurrunt
317 1172 501 1204 innumera.
531 1172 619 1203 Vide
636 1172 811 1205 Gramma-

108 1221 194 1253 ticos
209 1227 245 1254 et
260 1221 374 1254 Gifan.
394 1222 472 1254 Ind.
487 1224 586 1254 Lucr.
600 1223 643 1254 V.
666 1225 708 1255 A.
727 1223 812 1256 Gro-

107 1281 185 1304 nov.
200 1273 243 1304 ad
266 1274 339 1305 Liv.
356 1282 475 1304 xxvn.
495 1277 526 1304 5.
551 1275 559 1291 ‘
578 1273 661 1305 fides
683 1284 703 1305 a
725 1274 813 1306 Con-

108 1323 204 1354 sule.'
229 1323 325 1355 Cort.
341 1323 384 1354 ad
406 1324 542 1355 Sallust.
558 1325 636 1363 Jug.
658 1334 688 1355 c.
711 1328 763 1356 31.
783 1329 811 1358 1.

107 1373 117 1388 ‘
135 1372 248 1403 Multa
270 1382 289 1404 a
304 1373 422 1404 vobis?
457 1373 491 1404 Si
509 1374 582 1414 quis
599 1379 711 1405 tamen
726 1384 813 1406 mor-

108 1422 205 1453 dicus
221 1423 368 1454 retinere
384 1423 466 1454 velit
483 1433 604 1454 nomen
620 1424 724 1463 Fabii,
738 1434 811 1464 pos-

106 1475 160 1502 set
177 1471 305 1513 fingere
330 1473 462 1504 litteras
484 1473 627 1504 Caesaris
651 1474 749 1504 simul
773 1478 810 1505 et

109 1521 204 1552 Fabii
235 1522 437 1553 Consulibus
472 1522 623 1554 redditas
651 1533 738 1563 esse,
769 1533 808 1555 ac

106 1571 219 1612 legere
237 1572 277 1603 L.
302 1582 321 1602 a
347 1572 445 1603 Fabio
466 1583 502 1603 ac
525 1573 657 1613 Caesare,
672 1574 809 1605 minima

106 1630 187 1652 sane
216 1622 270 1654 vel
299 1622 392 1653 nulla
421 1623 621 1653 mutatione.
682 1623 809 1654 Verum

105 1681 173 1703 non
186 1672 286 1703 video
312 1682 476 1711 caussam,
502 1681 563 1703 cur
586 1672 627 1702 de
648 1672 743 1703 Fabii
758 1673 808 1704 lit-

107 1723 190 1754 teris
197 1723 404 1754 mentionem
413 1721 685 1754 fecissetCaesar.
696 1723 808 1755 Quare

105 1772 170 1802 nisi
198 1776 333 1803 vetaret
370 1782 441 1803 mos
478 1772 631 1811 Caesaris,
667 1773 808 1804 rescribi

105 1820 206 1853 facile
229 1821 319 1853 foret
334 1823 372 1853 L.
389 1832 408 1853 a
422 1823 512 1853 Julio
530 1823 567 1852 C.
586 1822 721 1853 Coesare.
761 1823 809 1853 Ut

106 1872 228 1912 Pupius
241 1873 291 1903 M.
312 1873 394 1902 Piso.
429 1873 483 1903 De
501 1881 568 1913 quo
584 1872 660 1902 vide
677 1873 717 1903 ad
735 1882 760 1904 1.
777 1875 808 1904 2.

105 1922 278 1964 Quidquid
296 1922 351 1962 sit,
371 1923 435 1954 hoc
459 1922 578 1954 saltem
595 1922 808 1954 verissimum

103 1978 157 2003 est
168 1973 302 2004 Litteris
317 1983 335 2003 a
351 1973 484 2003 Coesare.

145 2025 164 2054 3
190 2024 245 2054 Ea·
258 2024 376 2055 litteris
397 2025 437 2054 ad
453 2023 603 2054 Senatum
624 2022 808 2064 referretur]

103 2073 180 2105 Quo
197 2074 383 2105 sententias
401 2074 512 2114 rogati
534 2078 718 2112 senatores,
741 2073 807 2105 dis—

103 2123 288 2154 cessionem
302 2123 467 2154 facerent.
491 2123 680 2154 Referebat
693 2128 806 2155 autem

103 2173 233 2211 consul,
248 2173 306 2214 qui
330 2173 443 2213 priore
464 2173 538 2204 loco
562 2177 698 2204 creatus
719 2178 807 2213 erat,

105 2223 132 2253 si
146 2223 244 2254 modo
261 2233 408 2263 praesens
425 2223 571 2254 adesset.
610 2224 687 2255 Nec
704 2223 808 2265 impe-

105 2272 167 2309 dit.
191 2272 279 2314 quod
303 2273 416 2313 paullo
444 2278 520 2314 post
543 2273 592 2304 ait
614 2279 740 2314 noster,
761 2285 807 2306 re-

102 2323 210 2353 tulisse
224 2324 360 2354 consules
371 2324 408 2353 de
422 2323 502 2364 Rep.
517 2323 576 2355 has
587 2324 675 2355 enim
690 2329 806 2364 partes

103 2381 188 2403 unus
213 2373 386 2413 sustinuit,
400 2374 487 2404 alter
507 2375 647 2414 collegae
671 2375 806 2407 relatio-

101 2432 180 2454 nem
219 2423 465 2463 comprobavit.
523 2424 612 2456 Vide
650 2426 807 2457 Paullum

102 2473 295 2504 Manutinm
310 2473 351 2503 de
365 2474 442 2504 Sen.
460 2474 556 2505 Rom.
571 2483 602 2505 c.
619 2477 649 2506 7.
674 2475 791 2507 Dacis.

145 2528 164 2555 5
202 2524 242 2555 In
272 2524 415 2564 civitate]
458 2525 629 2556 Civitatem
660 2525 714 2558 hic
745 2536 806 2567 pro

107 2574 203 2614 Urbe,
222 2580 280 2605 aut
296 2575 403 2606 Roma
419 2574 506 2605 dixit
522 2576 648 2607 Caesar.
696 2577 742 2608 Et
758 2577 806 2608 sic

103 2622 192 2653 infra
206 2634 214 2654 :
237 2624 247 2639 ‘
263 2627 302 2654 ut
315 2624 470 2655 tribunos
495 2634 535 2656 ea
551 2634 588 2656 re
603 2635 646 2656 ex
666 2625 806 2658 civitate

104 2674 275 2713 expulsos,
287 2674 423 2706 insuam
436 2675 637 2716 dignitatem
651 2677 805 2709 restitue-

104 2723 180 2754 ret!
209 2724 254 2755 Et
268 2724 317 2756 ita
331 2725 566 2766 accipiendum
582 2727 671 2759 huuc
694 2727 806 2759 locum

102 2773 184 2804 satis
200 2774 361 2816 ostendit,
376 2775 465 2817 quod
483 2781 601 2817 postea
619 2778 731 2810 Caesar
745 2779 805 2820 ait,

1558 156 1571 187 ,θ

1461 210 1572 259 13333

869 323 991 350 senatus
1016 321 1048 350 in
1075 320 1150 350 urbe
1175 318 1353 350 habebatur.
1407 296 1598 352 Quaquj

869 368 985 399 durius
1001 370 1081 400 illud
1098 371 1313 401 Hotomanno
1326 368 1491 400 videatur.
1519 370 1571 401 Ne

871 418 942 457 quis
969 428 1048 449 vero
1078 420 1219 450 miretur
1250 420 1420 450 Caesarem
1454 418 1570 450 dicere

866 470 1007 498 senatum
1021 468 1051 497 in
1065 469 1191 499 ciritute
1207 469 1356 508 habitum,
1373 469 1459 499 scire
1473 478 1571 509 opor-

870 521 921 548 tet
948 516 1076 548 factum
1103 519 1147 555 id,
1165 519 1242 558 quia
1266 518 1354 549 infra
1378 519 1424 550 ait
1448 519 1573 560 Caetar,

868 568 877 584 ‘
898 567 1064 598 Proximis
1082 568 1351 600 dicbusliabetur
1366 574 1501 600 senatus
1513 579 1571 600 ex-

867 621 918 647 tra
935 617 1076 649 urbem.'
1123 618 1210 648 Nam
1228 624 1263 649 ut
1281 629 1322 649 ex
1341 618 1461 649 Paullo
1479 619 1571 650 Festi

868 667 1102 699 abbreviatore
1140 668 1311 706 discimus,
1350 668 1382 698 in
1418 669 1568 700 Bellonae

867 719 995 759 templo
1017 723 1152 749 senatus
1177 718 1216 748 iis
1243 718 1401 757 dabatur,
1429 728 1510 759 quos
1535 719 1570 753 in

865 769 984 800 urbem
1014 768 1196 800 admittere
1226 769 1386 799 nolebant
1415 769 1569 800 Romani.

866 817 966 849 Unde
989 818 1095 859 liquet
1118 818 1190 849 sine
1207 827 1324 849 caussa
1349 818 1568 849 Ciacconium

867 878 927 908 pro
965 871 996 899 in
1031 869 1157 900 civitate
1194 878 1358 909 reponere
1388 869 1567 910 indefinite:

864 929 985 960 nempe
997 920 1074 961 quia
1083 920 1235 951 solebant
1245 921 1340 951 COSS.
1352 920 1394 950 ad
1406 920 1568 951 Senatum

864 968 991 1000 referre
1012 974 1071 1000 aut
1086 969 1216 1002 infinite
1233 970 1275 1001 de
1293 970 1493 1010 Republica,
1508 975 1568 1002 aut

865 1019 905 1050 de
919 1019 1058 1060 singulis
1075 1020 1175 1051 rebus
1191 1020 1300 1059 finite,
1321 1021 1369 1051 uti
1386 1030 1428 1052 ex
1453 1021 1567 1052 Gellio

863 1076 1006 1102 constat.
1044 1072 1110 1102 Sed
1126 1082 1188 1102 nec
1205 1072 1303 1104 valde
1321 1072 1496 1103 adversum
1512 1083 1566 1105 me

863 1121 1016 1160 babebit,
1032 1122 1088 1162 qui
1105 1122 1177 1152 haec
1198 1122 1300 1152 verba
1321 1123 1354 1152 in
1369 1123 1496 1153 cit-itate
1515 1132 1568 1152 ar-

864 1171 1011 1202 bitretur
1037 1181 1056 1202 a
1086 1172 1226 1202 librario
1249 1173 1386 1203 inserta.
1429 1172 1567 1204 Vossius.

862 1221 990 1253 Merito
1016 1226 1193 1261 suspectas
1218 1221 1344 1253 liabent
1375 1221 1432 1252 has
1462 1231 1562 1254 voces

861 1271 932 1301 Viri
948 1271 1098 1311 Eruditi,
1115 1277 1153 1302 ut
1176 1276 1212 1302 et
1233 1280 1515 1312 supervacanea5‚
1530 1276 1568 1304 et

862 1320 989 1351 Caesari
1018 1321 1102 1351 hanc
1133 1321 1165 1352 in
1193 1321 1398 1352 sententiam
1429 1331 1565 1362 prorsus

860 1369 1053 1402 insolentes.
1078 1371 1186 1401 Clark.
1205 1370 1337 1411 *Infinite
1353 1381 1419 1401 nou
1433 1372 1566 1412 respuit

862 1430 995 1461 quoque
1011 1420 1262 1460 Hotomannus,
1278 1421 1305 1451 si
1322 1421 1405 1451 Mss.
1425 1420 1567 1453 addice-

861 1476 949 1511 rent,
960 1481 1002 1502 ex
1016 1471 1127 1502 Gellio
1141 1481 1214 1503 xrv.
1227 1474 1258 1502 7.
1291 1472 1374 1503 Cum
1387 1471 1562 1512 Scaligero

861 1522 1023 1562 Faernus,
1057 1522 1210 1561 Ursinus,
1240 1522 1407 1552 Gruterus
1437 1521 1565 1561 ejicere

859 1572 1041 1603 malebant.
1085 1572 1198 1612 Magis
1222 1571 1300 1602 mihi
1330 1570 1464 1601 adridet
1485 1581 1562 1602 con-

851 1622 987 1662 jectura
1003 1623 1099 1654 Petri
1118 1622 1217 1654 Fabri
1240 1622 1368 1652 incitate
1385 1621 1427 1651 ad
1449 1621 1562 1653 Cicer.

860 1672 968 1704 Acad.
985 1682 1026 1704 11.
1040 1677 1070 1705 5.
1094 1673 1102 1689 ‘
1120 1673 1321 1704 Exclamant
1339 1671 1432 1712 quasi
1446 1675 1561 1702 mente

859 1722 992 1753 incitati
1007 1723 1027 1753 ε’
1051 1733 1149 1763 quam
1175 1731 1293 1752 vocem
1319 1731 1385 1752 orae
1410 1721 1486 1751 libri
1511 1720 1565 1752 sui

859 1781 993 1813 quoque
1019 1773 1147 1803 adlevit
1181 1772 1324 1812 Lipsius,
1357 1771 1411 1812 qui
1440 1776 1476 1802 et
1505 1771 1564 1802 ad-

859 1822 995 1862 scripsit
1012 1822 1044 1852 in
1059 1823 1248 1861 calamitate,
1272 1827 1310 1852 ut
1324 1821 1367 1852 ad
1386 1821 1562 1862 sequentia

859 1871 1063 1904 referantur.

903 1925 941 1953 13
970 1922 1029 1953 Sin
1056 1925 1217 1953 cunctetur
1238 1925 1330 1961 atque
1349 1925 1425 1961 agat
1447 1922 1562 1963 lenius]

857 1972 989 2004 Lentius
1005 1972 1152 2004 malebat
1167 1971 1380 2011 Ciacconius,
1394 1972 1484 2013 quod
1498 1982 1564 2003 non

858 2023 977 2062 probo.
1011 2023 1163 2053 Cunclari
1176 2023 1276 2059 enim,
1289 2027 1325 2053 et
1340 2022 1455 2052 lentius
1470 2032 1563 2062 agere

857 2071 947 2102 idem
964 2076 1053 2111 sunt,
1076 2080 1181 2112 quare
1196 2071 1277 2101 nihil
1297 2070 1468 2102 attinebat
1483 2081 1562 2102 ean-

857 2121 935 2152 dem
970 2131 1086 2153 vocem
1122 2126 1291 2162 repetere.
1350 2121 1499 2152 Cunctari
1530 2125 1563 2152 et

856 2171 954 2202 lenius
977 2181 1083 2211 agere,
1106 2171 1161 2202 hic
1188 2171 1373 2212 opponitur
1399 2171 1443 2212 ei,
1468 2172 1560 2213 quod

857 2232 960 2263 supra
976 2222 1073 2263 dixit,
1094 2222 1104 2239 ‘
1119 2223 1146 2254 si
1170 2222 1334 2253 audacter
1357 2231 1396 2253 ac
1424 2220 1561 2253 fortiter

857 2273 1044 2304 sententias
1061 2273 1176 2304 dicere
1191 2272 1320 2303 velint)
1356 2272 1446 2303 Nam
1458 2282 1559 2304 cunc-

856 2327 950 2354 tatur
974 2323 1030 2364 qui
1062 2323 1178 2361 timet;
1207 2327 1242 2353 et
1269 2322 1328 2363 qui
1352 2322 1462 2353 lenius
1488 2322 1561 2362 agit

857 2383 933 2405 cum
949 2374 1014 2406 alio
1031 2384 1129 2416 qnam
1149 2378 1301 2415 oportet,
1316 2373 1460 2414 aliquem
1478 2382 1559 2414 quo-

856 2433 920 2465 que
933 2425 1086 2456 timorem
1102 2429 1161 2455 aut
1181 2424 1327 2455 studium
1340 2423 1466 2463 prodit.
1490 2423 1559 2454 Ita-

854 2484 919 2514 que
956 2484 1049 2506 mens
1085 2474 1253 2514 Scipionis
1290 2478 1354 2513 est,
1390 2473 1557 2513 Pompeio

854 2529 1002 2556 mentem
1019 2534 1094 2556 esse
1111 2525 1210 2565 Reip.
1227 2534 1294 2555 non
1311 2524 1442 2562 deesse,
1459 2523 1486 2553 si
1502 2531 1557 2552 ex-

855 2575 1001 2614 emplum
1029 2579 1190 2616 sequatur
1218 2575 1386 2609 Senatus;
1420 2574 1470 2603 sin
1498 2573 1555 2603 ille

854 2628 947 2654 metu
970 2625 1114 2656 Caesaris
1139 2629 1374 2662 cunctaretur,
1389 2628 1424 2654 et
1446 2622 1555 2653 lenius

855 2674 897 2705 de
910 2684 950 2705 eo
963 2674 1175 2716 decerneret,
1187 2674 1314 2706 frustra
1325 2679 1443 2714 postea
1455 2673 1554 2703 Pom-

854 2725 922 2765 peii
951 2726 1076 2757 auxilia
1104 2726 1373 2765 imploraturum.
1418 2723 1554 2754 roseius.

855 2775 972 2807 Lenius
994 2781 1090 2808 recte
1114 2774 1270 2806 defendit
1291 2773 1442 2805 Vossius.
1478 2773 1552 2805 Liv.
