1818 3131
264 160 379 204 1206

265 263 483 304 oxoniensis,
499 273 575 295 cum
593 263 680 294 Edd.
702 264 806 296 Basil.
832 268 869 296 et
883 265 966 296 Vas-

264 324 334 347 cos.
363 325 402 346 ac
431 314 563 345 stu-adm.
590 315 743 354 margine
769 320 804 346 et
836 316 877 347 R.
893 316 966 347 Ste-

264 367 387 408 phano.
443 365 555 395 Ceteri
587 369 655 396 tam
683 365 835 405 aliorum,
865 376 964 408 quam

265 416 331 447 mei
356 415 438 446 Mss.
462 420 498 446 et
523 414 613 446 Edd.
640 417 765 448 rectius
788 427 880 457 penes
903 427 963 448 eos.

267 467 418 497 Constare
439 465 568 497 dictum
591 471 644 498 est
669 477 730 508 pro
745 471 962 500 constaturam.

266 517 425 548 Praeseus
443 526 502 556 pro
520 517 660 554 Futuro,
677 518 719 549 de
739 529 806 560 quo
823 519 900 550 vide.
921 519 964 550 ad

266 574 306 598 11.
323 568 376 597 32.
394 567 402 583 ‘
419 564 532 597 facere
549 566 733 599 dixerunt!
772 569 864 599 Bene
889 568 964 600 Cel-

265 626 320 647 sus
335 617 345 634 ‘
362 625 401 647 eo
417 617 556 648 consilio
572 627 613 648 ne
635 619 686 649 vel
704 619 782 649 solis
803 619 965 659 Biturigi-

266 666 328 697 bus
344 667 433 697 salus
452 668 585 708 publica
602 669 817 707 crederetur,
831 670 882 700 vel
899 679 966 699 ser-

265 717 336 748 vati
352 717 467 758 oppidi
485 718 591 758 gloria
607 720 752 750 solorum
767 723 855 749 esset
871 719 966 749 Bitu-

266 766 389 806 rigum,
417 767 474 797 sed
507 768 681 798 Gallorum
710 768 880 799 omnium.’
927 769 965 799 Id

266 820 378 846 autem
407 817 563 847 revocavi
589 827 631 847 ex
662 818 793 848 cunctis
824 818 907 848 Mss.
931 823 967 848 et

267 864 333 896 Ed.
351 867 485 906 priscis.

310 924 404 948 xxii.
432 921 446 948 1
471 917 634 957 Singulari
650 929 689 950 m.
718 922 812 951 nostr.
838 919 967 959 virtuti]

266 964 359 997 Ante
382 967 454 997 liar-c
471 968 574 1000 verba
596 969 750 1000 lacunam
774 979 846 1001 esse
868 970 968 1011 pleri-

266 1025 332 1056 que
350 1017 514 1049 hactenus
531 1018 639 1058 docti,
654 1019 794 1061 ipseque
817 1020 968 1056 Scaliger

267 1067 380 1098 sensit.
425 1069 510 1107 Ego,
532 1068 638 1110 (quod
670 1080 754 1110 pace
778 1071 889 1110 magni
905 1071 969 1100 viri

268 1117 426 1150 dixerim)
441 1119 567 1150 nullum
593 1120 647 1150 liic
663 1120 791 1151 hiatum
809 1129 968 1160 agnosco,

267 1177 330 1197 nce
347 1169 399 1199 vel
418 1169 448 1199 in
462 1169 544 1200 Mss.
563 1175 619 1200 aut
636 1170 758 1201 Grmco
772 1171 875 1201 ullum
893 1171 967 1211 ejus

266 1219 448 1259 vestigium
472 1220 617 1260 reperio.
664 1220 861 1261 Anonymus
886 1231 967 1262 quo-

268 1277 332 1309 qne
361 1270 450 1300 Celsi
477 1271 668 1311 exscriptor
704 1271 823 1302 eodem
857 1272 968 1302 onmia

265 1318 384 1350 ordine
409 1322 637 1362 prosequitur,
664 1322 755 1352 nulla
778 1332 812 1352 re
837 1322 968 1353 addita.

270 1369 313 1400 Et
344 1370 371 1400 si
397 1375 489 1402 reete
516 1371 688 1402 historiam
707 1372 967 1412 perpendamus,

268 1424 392 1451 fimeta
420 1421 590 1452 coliaerere
620 1421 818 1452 videbimus.
879 1422 968 1453 Nam

268 1469 375 1509 primo
396 1470 502 1502 refert
529 1472 644 1503 Caesar
665 1470 895 1503 frumentariae
920 1473 969 1503 rei

270 1520 442 1560 augustias
461 1521 528 1552 suis
552 1521 586 1552 in
610 1521 752 1559 castris;
777 1521 898 1553 exinde
921 1522 969 1553 di-

269 1570 421 1606 greditur
442 1571 484 1601 ad
508 1570 693 1602 discessum
716 1571 970 1612 Vercingetori-

268 1620 331 1659 gis,
360 1622 609 1653 accusationem
637 1622 723 1662 ejus,
749 1626 786 1653 et
808 1631 882 1663 quae
905 1622 971 1653 alia

270 1679 341 1700 vain
365 1677 494 1712 secuta,
509 1671 630 1713 quibus
648 1672 762 1704 relatis
778 1672 821 1703 ad
838 1673 970 1705 institu-

269 1718 338 1751 tum'
358 1721 457 1752 redit.
507 1722 641 1754 Vossius.

312 1774 329 1800 5
357 1770 444 1806 Quas
455 1782 521 1803 cum
535 1773 780 1814 destinaverant]
796 1772 866 1804 Alii
883 1774 973 1804 dista·-

270 1825 400 1852 nuerant
416 1823 547 1861 legunt,
564 1827 599 1854 et
626 1823 658 1854 in
685 1824 737 1854 his
760 1823 877 1855 Justus
894 1824 971 1864 Lip-

270 1871 337 1902 sius
353 1872 429 1903 Pol.
447 1873 491 1902 D.
508 1881 541 1903 v.
558 1874 610 1903 89.
633 1873 702 1904 Sed
720 1873 795 1904 vide
812 1883 887 1915 quae
903 1873 970 1904 dis-

272 1920 436 1951 sernimus
453 1921 494 1951 ad
512 1921 633 1952 librum
650 1931 706 1953 111.
739 1923 821 1954 Voss.
860 1923 968 1955 Codd.

270 1972 421 2003 nonnulli
436 1973 656 2004 distinueraut.
683 1974 790 2006 Clark.
842 1975 883 2006 In
900 1977 971 2006 nul-

270 2024 315 2060 10,
340 2023 427 2064 quod
465 2025 580 2063 sciam,
613 2024 741 2056 Codice
773 2026 885 2057 inveni
910 2027 971 2057 dis-

270 2075 437 2106 tenuerant.
481 2075 547 2106 Sed
572 2077 619 2106 ita
635 2076 816 2108 ediderunt
829 2078 970 2109 Vascos.

271 2124 340 2155 Str.
355 2124 474 2166 Steph.
500 2129 536 2156 et
557 2126 626 2158 alii.
665 2126 905 2158 Distinaverant
921 2133 974 2159 est

273 2176 306 2204 in
335 2174 460 2207 Audin.
477 2180 513 2206 et
528 2175 626 2207 Voss.
650 2185 739 2207 uuo:
763 2177 974 2209 distinuerant

272 2225 388 2265 placet
410 2235 543 2267 quoque
572 2226 787 2258 Hotomanno
811 2237 872 2268 pro
887 2238 974 2259 arer-

271 2278 387 2315 temnt,
411 2277 598 2307 contrariam
625 2278 658 2307 in
679 2280 802 2318 partem
827 2279 974 2310 adtraxe-

273 2330 354 2357 raemt.
399 2325 447 2358 At
463 2336 543 2358 vero
559 2327 622 2358 hoc
638 2336 703 2358 non
720 2331 818 2359 notat
833 2328 974 2360 verbum

270 2376 429 2416 distinere,
456 2376 519 2407 nisi
546 2376 589 2408 de
611 2377 802 2408 diversione
833 2378 974 2410 duarum

272 2425 419 2464 partium
438 2431 573 2465 agatur:
598 2425 688 2467 quod
705 2427 757 2458 hic
781 2427 891 2458 locum
908 2438 974 2459 non

273 2474 387 2506 habet.
420 2475 508 2507 Vide
535 2476 576 2507 ad
605 2485 660 2507 111.
686 2480 737 2508 14.
767 2478 881 2510 Quare
897 2488 973 2510 cum

275 2525 359 2557 Mss.
384 2531 421 2557 et
435 2526 592 2558 Turnebo
616 2527 759 2559 Advers.
778 2537 851 2560 xlv.
870 2533 920 2561 11.
938 2534 973 2562 et

274 2575 409 2616 Vossio,
419 2577 647 2608 destinat-erant
663 2578 803 2610 retineo.

319 2629 358 2658 13
384 2627 542 2662 Quantum
570 2628 626 2660 has
653 2630 849 2670 quotidianus
876 2642 975 2673 agger

274 2678 483 2719 expresserat]
506 2679 594 2710 Usus
617 2681 733 2712 Caesar
761 2681 866 2714 verbo
882 2683 975 2715 artis.

276 2727 460 2768 Deprimere
476 2732 510 2760 et
523 2729 696 2770 exprimere
711 2729 778 2761 duo
791 2733 980 2773 contraria,

722 170 862 202 No'rAE
903 171 1125 203 vAmoRU
1136 172 1167 201 M
1209 173 1261 203 IN

1016 276 1158 307 quornm
1184 266 1265 297 illud
1283 266 1476 307 demittere,
1497 267 1562 300 hoc
1584 277 1715 303 sursum

1015 317 1184 347 attollere.
1229 317 1286 347 Sic
1303 326 1380 348 usus
1397 318 1574 350 Vitruvius
1588 327 1670 352 vin.
1684 323 1717 354 7.

1015 376 1187 407 expres-mm
1218 371 1316 398 vocat
1346 367 1531 400 violentum
1556 378 1717 410 aquarum

1015 416 1215 447 adscensum
1245 426 1306 457 per
1333 417 1472 449 fistulas.
1528 417 1589 449 Ait
1617 419 1720 460 enim,

1015 469 1023 484 ‘
1043 467 1096 498 Ita
1110 477 1171 507 per
1189 467 1317 498 listulas
1334 468 1508 508 plumbeas
1526 478 1646 509 aquam
1660 469 1720 511 qui

1015 516 1155 555 ducent,
1172 517 1221 547 his
1245 518 1429 549 rationibus
1454 518 1636 550 bellissime
1662 528 1721 560 po·

1015 570 1131 596 terunt
1162 565 1312 606 efficere,
1339 572 1375 598 et
1400 568 1576 608 decursus,
1598 573 1634 600 et
1656 569 1720 600 cir·

1015 616 1285 656 cunulnwfiones,
1302 621 1338 648 et
1361 622 1498 649 ventres
1520 623 1555 650 et
1582 627 1721 659 expres·

1016 665 1093 695 sus)
1117 666 1205 698 Quin
1231 666 1349 697 codem
1364 669 1492 708 capite,
1508 669 1718 709 expressiones

1015 720 1117 746 vocat
1132 716 1316 747 eminentia
1340 716 1425 748 loca.
1461 717 1472 734 ‘
1489 718 1557 748 Sed
1584 727 1623 750 ea
1648 727 1720 751 cas-

1017 766 1098 796 tella
1116 776 1227 807 neque
1245 766 1277 797 in
1295 767 1453 806 decursu,
1469 776 1579 808 neque
1591 767 1625 798 in
1642 777 1721 799 ven.

1018 816 1078 848 tris
1109 817 1263 857 planitie,
1287 826 1397 858 neque
1430 817 1465 848 in
1496 817 1721 858 expressioni-

1017 866 1092 907 bus,
1115 877 1224 908 neque
1253 868 1386 898 omnino
1415 867 1450 898 in
1475 867 1634 907 vallibus,
1659 867 1721 901 sed

1015 916 1049 947 in
1067 921 1236 956 perpetua
1250 916 1333 948 fiant
1351 917 1570 958 aequalitate!
1599 917 1721 952 Eidem

1018 975 1067 997 ιν.
1085 970 1116 998 ,1.
1135 967 1315 998 Eminentes
1330 968 1538 1008 expressiones
1552 967 1585 998 in
1607 967 1721 1009 lapide

1018 1017 1197 1058 quadram,
1228 1027 1294 1049 non
1323 1018 1414 1049 aliud
1439 1023 1517 1050 sunt
1545 1028 1657 1060 quam,
1682 1022 1722 1052 nt

1019 1068 1108 1097 Galli
1125 1067 1252 1107 dicunt,
1267 1067 1431 1107 enlecures,
1446 1068 1568 1098 tuillure
1584 1077 1619 1099 en
1635 1068 1723 1109 point

1017 1118 1054 1147 de
1069 1118 1218 1148 diamant.
1259 1117 1392 1149 Vossius.
1437 1118 1479 1148 V.
1496 1118 1588 1158 Lips.
1604 1118 1680 1150 Pol.
1697 1118 1722 1151 l.

1018 1175 1056 1197 11.
1075 1168 1167 1206 us,
1183 1170 1214 1197 4.
1233 1171 1268 1197 et
1284 1168 1380 1198 Voss.
1399 1167 1441 1198 ad
1455 1168 1496 1198 B.
1515 1168 1586 1200 Civ.
1603 1178 1642 1200 11.
1659 1172 1691 1201 9.

1063 1217 1239 1247 Commissis
1251 1227 1373 1248 suorum
1384 1219 1517 1249 turrium
1528 1218 1632 1258 malis]
1646 1219 1722 1252 Nec

1019 1269 1197 1300 Ciaccouio
1222 1269 1319 1310 fidas,
1334 1271 1392 1312 qui
1411 1271 1490 1307 aliu
1513 1281 1576 1303 nec
1594 1271 1724 1312 Lipsio‚

1019 1319 1076 1358 qni
1103 1320 1176 1349 aliis
1205 1321 1421 1353 emendabat.
1467 1322 1559 1354 Illud
1585 1322 1612 1353 si
1640 1322 1725 1354 reci·

1019 1369 1105 1408 pias,
1121 1368 1301 1400 dicendum
1326 1380 1388 1411 per
1415 1371 1480 1402 alas
1505 1371 1652 1413 intelligi
1668 1382 1725 1404 va·

1020 1428 1084 1449 cua
1108 1418 1232 1459 spatia,
1261 1429 1337 1461 quae
1361 1420 1450 1451 inter
1477 1425 1588 1452 turres
1611 1426 1722 1463 erant,

1019 1468 1190 1508 completa
1217 1478 1303 1500 esse.
1348 1470 1427 1502 Sive
1453 1471 1640 1504 interturria
1665 1482 1725 1505 no-

1019 1519 1069 1550 vis
1085 1519 1252 1551 asseribus
1269 1520 1430 1553 obducta.
1453 1523 1520 1554 Sed
1538 1527 1608 1555 tum
1625 1523 1726 1555 dixis.

1021 1573 1073 1600 set
1101 1568 1216 1600 Caesar
1242 1579 1412 1603 connexas
1439 1571 1528 1603 inter
1553 1583 1589 1605 se
1612 1577 1723 1605 turres

1018 1617 1141 1651 fuisse:
1178 1620 1238 1651 sed
1269 1621 1405 1653 mininie
1434 1622 1470 1653 id
1496 1622 1583 1663 vult,
1611 1632 1724 1664 neque

1020 1678 1104 1710 opus
1120 1675 1207 1701 erat.

1020 1721 1102 1751 rium
1129 1730 1256 1752 suarum
1281 1721 1366 1762 aliis,
1395 1723 1562 1764 quomodo
1589 1723 1724 1764 Lipsius

1021 1766 1236 1803 emendabat.
1282 1773 1371 1803 Nam
1389 1779 1617 1815 praeterquatn
1635 1774 1724 1817 quod

1022 1829 1097 1851 rara
1113 1821 1147 1851 in
1165 1822 1300 1853 Caesare
1320 1823 1398 1854 talis
1421 1824 1560 1864 locutio,
1576 1835 1642 1866 quo
1658 1825 1725 1857 fine

1021 1880 1124 1902 novas
1149 1877 1256 1903 turres
1276 1873 1525 1906 exstruxissent
1550 1875 1725 1916 oppidani,

1022 1929 1098 1951 cnm
1117 1921 1190 1961 jam
1220 1921 1385 1955 haberent
1416 1929 1530 1957 turres
1560 1925 1726 1958 Romano-

1022 1980 1094 2002 rum
1112 1971 1258 2003 turi-ibus
1275 1973 1469 2014 oppositas?
1494 1975 1582 2006 Vera
1607 1979 1643 2006 et
1667 1985 1724 2016 ge-

1022 2021 1123 2052 nuina
1138 2021 1240 2053 lectio
1257 2022 1290 2054 in
1306 2023 1454 2064 vulgatis
1470 2029 1542 2056 est:
1566 2024 1650 2056 illud
1668 2034 1726 2057 au·

1022 2075 1092 2103 tem
1119 2073 1306 2103 committere
1340 2075 1445 2114 malos,
1487 2074 1614 2106 Caesari
1643 2074 1726 2107 nihil

1023 2121 1126 2159 aliud,
1141 2131 1239 2162 quam
1256 2126 1294 2153 ut
1309 2123 1408 2154 hodie
1425 2123 1460 2155 in
1475 2124 1635 2156 tabulatis
1651 2123 1724 2156 fieri

1022 2172 1185 2210 videmus
1203 2175 1455 2207 transversariis
1472 2176 1574 2216 tignis
1587 2176 1727 2217 conjun-

1024 2232 1103 2263 gere
1120 2224 1237 2263 malos,
1253 2234 1312 2256 seu
1334 2224 1439 2256 facies
1454 2226 1639 2258 exteriores
1654 2230 1725 2258 tur-

1023 2273 1081 2313 ris,
1107 2279 1144 2305 et
1168 2284 1292 2306 novum
1320 2276 1361 2307 iis
1389 2276 1581 2308 tabulatum
1609 2286 1726 2318 super-

1024 2329 1168 2356 struere.
1202 2326 1336 2358 Vossius.
1376 2327 1495 2358 Recte.
1530 2327 1613 2358 Mau
1636 2327 1725 2359 enim

1024 2379 1102 2406 sunt
1120 2375 1249 2415 qumvis
1273 2376 1382 2417 longae
1408 2376 1534 2408 trabes.
1570 2376 1725 2407 Frontin.

1024 2434 1080 2457 ιιι.
1097 2429 1127 2456 ὃ.
1153 2427 1169 2466 ξ
1197 2429 1229 2457 3.
1255 2427 1263 2442 ‘
1280 2426 1336 2458 Ad
1364 2427 1486 2458 moenia
1509 2426 1611 2458 malos
1636 2435 1726 2457 exa:-

1025 2482 1166 2518 quantes
1196 2477 1411 2509 altitudinem
1432 2478 1508 2518 jugi
1538 2477 1689 2508 subrexit
1702 2476 1724 2508 :'

1023 2528 1166 2566 κορυφαῖς
1192 2528 1297 2559 vertit
1327 2528 1477 2558 Graecus.
1530 2526 1592 2557 Est
1608 2529 1644 2558 et
1667 2526 1726 2567 qui

1022 2578 1114 2608 scalis
1135 2579 1237 2619 legat,
1261 2582 1299 2609 nt
1319 2582 1435 2608 monet
1451 2576 1628 2607 Cellarius.
1660 2577 1725 2608 Ce-

1023 2633 1131 2660 terum
1155 2628 1267 2659 omnia
1297 2628 1338 2659 ab
1364 2631 1394 2658 et
1421 2630 1542 2667 apertos
1562 2635 1667 2667 usque
1682 2625 1725 2656 nd

1023 2679 1124 2710 finem
1154 2678 1286 2718 Capitis
1321 2678 1447 2708 desunt
1483 2677 1566 2708 Mas.
1606 2678 1727 2709 urant.

1024 2728 1209 2769 Vossianis,
1239 2728 1323 2759 Lov.
1357 2728 1453 2768 Egm.
1487 2727 1587 2759 Gott.
1617 2727 1726 2763 Dorv.

1254 1669 1330 1702 Nec
1357 1671 1501 1702 alterum
1526 1673 1641 1712 placet
1659 1676 1741 1704 ιαμ·
