1818 3131
357 180 450 211 mn.
483 179 529 210 v.
561 179 668 210 cae.
700 170 769 211 14.
802 182 865 212 DE
898 182 1055 214 nunno
1087 185 1315 215 GAmeo.

113 274 162 306 At
190 283 269 306 vero
295 275 412 316 Cuj2c.
439 274 565 307 Audin.
594 273 683 309 Scal.
714 274 809 305 Leid.

113 325 211 366 prim.
229 325 343 357 Oxou.
360 331 396 357 et
421 325 507 357 Edd.
524 324 617 363 Alai,
631 325 809 365 Stephani,

113 375 220 416 prima
236 376 393 417 Gryphii‚
408 377 531 414 abjecte
540 375 715 413 exhibent,
731 386 808 408 cum

111 425 346 467 Metaphraste
372 426 567 458 ἀντικεῖσθαι.
620 428 629 444 ‘
653 426 808 468 objectis

109 477 209 508 silvis’
232 487 280 510 vr.
296 480 348 508 37.
365 478 479 509 statim
501 479 511 495 ‘
528 477 663 518 objecta
679 483 772 511 terra
785 479 808 510 :’

110 533 146 559 et
159 537 271 559 rursus
293 528 333 558 B.
351 527 423 559 Civ.
448 537 505 560 ur.
522 531 576 560 ⁷9.
597 530 606 546 ⁴
624 529 807 570 AEginiunn

108 578 198 619 quod
243 582 295 608 est
335 577 508 619 objectum
546 580 808 623 obpositumque

108 626 286 660 candaviae
301 627 322 658 :'
357 637 388 659 c.
414 631 488 660 10⁰.
511 630 648 662 ‘insula
670 631 808 673 objecta

106 676 241 718 portui!
285 679 294 694 ‘
313 677 482 719 objectus
498 680 692 714 insulamm'
715 684 807 724 apud

105 726 252 759 Plinium
269 733 305 759 et
319 728 402 760 alios
417 731 538 770 passim
553 743 562 763 z
594 742 610 763 ε
631 733 808 766 adhaerens

104 785 147 808 ex
171 786 276 817 praec.
293 787 376 810 voce
398 780 542 821 minores,
565 783 673 822 (unde
696 785 729 815 in
751 795 807 816 ora

105 828 215 867 Bong.
232 827 317 867 sec.)
331 831 525 870 procreavit
538 833 593 863 aab
604 845 614 864 :
648 843 722 875 qnae
750 844 805 865 va-

103 876 202 908 riatio
224 878 343 909 crebra
367 884 430 910 est.
488 880 610 914 Paullo
626 889 703 924 post
717 885 806 916 male

104 928 224 959 Petav.
263 938 339 960 cum
370 935 514 970 quatuor
543 933 616 964 aliis
650 939 686 965 et
716 935 804 967 Edd.

104 977 201 1009 Rom.
218 977 312 1010 Med.
329 979 414 1011 Ven.
431 982 585 1014 continuo.
636 984 726 1015 Vide
753 985 806 1016 Ci-

97 1037 220 1061 accon.
251 1028 294 1059 ad
323 1038 373 1060 zv.
398 1033 451 1061 34.
476 1033 486 1048 ‘
502 1033 689 1065 Continuus
716 1044 805 1066 com-

102 1079 214 1119 plures
228 1078 326 1110 dieS.¹
363 1080 542 1112 Praeterea
557 1092 624 1114 non
638 1094 721 1125 opus
738 1088 804 1124 est,

103 1138 179 1160 cum
208 1129 339 1160 FaEmo
371 1138 490 1162 contra
524 1133 634 1164 Mstos
665 1135 804 1166 codices

99 1188 268 1220 reponere
297 1180 354 1211 sub
385 1181 532 1214 brumam.
589 1184 677 1216 Vide
693 1185 733 1216 ad
759 1195 801 1217 u.

101 1231 152 1260 11.

143 1283 181 1312 11
207 1281 380 1322 nequibas
404 1283 689 1327 insulis-noctem]
732 1287 803 1319 Qui

100 1330 150 1362 ita
175 1332 397 1372 scripserunt,
423 1335 550 1375 ignaris
574 1336 802 1369 Astronomiae

99 1380 208 1412 fumos
222 1383 419 1415 vendidere.
475 1384 638 1416 Similiter
662 1387 803 1427 'meutie-

99 1431 230 1470 mutii,
253 1433 311 1473 qni
334 1433 507 1466 tradidere
530 1436 708 1468 continuos
730 1437 802 1469 dies

99 1490 173 1512 esse
198 1482 287 1513 senis
308 1483 490 1524 mensibus,
506 1490 542 1516 et
566 1486 708 1518 totidem
723 1496 802 1518 con-

99 1533 208 1563 tinuas
223 1539 340 1565 noctes
368 1534 401 1564 in
429 1535 546 1575 Mona,
562 1546 637 1577 quae
655 1537 759 1569 distat
782 1548 803 1569 a

97 1582 327 1614 camaloduno
343 1584 530 1617 Britanniae
553 1587 680 1627 oppido
706 1589 802 1619 circi-

97 1637 151 1664 ter
166 1632 321 1665 ducentis
336 1635 494 1667 millibus.
538 1637 629 1668 Vide
651 1639 801 1671 Plinium

98 1683 144 1714 H.
156 1684 202 1715 N.
219 1693 260 1715 ιι.
277 1688 330 1716 75.
375 1685 486 1718 Davis.

139 1735 180 1764 13
215 1733 525 1767 Pereunt-rationibus
558 1736 801 1779 reperiebamus]

96 1784 155 1816 Ita
180 1794 217 1816 se
246 1786 433 1817 restituisse
467 1787 645 1820 confirmat
674 1789 800 1824 Godef.

95 1835 306 1866 Stewechius
322 1835 364 1866 ad
378 1837 516 1877 vegetii
531 1847 589 1869 ιιι.
607 1841 638 1870 8.
665 1850 741 1872 cum
765 1841 801 1873 in

93 1883 219 1926 Vulgg.
237 1885 408 1925 legeretur
427 1889 697 1927 percunctantibus
715 1901 801 1932 repe-

94 1933 258 1966 riehanm.
325 1937 391 1967 Ms.
429 1942 543 1969 tamen
582 1939 722 1973 Norvic.
760 1951 802 1973 ac

95 1984 195 2016 editt.
211 1986 310 2018 Rom.
325 1992 361 2018 et
385 1987 544 2018 Beroald.
555 1988 606 2020 ita
625 1990 800 2031 exhibent,

94 2038 134 2065 ut
149 2036 341 2068 emendavit
357 2037 409 2067 vir
423 2037 589 2070 eruditus.
649 2040 727 2071 Pet.
744 2041 800 2073 Ci-

96 2085 255 2116 acconius
271 2086 324 2117 hic
341 2088 570 2127 reponendum
584 2090 718 2121 censuit
731 2101 802 2131 per·-

95 2135 231 2165 cunctati
244 2136 366 2166 omnino
381 2137 615 2176 reperiebam-s.
670 2140 737 2171 Sed
753 2142 800 2172 ni-

95 2184 143 2215 hil
166 2190 220 2216 est
246 2195 371 2226 causae,
398 2197 460 2218 cnr
483 2189 669 2230 quidquam
693 2195 803 2223 mute-

94 2243 179 2266 mus.
238 2236 335 2267 Idem.
395 2237 709 2271 Percunctaaeimibns
730 2241 800 2272 sive

96 2285 209 2325 potins
222 2287 502 2325 percontationibus
522 2289 607 2319 Mss.
623 2299 750 2330 omnes,
764 2297 801 2324 et

95 2334 184 2366 Edd.
212 2336 422 2367 stewechius
452 2337 484 2368 in
511 2343 708 2380 corruptam
731 2341 801 2372 edi-

94 2384 220 2416 tionem
236 2386 399 2418 inciderit
415 2396 553 2419 necesse
570 2394 632 2421 est.
678 2390 800 2422 Paullo

95 2434 312 2473 posthabent
330 2436 413 2467 Mss.
438 2442 570 2468 tantum
597 2448 661 2469 non
684 2441 800 2471 cuncti

95 2488 135 2516 et
146 2484 234 2516 Edd.
251 2485 389 2527 priscae,
411 2492 449 2517 ut
471 2487 574 2524 edidi,
597 2497 664 2519 non
689 2493 801 2529 noctes,

95 2543 184 2574 quan
205 2535 239 2566 in
261 2537 458 2568 continente:
491 2543 526 2568 et
542 2538 720 2570 videbamus
734 2549 800 2571 uon

96 2583 239 2617 absurde
263 2587 396 2618 exsulat
419 2587 463 2618 ab
490 2589 701 2620 oxoniensi:
738 2590 799 2621 sed

96 2633 157 2664 nid
180 2643 242 2675 pro
265 2638 320 2667 sai
343 2647 433 2678 saepe
449 2639 553 2670 etiam
578 2639 611 2670 in
634 2640 799 2671 Terentio

97 2685 255 2717 occurrit.
309 2686 379 2718 Adi
402 2687 563 2720 Paroeum
585 2688 627 2721 ad
647 2689 799 2721 Eunuch.

97 2741 154 2764 111.
168 2735 201 2766 4.
224 2734 321 2767 Extr.
343 2738 353 2753 ‘
370 2737 446 2770 Nisi
462 2738 626 2782 quidquid
639 2739 694 2771 hic
711 2745 763 2771 est
777 2739 798 2770 :'

1451 178 1562 221 1087

859 279 895 306 et
911 275 1003 308 Prie.
1022 277 1063 308 ad
1081 278 1185 320 Apul.
1211 280 1232 312 Ι.
1249 289 1300 312 ιν.
1327 290 1360 322 p.
1377 283 1430 313 78.
1454 283 1464 300 ‘
1483 283 1560 316 Nisi

860 325 995 357 tandem
1015 328 1134 369 lanius,
1149 333 1213 362 διο.
1239 330 1443 372 despoliavit
1457 333 1563 366 latro·

858 375 959 406 nem!

902 429 942 458 13
967 427 1276 473 Nisi—videbamus]
1320 434 1451 466 Vocula
1466 435 1563 476 prior

860 476 924 507 vim
942 476 1189 511 adversativam
1206 483 1257 513 bic
1273 483 1413 515 obtinet.
1450 484 1507 515 Sic
1523 490 1562 517 et

857 527 948 567 apud
979 528 1177 561 Ciceronem
1212 532 1254 562 ad
1295 533 1412 564 Famil.
1445 535 1561 575 Epist.-

859 585 942 609 1111.
959 580 1011 609 73.
1035 579 1115 610 ‘De
1145 589 1180 612 re
1205 582 1286 612 nihil
1312 593 1447 623 possum
1469 585 1565 625 judi-

857 636 947 667 care,
961 628 1022 658 nisi
1044 628 1127 660 illud
1143 631 1222 661 mihi
1238 638 1333 663 certe
1358 634 1561 674 persuadeo,

858 682 905 717 te,
924 678 1025 708 talem
1039 679 1159 719 virum,
1173 680 1256 710 nihil
1269 686 1398 713 temere
1415 682 1564 715 fecisse!

856 727 944 758 Vide
982 728 1088 759 etiam
1125 729 1158 761 J.
1196 729 1232 761 P.
1265 731 1477 764 Gronovium
1514 735 1559 766 ad

857 777 972 808 Plauti
989 778 1192 811 Menaechm.
1219 780 1314 813 Prol.
1337 792 1386 813 vs.
1409 786 1462 815 59.
1488 784 1562 815 Da·

855 836 912 857 tu.

901 876 954 907 Ea:
976 887 1056 917 aqua
1073 880 1242 921 mensuris]
1283 881 1458 923 Intelligit
1475 894 1564 925 quas

855 927 956 968 vulgo
994 928 1194 969 clepsydras
1229 940 1400 972 vocamus,
1435 934 1564 974 quibua

855 978 934 1008 olim
963 988 1039 1010 usos
1070 981 1238 1012 Romanos
1263 982 1385 1023 cuique
1415 986 1559 1024 gnarum

855 1033 919 1059 est.
955 1029 1087 1061 Vossius.
1466 1045 1470 1047 >

898 1081 939 1109 16
977 1087 1048 1109 nce
1077 1079 1198 1110 milium
1221 1082 1384 1121 passuum]
1429 1083 1562 1116 Ultima

854 1138 920 1159 vox
947 1138 1014 1160 non
1041 1136 1218 1170 comparet
1250 1132 1282 1161 in
1310 1132 1379 1162 ullo
1405 1142 1560 1166 meorum

854 1179 1031 1219 Codicum,
1042 1189 1183 1211 numero
1199 1181 1315 1221 viginti
1330 1181 1482 1223 duorum,
1494 1193 1562 1216 nec

853 1228 957 1259 etiam
985 1229 1018 1260 in
1047 1229 1136 1260 Edd.
1166 1230 1261 1261 Rom.
1289 1232 1382 1262 Med.
1399 1232 1487 1263 Ven.
1517 1243 1563 1265 ao

853 1277 1017 1310 Incerta:
1040 1284 1146 1310 recte.
1181 1280 1280 1320 Saepe
1295 1281 1385 1312 enim
1402 1282 1474 1314 haec
1490 1293 1561 1315 vox

852 1328 1137 1370 subintelligitur:
1162 1336 1200 1361 ut
1217 1331 1290 1371 jam
1308 1331 1451 1363 vidimus
1473 1333 1516 1364 ad
1532 1343 1560 1366 1.-

854 1382 903 1411 15.
928 1380 937 1397 ‘
952 1380 1030 1411 Non
1054 1381 1199 1421 amplius
1215 1382 1325 1423 quiuis
1341 1383 1491 1416 millibus
1508 1386 1559 1416 in-

852 1431 1023 1463 teraeset!
1045 1432 1132 1463 Mox
1147 1432 1437 1473 ‘septemtriones'
1454 1435 1562 1467 iidem-

853 1481 938 1511 Msti
958 1486 994 1512 et
1018 1482 1107 1512 Edd.
1135 1482 1278 1523 aliaeque
1304 1489 1432 1524 praeter
1457 1484 1556 1518 Leid.

852 1540 921 1562 sec.
966 1532 1052 1564 Dixi
1066 1533 1108 1563 de
1124 1533 1164 1563 iis
1180 1542 1229 1564 ιν.
1243 1536 1296 1564 20.

896 1583 936 1611 18
960 1581 1048 1612 Huic
1062 1582 1175 1621 millia,
1189 1584 1242 1622 dyc.
1261 1593 1324 1616 esse
1339 1583 1561 1626 existimatur]

851 1631 936 1662 Mss.
963 1636 998 1663 et
1024 1632 1112 1664 Edd.
1138 1633 1235 1665 Vett.
1257 1634 1313 1665 hoc
1334 1645 1374 1666 m.
1398 1645 1557 1675 passuum.

852 1682 957 1712 Forte
979 1683 1160 1722 legendum
1186 1684 1241 1714 1:oe
1256 1685 1387 1715 minium
1398 1694 1559 1724 passiam.

854 1732 963 1762 Clark.
996 1732 1067 1763 Huc
1082 1733 1185 1764 etiam
1200 1734 1313 1774 reperi
1330 1735 1363 1765 in
1380 1735 1464 1766 meis
1480 1744 1556 1767 sex-

852 1781 975 1812 decim.
1031 1782 1073 1812 In
1088 1782 1220 1815 Duker.
1236 1784 1332 1816 Voss.
1348 1795 1416 1816 sec.
1433 1795 1473 1817 ac
1489 1785 1559 1817 Ed.

851 1831 942 1862 Flor.
959 1836 994 1862 et
1008 1832 1148 1863 Incerta
1160 1838 1213 1864 est
1227 1833 1300 1865 hoec.
1327 1835 1415 1866 Huic-
1427 1835 1561 1868 liabent:

851 1881 969 1923 Cujac.
985 1882 1109 1923 Scalig.
1125 1888 1162 1914 et
1176 1883 1274 1915 Leid.
1291 1884 1432 1924 primus.
1462 1885 1558 1917 Tota

850 1942 917 1963 vox
941 1932 1041 1964 deest
1064 1933 1261 1966 Oxoniensi.
1306 1935 1375 1966 Pro
1395 1935 1556 1967 existima·

850 1986 903 2013 tur
912 1993 994 2014 vero
1004 1983 1165 2016 scribitur
1176 1985 1370 2016 arbitrantur
1382 1985 1414 2015 in
1427 1986 1559 2027 scalig-³

851 2033 949 2064 Leid.
966 2033 1088 2073 primo,
1104 2033 1254 2074 Andino,
1269 2035 1381 2067 Oxou.
1406 2040 1442 2067 et
1464 2036 1558 2069 Edd.

850 2081 942 2123 Aldi,
954 2082 1093 2114 Vascos.
1104 2083 1266 2124 Grypffii,
1281 2084 1400 2125 steph.
1416 2089 1452 2116 et
1466 2086 1555 2118 aliis.

849 2133 948 2164 Unde
964 2134 1110 2175 conjicio
1126 2134 1307 2175 legendum
1322 2145 1397 2167 esse
1424 2136 1496 2167 huic
1518 2142 1559 2168 et.

849 2183 1089 2214 existimantur:
1112 2185 1167 2215 vel
1195 2194 1273 2216 cum
1295 2185 1370 2216 aliis
1386 2186 1475 2218 Edd.
1499 2187 1555 2218 hoe

848 2234 1058 2266 arbitrantur.
1103 2235 1169 2266 Sed
1188 2236 1301 2267 malim
1317 2237 1422 2276 prius.
1459 2238 1556 2269 Dein

849 2292 911 2324 pro
925 2287 1051 2315 centena
1065 2285 1154 2315 milia
1169 2286 1252 2317 Mss.
1266 2291 1301 2317 et
1312 2285 1406 2324 Edu„
1417 2286 1555 2328 quidam

848 2337 969 2365 centum
980 2335 1116 2367 milibus.
1152 2335 1220 2366 Sed
1237 2337 1474 2377 Bongarsiani,
1489 2338 1558 2369 Pe-

849 2390 918 2417 tav.
934 2388 1108 2428 Vossiani,
1133 2389 1303 2430 Egmnnd.
1330 2390 1425 2421 Leid.
1449 2390 1553 2431 prim.

849 2441 885 2467 et
911 2437 980 2477 alii,
1005 2443 1124 2470 centum
1147 2441 1200 2470 vel
1223 2449 1244 2471 c
1267 2440 1398 2472 milium.
1451 2439 1553 2473 Quod

850 2487 906 2518 vel
928 2487 972 2518 ob
995 2488 1160 2521 Codicum
1183 2490 1417 2532 antiquitatem
1434 2489 1553 2532 praefe-

850 2537 991 2568 rendum
1005 2544 1091 2571 erat.

877 2595 954 2618 xlv.
964 2591 983 2619 2
992 2590 1099 2631 Neque
1107 2592 1235 2622 multum
1242 2602 1260 2622 a
1270 2592 1392 2623 Gallica
1400 2590 1557 2631 differunt

848 2640 1080 2683 amandino]
1101 2642 1186 2673 Mss.
1204 2643 1341 2673 Carrar.
1358 2646 1395 2672 et
1411 2640 1554 2671 Nervic-=

849 2688 1009 2719 omittunt
1023 2691 1309 2731 praeposixionem.
1354 2690 1410 2720 Sic
1427 2695 1463 2719 et
1480 2688 1552 2719 Pli-

848 2737 922 2769 nius
939 2738 983 2770 H.
998 2739 1042 2771 N.
1059 2749 1113 2772 lx.
1128 2743 1181 2772 35.
1198 2743 1207 2756 ⁶
1219 2740 1326 2781 Origo
1341 2746 1443 2780 atque
1459 2738 1554 2779 geni-⁷
