1818 3131
308 233 401 262 LlB.
438 231 489 260 11.
522 229 627 259 cAi‘.
656 217 728 258 323.
777 228 839 257 nn
874 228 1029 258 1111110
1060 228 1289 258 (muruco.

72 327 172 368 pisse.
217 327 293 359 Jam
311 324 390 366 quid
416 329 513 355 utero
539 321 771 353 manifestius?

75 376 128 407 An
147 387 212 407 non
229 376 328 407 arieti
346 374 498 406 tabulata
514 373 596 403 sua?
639 373 771 403 Vossius.

116 428 134 456 3
161 425 336 457 Deditionis
349 424 462 454 nauum
485 432 548 453 esse
571 422 773 452 conditionem

71 476 133 508 11ίεὶ
148 476 243 507 armis
256 472 399 512 eraditis]
429 472 505 504 Hoc
521 477 587 512 est,
611 474 619 489 ‘
632 473 702 503 sine
719 482 772 502 ar-

72 536 204 558 morum
231 524 414 556 traditione
446 523 576 553 deditio
603 532 669 553 non
698 532 772 563 pro-

73 575 194 614 cedet,·
210 578 245 605 ut
260 574 408 614 loquitur
421 573 455 605 J.
470 572 587 604 Celsus
601 573 672 605 Vit.
687 574 771 604 Caes.

73 635 106 666 p.
123 628 176 656 52.
221 625 334 656 Duris.

113 678 132 705 5
158 675 197 706 ln
229 674 362 705 Nervios
386 673 530 714 fecisset]
567 674 652 704 Mss.
683 673 770 714 Reg.

68 729 106 757 et
136 725 262 757 Eliens.
294 725 327 755 in
360 725 498 756 Nerviis.
544 724 771 756 Nihilominus

71 775 257 816 eleganter.
282 776 390 805 Clark.
426 775 552 806 Ner-riis
565 779 678 806 exstat
692 784 773 815 quo-

71 835 136 866 que
160 825 193 855 in
219 825 385 865 Bongars.
409 825 531 865 primo,
557 825 682 856 Lovan.
708 825 772 864 Eg-

71 874 184 906 mond.
208 880 244 906 et
268 876 438 917 plerisque
465 875 540 906 aliis
565 885 605 906 ac
633 875 695 907 Ed.
716 875 772 906 In-

71 930 178 957 certa.
226 926 355 957 Recte:
389 930 491 967 atque
520 926 567 956 ita
592 925 772 966 legendum

72 975 189 1007 docuit
219 976 292 1007 Cel.
322 977 504 1009 Burmann.
535 976 577 1007 ad
605 977 771 1010 Quinctil.

71 1026 171 1058 Deci.
195 1035 257 1057 xv.
282 1029 313 1057 6.
346 1028 355 1042 ‘
373 1026 412 1057 In
437 1031 471 1057 te
497 1027 567 1057 solo
596 1025 771 1057 venefica.’

70 1075 298 1117 Corrigendus
309 1085 443 1116 quoque
458 1076 561 1116 Apul.
574 1076 661 1106 Met.
679 1077 701 1106 1.
716 1085 772 1107 111.

70 1134 103 1165 p.
120 1127 174 1156 62.
198 1127 208 1142 ‘
224 1125 318 1166 Cape
335 1125 369 1156 in
393 1124 523 1166 perfida
546 1126 685 1157 muliere
703 1126 773 1156 vin-

70 1175 220 1207 dictam:
279 1176 334 1206 Sic
365 1175 455 1206 euim
486 1176 571 1206 Msti
602 1180 770 1216 quatuor:

69 1225 171 1266 vulgo
195 1226 243 1257 de.
289 1224 355 1256 Adi
370 1225 476 1256 etiam
500 1225 607 1256 Doct.
625 1224 666 1256 A.
684 1225 772 1256 Gro-

70 1277 206 1307 nuvium
231 1276 273 1306 ad
299 1275 425 1308 Justin.
448 1284 472 1308 1.
496 1278 528 1307 7.
553 1276 561 1292 ‘
578 1275 605 1306 si
629 1276 711 1317 quid
737 1277 771 1307 in

71 1326 187 1358 Croeso
225 1325 396 1358 crudelius
433 1326 653 1356 consuluisset
668 1325 686 1357 :³
722 1326 772 1357 uti

70 1382 199 1416 praeter
229 1376 311 1407 alios
343 1375 487 1406 Codices
516 1375 620 1407 habet
649 1376 772 1407 Canta-

70 1426 156 1467 brig.
183 1432 219 1458 et
246 1432 390 1467 uterquc
421 1426 583 1457 Dorvillii
610 1427 678 1458 mei
707 1427 771 1458 Co—

71 1475 150 1507 dex.
187 1476 300 1508 Ovis.
332 1476 474 1507 Metam.
501 1485 527 1507 1.
553 1479 629 1507 441.
653 1477 771 1508 ‘num-

70 1535 168 1567 quam
199 1526 325 1557 talibus
360 1526 462 1556 armis
492 1525 597 1564 Ante,
636 1526 700 1556 nisi
737 1527 771 1557 in

70 1575 188 1614 damis,
226 1575 427 1616 capreisque
455 1574 644 1615 fugacibus,
672 1575 771 1606 usus.’

71 1625 149 1657 Art.
173 1626 250 1657 Am.
274 1635 314 1657 11.
339 1630 413 1657 545.
437 1626 538 1657 ‘Hoc
563 1625 597 1656 in
621 1625 772 1666 legitima

72 1680 237 1716 praestant
254 1685 358 1706 uxore
376 1674 510 1706 mariti?
546 1676 660 1706 Valer.
676 1676 771 1706 Max.

70 1734 126 1756 111.
146 1728 196 1756 17.
211 1726 220 1742 ‘
234 1725 405 1756 Ausurum
421 1734 457 1755 se
473 1725 507 1755 in
525 1723 690 1763 t1·ibuuis,'
707 1727 772 1755 «Sec.

72 1784 107 1806 v.
130 1777 160 1806 9.
176 1777 206 1806 3.
231 1775 349 1806 ‘Idem
372 1774 455 1805 fecit
481 1774 515 1804 in
537 1773 628 1804 filio!
671 1773 772 1806 Quod

72 1830 108 1856 et
122 1825 368 1856 restituendum
386 1824 514 1865 Nepoti
530 1823 565 1854 in
580 1824 684 1855 Dion.
699 1833 728 1855 c.
740 1826 771 1855 6.

71 1874 81 1892 ‘
93 1873 128 1905 in
141 1873 210 1905 fxiio
222 1884 316 1905 suam
332 1875 399 1905 vim
413 1874 568 1905 exercuit
583 1873 604 1905 :⁷
621 1873 679 1905 ubi
696 1873 772 1905 vide

71 1926 179 1957 Doct.
207 1934 271 1955 van
295 1925 469 1957 Staveren.
514 1924 630 1965 Atque
657 1925 706 1955 ita
729 1934 772 1955 ex

72 1974 173 2006 unico
201 1974 294 2005 Msto
323 1975 474 2015 reposuit
503 1974 608 2006 Erud.
640 1975 773 2006 Coi-tius

71 2025 105 2056 in
131 2025 267 2056 Sallust.
294 2026 337 2056 B.
361 2026 438 2057 Cat.
466 2035 496 2057 c.
520 2028 572 2056 11.
595 2026 605 2042 ‘
623 2023 717 2056 foeda
738 2024 773 2055 in

74 2074 204 2106 civibus
234 2074 388 2106 facinora
416 2074 529 2106 facere
542 2076 560 2113 ;'
599 2074 658 2106 ubi
684 2074 773 2106 vide.

75 2124 170 2156 Infra
204 2134 269 2158 vn.
297 2129 349 2157 21.
373 2126 382 2143 ⁶
402 2126 502 2159 Quod
529 2125 645 2157 facere
675 2126 709 2157 in
733 2135 774 2157 eo

75 2175 304 2206 consuerunt.'

118 2227 136 2254 7
162 2224 217 2255 Illi
231 2225 278 2265 se]
312 2225 449 2257 Desunt
463 2226 514 2256 hae
531 2225 607 2256 duae
623 2234 726 2256 voces
741 2225 776 2256 in

76 2275 162 2307 Mss.
186 2281 223 2307 et
245 2275 333 2307 Edd.
355 2277 451 2308 Vett.
481 2277 589 2308 Clark.
633 2276 673 2307 In
696 2276 776 2307 solis

79 2325 172 2358 Leid.
201 2326 322 2366 primo,
343 2325 457 2358 Oxou.
488 2330 525 2357 et
551 2325 673 2366 Scalig.
702 2325 777 2356 11ωο

76 2375 184 2407 verba
214 2375 334 2406 adesse
364 2375 534 2407 videntur.
591 2374 624 2406 A
653 2375 778 2406 ceteris

76 2426 248 2465 exsulant,
264 2426 401 2466 etjure.
439 2425 553 2458 Quare
566 2434 630 2465 ego
642 2434 777 2466 quoque

74 2475 236 2516 relegavi.
260 2477 304 2507 V.
329 2485 404 2515 cap.
441 2475 604 2516 superius.
637 2483 703 2506 vu.
727 2477 778 2505 90.

76 2529 113 2556 et
135 2526 178 2557 Β.
202 2526 275 2558 civ.
295 2535 350 2556 111.
376 2528 426 2556 12.
449 2527 458 2541 ‘
472 2527 559 2558 Quae
581 2525 778 2565 imperaret,

78 2573 230 2607 facturos
248 2576 452 2617 pollicentur
469 2575 489 2607 ι’
517 2575 573 2606 ubi
588 2575 708 2606 eadem
722 2584 779 2605 va-

79 2625 190 2665 riatio,
205 2631 243 2657 ut
258 2627 392 2666 passim.

121 2678 141 2706 8
167 2676 283 2707 Facere
297 2676 460 2716 dixerunt]
496 2677 683 2718 Perperam
709 2677 782 2709 Ho-

79 2728 256 2756 tomaunus
289 2726 443 2767 conjicit,
479 2727 598 2758 melius
631 2726 780 2758 fortasse

78 2774 146 2814 legi
162 2773 318 2813 factum.
375 2775 598 2810 Notissimum
624 2781 704 2828 est.
718 2777 780 2809 sub

1413 220 1525 262 1003

823 322 984 361 praesenti
1001 322 1108 352 latere
1125 322 1190 353 vim
1207 321 1327 361 futuri,
1341 326 1380 353 ut
1391 331 1456 353 vu.
1473 326 1525 355 83.

824 371 934 401 Drak.
952 372 993 401 ad
1013 373 1086 403 Liv.
1103 381 1156 402 111.
1171 375 1222 402 56.
1240 373 1254 412 §
1270 375 1301 403 4.
1318 378 1354 403 et
1370 373 1424 404 vel
1438 383 1526 413 posse

824 421 878 450 vel
906 422 979 450 velle
1006 422 1057 451 vel
1083 422 1190 453 debere
1215 426 1270 462 (ut
1289 432 1352 453 vu.
1372 425 1421 455 14.
1445 432 1525 454 V111.

823 472 894 511 21.)
917 471 1137 511 subintelligi.
1186 474 1237 503 Ne
1265 474 1456 505 innumeros
1481 474 1526 505 ci-

825 526 908 560 tent,
923 521 976 551 adi
995 521 1094 551 niodo
1112 522 1163 552 el.
1181 523 1294 553 Graev.
1314 523 1354 553 ad
1372 523 1444 555 Cic.
1461 524 1526 564 Ep.

824 572 865 602 ad
880 570 956 603 Ait.
970 580 1021 602 1v.
1037 575 1088 602 16.
1113 572 1302 611 ι111111111131,
1329 584 1362 604 se
1387 574 1464 605 vivo
1489 574 1527 604 il-

823 623 892 653 lum
909 632 974 653 non
993 622 1199 662 triumphare
1216 626 1234 653 2’
1257 630 1291 654 ct
1307 634 1388 665 quos
1410 624 1527 656 laudat

825 673 898 704 Cel.
918 672 1051 704 Duker.
1068 672 1110 702 ad
1128 673 1217 705 Flor.
1233 682 1256 704 1.
1276 677 1325 705 12.
1346 677 1356 691 ⁴
1371 674 1524 706 Adactus

823 724 919 754 miles
948 723 1188 764 jurejurando,
1217 724 1281 754 nisi
1312 730 1415 764 capta
1444 725 1526 756 urbe

824 784 891 805 non
919 773 1096 814 rcmeare,'
1124 783 1184 814 pro
1209 779 1439 806 remeaturum
1468 784 1527 806 seu

824 824 912 855 velle
930 834 1093 855 remeare.
1138 824 1230 855 Hinc
1243 825 1435 855 sexcenties
1454 835 1528 864 age-

825 874 876 905 bat
895 885 956 915 pro
971 885 1064 913 agere
1080 874 1196 906 rolebat
1214 880 1250 905 et
1267 876 1399 907 similia.
1437 876 1526 907 Vide

825 932 860 958 et
878 926 969 957 infra
986 927 1028 957 ad
1046 936 1100 958 111.
1119 930 1170 958 13.
1194 927 1290 968 ‘regi
1313 927 1528 958 arbitraban-

825 976 904 1008 tur.'
951 978 999 1008 Ut
1015 983 1050 1008 et
1075 978 1166 1008 viros
1191 978 1308 1008 doctos
1331 976 1372 1007 ad
1398 986 1450 1008 lv.
1473 980 1527 1008 21.

825 1028 833 1044 ‘
854 1026 1001 1058 Obsides
1019 1027 1100 1058 dare
1119 1028 1346 1067 polliceantur
1360 1027 1379 1057 :¹
1393 1029 1528 1058 etvr.9.

823 1078 874 1109 ‘si
901 1078 1036 1109 obsides
1065 1078 1161 1116 velit,
1189 1077 1272 1109 dare
1300 1077 1528 1118 pollicentur.’

824 1137 889 1158 vn.
918 1131 971 1158 21.
996 1129 1005 1145 ‘
1023 1137 1127 1168 penes
1151 1137 1208 1158 eos
1236 1136 1398 1158 summam
1423 1126 1529 1157 victo·

824 1177 883 1207 riae
917 1182 1077 1208 constare
1106 1175 1377 1216 intellegebant!
1414 1185 1444 1206 c.
1473 1177 1527 1205 36.

823 1227 831 1243 ‘
846 1225 1019 1267 prohiberi
1046 1226 1252 1257 videantur.’
1275 1235 1304 1257 c.
1329 1228 1383 1257 62.
1407 1225 1531 1256 ‘liber-

824 1282 934 1308 tatem
964 1286 1000 1307 se
1030 1277 1193 1317 consequi
1223 1276 1366 1307 videant
1381 1275 1401 1308 :’
1438 1275 1528 1317 qnod

823 1327 926 1358 etiam
956 1332 1086 1358 temere
1117 1327 1332 1357 sollicitatur.
1362 1334 1442 1356 vnx.
1473 1327 1528 1356 52.

823 1378 831 1393 ‘
849 1376 1037 1409 Judicabat
1053 1386 1207 1408 caussam
1229 1386 1322 1407 suam
1346 1374 1447 1407 facile
1470 1375 1529 1406 ob·

823 1426 949 1458 tineri!

866 1484 1002 1507 xxxin.
1021 1479 1037 1507 1
1063 1475 1126 1506 Sub
1143 1473 1315 1514 vesper-um]
1339 1475 1416 1506 Hoc
1440 1474 1528 1506 bene

824 1526 952 1557 dictum
969 1534 1043 1556 esse
1060 1526 1208 1556 vidimus
1225 1525 1267 1555 ad
1290 1535 1315 1556 1.
1329 1528 1383 1556 27.
1405 1527 1446 1557 ad
1463 1535 1529 1556 ces-

818 1585 951 1615 perum;
968 1580 1004 1605 et
1019 1583 1060 1605 11.
1077 1578 1130 1605 11.
1146 1575 1155 1591 ‘
1174 1574 1236 1605 sub
1253 1584 1409 1605 occasum
1427 1574 1531 1606 solis.’

823 1624 1035 1656 Monendum
1059 1630 1184 1665 tamen,
1210 1625 1365 1666 egregios
1383 1625 1529 1657 Codices

823 1675 1008 1713 Andiuum,
1021 1675 1146 1715 Scalig.
1160 1681 1196 1706 et
1208 1675 1410 1706 Leidensem
1426 1676 1528 1715 prim.

822 1724 877 1755 hic
889 1724 1053 1754 exhibere
1065 1724 1120 1754 sub
1129 1734 1263 1764 vespere.
1277 1725 1318 1755 B.
1331 1725 1406 1756 civ.
1421 1733 1461 1756 11.
1473 1727 1528 1756 43.

823 1776 832 1790 ‘
850 1774 958 1814 primo
973 1774 1142 1814 vespere!
1156 1774 1274 1815 virgil.
1286 1774 1361 1805 AEn.
1373 1776 1395 1806 l.
1408 1785 1442 1806 v.
1455 1776 1530 1808 init.

822 1824 831 1840 ‘
849 1833 992 1864 vespere
1011 1825 1052 1854 ab
1067 1829 1144 1855 atro
1156 1823 1176 1855 ε’
1192 1833 1269 1854 nam
1284 1824 1339 1855 sub
1352 1825 1414 1855 11οο
1431 1834 1529 1856 sensu

823 1874 927 1905 eliam
959 1874 1144 1905 ablativum
1167 1874 1323 1914 recipere
1349 1875 1529 1916 exemplis,

824 1924 866 1955 ad
893 1934 968 1965 quae
991 1924 1039 1955 ibi
1064 1925 1230 1956 lectorem
1253 1925 1405 1963 remitto,
1420 1925 1529 1956 videri

824 1980 951 2016 potest.
989 1975 998 1991 ‘
1013 1975 1083 2006 Sub
1107 1975 1245 2006 bruma.’
1275 1985 1310 2006 v.
1342 1978 1394 2006 13.
1428 1975 1530 2007 Adde

825 2025 935 2056 Periz.
953 2024 996 2055 ad
1012 2024 1143 2055 Sanctii
1168 2025 1255 2056 Min.
1282 2034 1316 2065 p.
1332 2028 1407 2056 675.
1424 2029 1460 2055 et
1477 2024 1530 2056 Cl.

826 2075 960 2107 Duker.
978 2075 1021 2106 ad
1043 2076 1134 2107 Flor.
1150 2084 1190 2107 11.
1208 2078 1259 2107 11.
1275 2076 1284 2092 ‘
1302 2075 1364 2107 sub
1381 2075 1531 2108 adventu

824 2125 954 2157 hostis!

868 2179 887 2206 4
911 2175 1068 2206 Praesidia
1082 2185 1142 2206 non
1158 2176 1349 2217 inducturos]
1371 2176 1426 2208 Sic
1443 2176 1530 2208 Mss.

825 2227 912 2267 Reg.
947 2231 984 2257 et
1009 2226 1132 2256 Vossii.
1184 2225 1327 2257 Graecus
1365 2227 1460 2265 item,
1488 2226 1531 2264 μὴ

826 2275 1046 2313 καταστήσειν.
1079 2275 1135 2307 ΑΙ.
1162 2275 1312 2316 praesidia
1337 2277 1531 2308 deducturos.

827 2327 927 2360 Quod
954 2326 1097 2367 perinde
1121 2331 1186 2357 est.
1213 2327 1323 2358 Clark.
1362 2327 1532 2358 Probavit

825 2378 890 2409 hoc
920 2378 1022 2408 etium
1059 2376 1250 2414 Manutius,
1278 2376 1531 2418 edideruntque

826 2428 874 2459 ita
889 2427 1076 2459 Beroaldus
1107 2433 1142 2458 et
1164 2427 1208 2458 R.
1234 2426 1439 2467 Stephanus,
1486 2428 1533 2458 Et

827 2488 907 2509 saue
920 2479 968 2510 ita
989 2487 1123 2519 quoque
1151 2481 1314 2508 exaratur
1329 2477 1364 2507 in
1381 2477 1531 2515 Andirm,

826 2529 951 2570 Scalig.
967 2529 1080 2560 Oxou.
1105 2527 1202 2559 Leid.
1223 2527 1344 2568 primo,
1368 2526 1532 2564 secundo,

827 2579 926 2610 Voss.
943 2579 1050 2619 primo
1072 2579 1146 2619 (qui
1169 2578 1273 2608 habet
1290 2575 1481 2614 indulturos)
1496 2579 1533 2606 et

827 2628 991 2667 secundo,
1022 2637 1062 2658 ac
1099 2627 1300 2667 Cujaciano,
1337 2624 1533 2665 habentque

827 2678 965 2708 Vascos.
981 2682 1017 2708 et
1044 2677 1169 2708 Strada
1191 2676 1225 2706 in
1247 2675 1360 2714 Marg.
1385 2673 1470 2704 adeo
1493 2679 1534 2705 ut

830 2727 857 2758 si
872 2727 922 2758 ita
934 2727 968 2757 in
983 2728 1079 2758 Vett.
1094 2725 1182 2757 Edd.
1199 2723 1381 2755 admissum
1399 2722 1534 2763 fuisset,

832 2785 900 2810 non
919 2781 1049 2810 temere
1065 2775 1251 2816 ejecissem.
1296 2773 1398 2806 Nunc
1418 2777 1535 2806 tamen
