1818 3131
305 208 396 237 mn.
428 207 492 236 iv.
525 205 632 234 cAr.
666 193 731 234 12.
767 205 827 233 1)ss
861 204 1016 234 umbo
1049 202 1276 232 (hiemen.

73 304 263 335 Germanos
279 302 312 333 in
328 302 391 332 hoc
407 300 523 341 proeiio
538 305 638 329 antea
654 298 695 328 ad
714 308 769 338 pe·

73 354 133 386 des
149 353 325 390 deniliisse,
341 351 398 382 sed
423 354 553 381 certum
578 349 620 378 sit
647 348 769 379 Roma-

74 413 133 434 nos
150 403 253 433 semei
280 400 494 442 perturbatos
511 399 630 429 iterum
650 408 769 438 repug-

74 462 183 484 nasse.
217 453 312 482 Idem.
361 450 450 480 Mai*-
467 455 569 480 antea
591 449 769 480 ediderant

74 513 192 541 rursus,
208 512 264 532 res.
281 501 403 531 noser-is.
449 500 610 531 Ceterum
629 501 662 530 in
690 501 769 530 Mss.

73 552 240 592 plerisque
257 556 291 581 et
312 550 395 581 nidd.
424 551 540 580 inuitis
555 560 619 581 nou
636 560 770 590 compa-

75 606 127 632 ret
150 610 212 632 vox
236 602 359 631 uostris.
407 600 446 630 ln
481 599 566 631 i-jdd.
598 601 700 630 Basil.
731 601 772 631 R.

72 650 190 691 steph.
231 650 383 691 aliisque,
414 650 494 680 item
528 650 608 680 Mss.
646 649 771 687 Ursini,

73 700 168 731 Leid.
196 710 248 740 pr.
279 700 328 731 his
365 701 417 731 vei
459 701 498 730 iis
535 700 771 735 resistentibuae

74 749 162 791 qiiod
187 755 298 781 tamen
322 750 440 781 eodem
469 749 558 781 redit
585 760 707 790 nempe
729 751 770 781 ad

74 803 204 839 nostros,
229 802 284 842 qui
303 806 546 841 praecesserant
562 812 568 831 :
597 799 712 832 forsan
728 810 771 831 ex

72 845 110 882 ὦ
138 851 294 882 fecerunt
321 851 362 881 iis
380 860 441 891 pro
471 851 606 882 nostris:
634 860 710 881 nam
738 852 772 881 in

73 900 278 932 membranis
302 899 446 931 Audinis
468 900 612 931 habetur
634 910 661 932 r.
677 900 709 931 in
726 910 772 932 re-

71 950 250 983 sistentibus
263 960 345 981 cons.

117 1003 137 1031 8
159 999 371 1040 Suffossisque
387 999 486 1040 equis]
515 1000 593 1031 Non
617 1001 693 1038 suis,
711 999 769 1031 sed

74 1049 324 1088 Romanorum
365 1054 402 1081 ut
444 1055 537 1081 recte
578 1049 772 1081 observavit

74 1099 320 1132 Rotomannus.
357 1100 463 1130 Clark.
518 1101 586 1135 Que
614 1099 699 1130 bene
726 1099 774 1129 in·

74 1156 192 1183 serunt
203 1151 310 1183 Codd.
323 1151 450 1189 Ursini,
459 1151 546 1182 Scai.
559 1150 647 1183 And.
660 1151 773 1182 Oxon.

74 1205 110 1232 et
134 1200 228 1232 Leid.
257 1200 356 1241 prim.
385 1210 460 1232 cum
493 1199 578 1230 Edd.
609 1200 708 1231 Rom.
735 1203 774 1230 et

74 1251 170 1283 Med.
201 1251 290 1282 Nam
306 1250 370 1281 Ed.
395 1250 532 1281 Incerta
547 1254 583 1280 et
597 1249 672 1280 aliae
695 1258 773 1280 cum

74 1300 196 1332 ceteris
225 1301 306 1331 Mss.
336 1300 464 1331 habent
496 1299 643 1338 subjbssis
668 1300 753 1340 equis
762 1310 774 1336 ,·

76 1350 166 1383 unde
207 1356 286 1382 nata
327 1350 534 1382 Hotomanni
576 1351 774 1391 explicatio.

76 1402 197 1444 Neque
212 1403 312 1433 aliter
329 1402 594 1442 Memphrastes.

118 1455 158 1484 11
183 1453 223 1484 In
238 1455 431 1492 conspectum
445 1452 582 1491 agminis
602 1451 702 1482 nostri
726 1461 775 1482 ve-

75 1502 206 1543 nissimi]
228 1503 312 1533 Mss.
337 1503 423 1542 Reg.
447 1506 483 1532 et
507 1501 628 1539 Vossii,
653 1500 686 1530 in
707 1510 775 1530 con-

74 1556 188 1594 spectu.
233 1554 319 1586 Quae
336 1562 416 1583 vera
434 1550 562 1582 Lectio.
605 1551 662 1582 Sic
686 1551 776 1581 enini

77 1603 259 1645 saepissime
272 1603 420 1644 loquitur
432 1602 561 1634 Caesar.
574 1601 597 1631 1.
610 1609 673 1631 vu.
690 1601 706 1640 ξ
720 1603 775 1630 45.

76 1655 98 1686 l.
115 1663 196 1686 vui.
219 1655 236 1695 ς
259 1657 291 1686 7.
310 1656 361 1685 19.
375 1656 429 1684 22.
443 1657 481 1683 et
496 1654 549 1683 23.
594 1652 650 1682 De
679 1651 777 1682 Bello

76 1705 151 1737 Civ.
168 1714 209 1737 u.
226 1707 279 1736 27.
297 1710 333 1736 et
348 1706 401 1735 32.
447 1704 525 1735 Non
550 1702 639 1743 quod
666 1706 776 1732 motus

77 1755 120 1786 ad
136 1755 260 1794 locum,
274 1754 309 1784 in
323 1753 458 1784 ablativo
471 1752 528 1794 (ut
544 1753 638 1783 aiunt
655 1752 776 1784 Gram-

76 1805 219 1844 matici),
247 1804 385 1844 proprie
415 1801 530 1834 efferri
562 1807 688 1843 queam
715 1801 776 1833 sed

78 1855 181 1896 quod,
201 1854 233 1885 2‘11
247 1857 408 1895 emaspectu
424 1853 541 1892 venire,
565 1853 624 1892 sit,
646 1862 722 1884 euin
743 1853 775 1883 in

77 1905 189 1936 locum
206 1905 333 1943 venii-e,
355 1903 412 1934 ubi
428 1907 499 1934 stes
520 1902 695 1941 videlicet,
721 1903 775 1933 vel

78 1953 242 1993 ambuies,
265 1954 316 1984 vel
334 1962 464 1994 pugnes
481 1952 644 1993 deinceps
659 1953 692 1983 in
707 1962 776 1984 oon-

77 2007 193 2044 spectu.
237 2008 291 2034 bic
306 2004 398 2044 apud
413 2004 597 2042 Caesarem,
622 2004 631 2020 ⁴
645 2003 774 2034 venire'

77 2058 115 2086 et
139 2053 348 2084 ‘considere’
380 2053 512 2084 scilicet
553 2053 606 2083 ‘in
633 2053 775 2085 castris.’

78 2103 167 2134 Vide
181 2113 283 2144 supra
298 2103 320 2134 1.
336 2111 411 2134 xiv.
430 2113 464 2143 p.
479 2106 532 2134 45.
566 2104 621 2134 Sic
635 2104 774 2135 Cicero:

80 2155 89 2171 ‘
103 2154 208 2185 Venit
223 2154 257 2184 in
273 2152 424 2189 Senatu,'
451 2153 516 2184 hoc
532 2159 594 2191 est,
620 2154 703 2184 iuter
725 2154 779 2185 Se-

80 2207 201 2235 autores
210 2213 220 2239 ,·
237 2204 290 2234 vei
304 2203 388 2234 venit
403 2207 441 2234 et
453 2204 587 2234 comedit
602 2204 634 2233 iu
650 2204 778 2235 Senatu.

80 2254 135 2286 Sic
165 2253 256 2285 infra
284 2253 375 2294 apud
407 2254 567 2294 Hirtium,
602 2254 646 2285 de
683 2255 780 2286 Bello

80 2303 245 2336 Africano
273 2313 302 2334 c.
329 2306 382 2334 36.
421 2303 584 2343 ‘oppido‚
611 2304 644 2334 in
671 2314 781 2345 quo—

81 2361 297 2396 eomportata
314 2353 449 2384 fuerant
464 2354 484 2384 :’
508 2354 570 2384 hoc
586 2359 651 2394 est,
670 2356 703 2385 in
724 2365 781 2395 quo

79 2405 216 2447 reposita
229 2408 428 2444 erunt—quae
441 2407 631 2443 comportata
641 2404 781 2442 ficerunt.

81 2456 127 2489 Et
156 2456 235 2487 ibid.
260 2462 268 2471 ⁶
285 2466 315 2485 in
344 2453 443 2495 quod‘
471 2454 573 2494 (Mss.
601 2454 727 2486 hahent
749 2456 782 2486 in

80 2504 156 2547 quo)
183 2507 192 2522 ‘
207 2506 300 2537 Juba
321 2505 525 2534 frumentum
549 2509 782 2544 comportave-

83 2556 157 2587 rat!
200 2555 257 2586 Sic
274 2554 364 2594 apud
384 2553 538 2592 votitam,
555 2555 563 2570 ⁶
579 2554 686 2584 Piiam
706 2564 781 2595 pro-

78 2605 165 2647 jecit
180 2606 213 2636 in
230 2604 367 2642 herbas
395 2606 458 2635 hoc
474 2610 541 2643 est,
569 2614 634 2635 nou
656 2605 782 2645 simpli-

83 2657 169 2688 citer
191 2659 199 2674 ‘
218 2657 364 2697 projecit
378 2656 412 2686 in
437 2655 583 2695 terram}
597 2656 780 2696 (quomodo

83 2708 354 2748 interpretantur
368 2707 622 2747 Grammatici,)
648 2707 707 2737 sed
736 2708 781 2738 ita

82 2758 117 2797 in
134 2761 260 2788 terram
282 2761 376 2789 motu
398 2756 535 2797 obliquo
559 2756 717 2797 projecit,
743 2761 779 2787 ut

1409 189 1517 230 1051

821 300 982 340 deinceps
1035 300 1066 330 in
1106 299 1211 330 herba
1249 297 1520 338 provolveretur.

822 350 875 380 Sic
893 350 981 389 apud
1004 351 1149 380 Plinium
1170 359 1208 380 ιι.
1231 353 1300 380 103.
1319 360 1323 362 ·
1343 360 1371 377 .·’·.
1393 348 1520 378 Piceno

822 399 919 436 lncu,’
935 401 966 428 in
984 410 1102 439 aquam
1121 401 1287 433 nimirum,
1303 400 1311 414 ‘
1324 396 1519 438 dejectum!

823 449 909 479 Vide
927 449 1028 478 etiam
1047 449 1145 485 infra,
1163 450 1204 479 de
1225 450 1318 479 Bono
1336 450 1409 479 Civ-
1428 456 1451 478 1.
1469 450 1521 479 22.

822 503 856 529 et
872 508 913 529 n.
929 502 960 529 2.
988 499 1092 528 Clark.
1140 500 1177 528 In
1203 502 1359 538 conspectu
1388 506 1520 538 quoque

824 548 979 579 Leidens.
997 549 1093 588 prim.
1112 553 1148 578 ut
1167 549 1268 578 reum
1283 549 1313 578 in
1328 548 1439 578 castris
1454 547 1520 588 iegi

822 599 929 630 voiuit
957 598 1114 630 Ciarkius
1132 608 1169 629 ii.
1191 602 1239 628 17.
1268 598 1354 638 quod
1381 603 1416 628 et
1440 596 1522 628 aiibi

822 649 855 679 in
879 649 962 679 Mss.
984 649 1151 679 nonnullis
1176 649 1337 678 occurri-t.
1382 649 1439 678 Sic
1466 648 1521 678 ‘in

823 704 1009 739 conspectu
1025 699 1244 730 constituere’
1262 707 1283 728 1.
1297 701 1349 728 51.
1367 698 1520 737 quidam:

822 752 952 780 v11.48.
977 753 985 767 ‘
1002 749 1042 779 In
1059 753 1245 789 conspectu
1267 748 1430 788 proi'erre'
1454 749 1524 789 qui—

823 800 912 831 dam.
944 809 1022 831 viu.
1054 803 1082 831 8.
1110 800 1119 816 ·“
1138 800 1175 830 ln
1204 805 1390 839 conspectu
1422 799 1525 830 addu-

824 851 925 881 cere.'
941 855 976 881 et
994 851 1034 881 B.
1047 851 1120 881 Civ.
1139 859 1164 880 r.
1178 852 1230 880 22.
1253 851 1262 866 ‘
1277 850 1316 880 ln
1334 853 1522 890 conspectu

825 900 1022 932 deducatur
1063 900 1208 931 Codices
1237 901 1333 930 nuilti
1373 900 1522 931 habent:

823 960 907 991 quos
930 951 1020 981 locos
1045 951 1111 981 adi.
1158 950 1245 981 Item
1272 950 1374 981 Erud.
1402 950 1524 982 Arntz.

823 1001 866 1031 ad
895 1000 1011 1032 Aurei.
1040 1001 1131 1031 Vict.
1161 1001 1202 1031 de
1231 1002 1302 1031 Vir.
1331 1001 1386 1031 ΙΙΙ.
1411 1010 1443 1031 c.
1470 1003 1522 1031 14.

827 1051 887 1081 ‘In
919 1055 1103 1090 conspectu
1135 1050 1373 1090 protulerunt!
1419 1050 1525 1081 Plura

825 1104 896 1131 tuni
927 1100 1082 1139 Caesaris,
1112 1098 1182 1131 tum
1208 1101 1352 1131 aliorum
1378 1100 1465 1140 loca,
1491 1101 1525 1131 in

824 1150 945 1191 quibus
977 1150 1049 1181 haec
1078 1150 1266 1189 variantur,
1295 1150 1451 1183 conzessi
1481 1150 1525 1181 ad

825 1201 979 1232 Frontin.
998 1209 1022 1232 1.
1037 1202 1166 1241 10.§1.
1212 1201 1259 1231 At
1286 1201 1370 1232 talia
1391 1210 1434 1232 ex
1456 1209 1525 1232 uno

823 1251 978 1282 alterove
996 1251 1100 1290 Msto‚
1116 1255 1151 1282 et
1168 1251 1306 1292 quidem
1322 1251 1525 1290 recentiore,

825 1302 933 1342 qualis
951 1306 1041 1332 notae
1057 1307 1135 1332 sunt
1159 1301 1246 1342 Reg.
1273 1306 1309 1333 et
1332 1302 1429 1333 Voss.
1457 1311 1525 1334 sec.

825 1354 950 1394 ubique
966 1354 1170 1385 inculcanda
1184 1364 1252 1385 non
1267 1355 1428 1386 arbitror.
1451 1355 1526 1386 Ma-

819 1403 906 1444 joi-is
935 1405 1152 1435 auctoritatis
1181 1410 1233 1436 est
1264 1406 1430 1445 Bongars.
1461 1405 1528 1445 pri-

824 1463 899 1485 mus
937 1464 967 1485 c.
994 1457 1047 1485 47.
1083 1454 1150 1485 ‘In
1188 1460 1374 1495 conspectu
1411 1454 1528 1486 venit!

825 1503 914 1534 Vide
943 1504 1048 1534 etiam
1079 1503 1120 1534 ad
1151 1513 1230 1536 vm.
1259 1507 1290 1535 8.
1317 1506 1369 1536 48.
1395 1511 1432 1536 et
1462 1504 1527 1535 alia

825 1554 910 1585 loca.

870 1608 910 1636 12
934 1605 989 1635 Ex
1003 1604 1156 1645 equitibus
1170 1604 1283 1635 nostris
1298 1604 1529 1646 interficiuntur

826 1664 876 1687 iv.
892 1659 922 1686 et
939 1655 1040 1695 ηιμ]
1065 1656 1260 1696 Anonymns
1274 1655 1365 1687 Celsi
1377 1656 1528 1696 exscrip-

828 1711 892 1737 tor.
910 1716 943 1747 p.
960 1709 1012 1737 67.
1036 1708 1045 1722 ‘
1060 1705 1258 1746 Id‚’iuquit‚
1285 1707 1294 1723 ⁴
1313 1715 1390 1737 cum
1413 1706 1527 1737 hostes

827 1757 1067 1796 advertissent,
1087 1758 1198 1797 quam'
1225 1758 1318 1798 (lego
1341 1756 1527 1797 quanquam)

827 1808 836 1824 ‘
854 1817 994 1838 numero
1025 1808 1124 1847 longe
1154 1807 1315 1847 impares,
1350 1806 1527 1847 repentino

825 1857 955 1898 impetu
986 1857 1126 1895 invecti,
1157 1857 1423 1897 quadringentos
1453 1864 1528 1896 sep-

827 1908 983 1948 tuaginta
998 1917 1041 1938 ex
1056 1907 1104 1938 eis
1119 1907 1341 1938 occiderant.’
1374 1906 1507 1938 vs'ossias.

870 1962 911 1990 16
947 1958 1041 1989 Illum
1071 1968 1110 1989 ex
1142 1958 1278 1998 periculo
1306 1956 1436 1997 eripuit]
1474 1957 1529 1988 Ita

825 2009 931 2048 edidi,
947 2008 1049 2039 fidem
1065 2013 1200 2039 secutus
1218 2008 1531 2046 Manuscriptomm

825 2065 862 2090 et
885 2059 1194 2099 antiquissimarum
1217 2058 1317 2088 editt.
1364 2057 1418 2087 sic
1441 2055 1529 2088 infra

828 2119 893 2141 vn.
909 2113 963 2142 46.
984 2111 992 2127 ‘
1007 2110 1074 2139 Vix
1090 2118 1126 2140 se
1142 2118 1185 2139 ex
1202 2108 1356 2139 manibus
1379 2107 1531 2148 praedan-

828 2161 910 2192 tium
927 2160 1069 2191 militum
1085 2159 1258 2199 eriperet!
1302 2159 1441 2199 Vuigati
1466 2159 1530 2189 Co·

827 2211 919 2242 dices
956 2210 1228 2251 praepositionem
1260 2209 1313 2240 hic
1354 2209 1528 2240 omittunt.

827 2261 940 2292 Davis.
987 2261 1040 2290 Ea:
1064 2260 1200 2299 periculo
1223 2259 1350 2299 eripuit.
1390 2259 1443 2289 lta
1470 2268 1530 2300 op-

829 2311 923 2350 time,
945 2320 1007 2351 pro
1033 2310 1178 2341 Caesaris
1204 2308 1362 2349 loquendi
1389 2308 1532 2347 ratione,

827 2370 872 2391 ex
909 2360 991 2392 Mss.
1030 2365 1066 2390 et
1104 2359 1200 2389 vett.
1239 2359 1347 2388 Editt.
1381 2358 1529 2389 restituit

832 2410 1000 2441 Davisius.
1050 2409 1205 2449 Scaliger
1234 2414 1269 2439 ct
1299 2409 1532 2448 Recentiores‚

829 2460 917 2491 illum
944 2460 1077 2499 periculo
1106 2458 1232 2499 eripuit.
1272 2459 1380 2489 Clark.
1433 2459 1529 2488 Solus

834 2510 987 2540 Leidens.
1022 2510 1149 2550 primus
1179 2508 1306 2539 omittit
1345 2508 1531 2548 praepositi-

830 2569 942 2598 onem,
970 2560 1058 2590 haud
1083 2559 1186 2590 dubie
1214 2563 1333 2589 contra
1358 2559 1530 2589 sulianum

829 2608 964 2649 Styium
991 2618 1023 2640 v.
1052 2611 1104 2640 37.
1133 2618 1172 2639 ex
1199 2608 1307 2648 proeliu
1338 2607 1415 2637 elavi
1445 2607 1529 2637 Mss.

831 2660 983 2701 plerique
1015 2670 1031 2691 e
1059 2666 1191 2691 carent.
1249 2661 1410 2690 Ceterum
1445 2667 1530 2689 serto

831 2710 926 2749 culn„
956 2711 1081 2750 nescio,
1113 2710 1202 2741 unde
1233 2709 1348 2740 videas
1374 2708 1409 2740 in
1439 2706 1529 2739 Edd.

832 2759 944 2791 Ursisui
961 2764 997 2791 et
1013 2758 1173 2791 Manutii.
