1883 3121
233 205 347 249 1330

233 321 306 343 esse
337 321 397 352 pro
424 311 483 342 hae.
536 309 601 340 Adi
632 310 734 340 etiam
764 309 860 340 Colv.
888 309 930 341 ad

234 361 370 404 Apulei.
387 361 409 392 1.
428 370 476 391 ιν.
494 369 527 400 p.
545 362 598 390 57.

280 421 379 443 run.
411 414 430 442 3
477 411 533 448 Et,
562 412 660 450 quoad
687 410 796 441 licebat
822 411 933 441 latiore

233 462 348 502 spatio]
394 462 436 493 In
475 461 606 502 Cujacii
637 467 671 492 et
704 462 823 492 Petav.
857 462 931 492 cod.

235 518 320 550 orat,
335 512 446 543 latiore
467 514 502 542 ut
527 512 638 552 spatio.
673 511 742 542 Ms.
765 513 871 543 Norv.
893 513 934 542 Ee

233 562 421 593 coalticiehat
431 561 541 592 latiore
552 565 586 592 ut
597 562 707 602 spatio.
744 562 843 592 Unde
856 572 934 593 con-

229 615 323 652 jecto
340 612 535 653 legendum,
547 613 658 643 latiore
669 614 716 643 ati
727 614 843 653 spatio.-
860 623 935 653 pro-

237 665 279 694 ba
308 663 498 700 sententia;
522 667 558 694 et
588 668 671 703 puto
699 664 867 694 Caesarem
889 663 935 693 sic

236 715 424 755 scripsisse.
462 713 510 745 At
530 713 612 744 mire
628 714 692 744 hoc
709 714 783 744 loco
799 721 937 752 corrup-

234 770 290 795 tus
308 764 474 804 Bongars.
490 764 611 802 codex,
628 763 684 804 qui
700 763 803 793 habet
828 772 868 793 ea·
883 772 938 802 quo

237 815 363 846 allicere
385 815 494 845 latiore
518 814 634 854 spatio:
669 813 823 844 nimirum
850 816 880 844 et
907 813 940 843 in

235 875 277 895 ex
305 869 491 895 mutatum:
527 874 585 903 quo
614 866 655 895 ad
681 863 787 894 liceret
813 862 941 894 factum

237 926 293 955 quo
321 916 469 946 alliceret.
506 914 605 946 Quod
635 912 795 954 frequens
819 914 840 943 d
868 913 901 943 in
933 914 943 943 l

237 970 385 1005 mutare,
420 964 554 1006 putavit
591 963 761 1003 librarius,
797 963 942 994 adiiceret

240 1025 339 1046 unam
368 1024 485 1046 vocem
512 1023 598 1045 esse.
631 1014 764 1045 Vossius.
808 1014 847 1044 In
875 1013 940 1044 Ms.

241 1067 316 1097 Urs.
347 1070 382 1097 et
407 1065 494 1096 Edd.
526 1065 622 1095 Vett.
652 1065 730 1104 quod
757 1065 777 1095 l.
804 1063 863 1095 sed
891 1063 940 1094 uti

241 1123 328 1145 ιιιιιις
344 1114 469 1153 editur,
493 1113 654 1145 exhibent
674 1123 804 1154 quoque
822 1113 941 1152 Cujac.

242 1165 362 1195 Petav.
381 1164 503 1204 Scalig.
520 1163 617 1194 Lcid.
638 1173 689 1203 pr.
713 1165 836 1195 Lovau.
855 1165 943 1194 Dor-

240 1214 310 1245 vin.
326 1218 361 1244 et
375 1213 448 1243 alii:
470 1213 533 1242 nisi
549 1212 637 1253 quod
654 1218 798 1253 quatuor
813 1213 942 1253 priores

240 1263 366 1295 addant
388 1263 558 1301 latiorem,
575 1268 609 1294 et
632 1264 730 1293 Voss.
753 1263 875 1294 babeat
900 1265 942 1294 Ia-

241 1315 320 1344 tiore
333 1316 387 1344 aut
408 1322 455 1352 sp.
479 1313 532 1342 Ea:
547 1322 603 1351 quo
619 1313 741 1343 allicere
763 1322 942 1353 perperam

242 1364 343 1394 etiam
374 1362 467 1393 Leid.
500 1371 567 1391 sec.
607 1362 768 1393 Ceterum
797 1368 875 1393 ante
907 1362 944 1392 τὸ

239 1414 389 1453 producta
405 1411 540 1442 additur
555 1414 610 1442 aut
633 1412 666 1442 in
693 1412 759 1442 Ms.
781 1413 894 1443 Ursin.
912 1417 945 1444 et

243 1461 356 1494 Palat.
370 1461 460 1493 unde
475 1461 587 1492 forsan
604 1471 668 1492 non
685 1463 772 1493 male
789 1463 945 1494 emenda-

244 1513 351 1544 bimus
367 1511 475 1543 latiore
497 1515 550 1542 aut
572 1513 684 1552 spatio,
699 1517 752 1543 aut
773 1515 860 1552 prod.
878 1513 900 1544 i.
916 1524 944 1545 e.

245 1564 297 1594 vel
313 1564 344 1594 in
369 1564 474 1594 latum
503 1564 554 1593 vel
584 1563 617 1593 iu
638 1564 773 1603 longum
800 1564 871 1595 acie
888 1574 945 1595 ex-

246 1619 355 1645 tensa.
387 1614 451 1644 Illa
467 1620 563 1646 certe
578 1618 612 1645 uc
627 1621 662 1646 et
677 1619 728 1646 aut
747 1624 812 1646 non
831 1615 945 1646 viden-

247 1671 301 1695 tur
317 1674 389 1695 esse
406 1665 448 1695 de
465 1666 578 1696 nihilo.

288 1720 306 1745 5
343 1715 456 1745 Remos
492 1719 736 1746 transcurrentes
771 1715 946 1756 detergere]

249 1765 400 1795 Diodoro
415 1765 528 1795 Siculo
544 1766 566 1796 1.
588 1773 637 1795 xl.
652 1763 722 1796 τοὺς
737 1764 869 1805 τάρσους
889 1777 947 1795 πα-

246 1815 398 1855 ρασύρειν,
414 1820 463 1846 est
482 1826 578 1847 remos
589 1817 763 1855 detergere:
781 1815 838 1847 sed
854 1816 948 1847 Gra>-

248 1876 289 1896 ca
305 1866 358 1897 bic
383 1866 525 1906 phrasis,
542 1871 579 1896 ut
594 1866 628 1896 in
641 1867 754 1897 multis
771 1867 856 1905 aliis,
873 1867 947 1906 plus

248 1914 407 1946 efficaciae
435 1915 550 1953 habet,
576 1924 651 1945 nam
681 1914 867 1954 παρασύρειν
895 1920 949 1945 est

249 1966 475 2006 distorquere,
503 1975 561 1996 seu
589 1966 724 1996 trahere
755 1966 787 1995 iu
816 1970 948 2005 partein

249 2015 467 2054 contrariam,
503 2020 561 2046 aut
598 2016 710 2054 aliam,
737 2026 838 2056 quam
874 2015 949 2047 tieri

249 2070 397 2105 oportet,
423 2065 511 2106 quod
538 2065 637 2096 remis
659 2065 712 2103 fit,
729 2075 805 2096 cum
821 2066 951 2106 impetu

251 2120 522 2147 transcurrentes
551 2125 654 2146 naves
682 2115 951 2156 confringuntur.

252 2165 387 2207 Alioqui
408 2166 489 2196 illud
514 2167 674 2205 detergere
697 2166 739 2196 ad
765 2166 951 2197 notandum

251 2217 413 2257 impetum
429 2217 523 2247 navis
536 2217 618 2248 satis
633 2217 826 2258 appositum
840 2221 904 2255 est,
918 2222 954 2248 et

252 2271 363 2306 notat,
381 2268 477 2307 quasi
494 2276 559 2297 uno
584 2267 654 2298 ictu
680 2267 874 2298 confractos
902 2277 953 2298 re-

252 2326 335 2347 mos·
370 2317 425 2348 Sic
441 2316 484 2347 de
501 2321 602 2347 vento
619 2316 781 2348 Horatius
795 2318 854 2353 ait,
871 2321 879 2333 ‘
897 2317 954 2348 Al-

254 2366 315 2397 bus
331 2371 369 2397 ut
384 2367 526 2398 obscuro
550 2366 706 2407 deterget
730 2366 846 2397 nubila
870 2368 954 2398 coelo

252 2417 353 2457 Saepe
378 2417 499 2448 notus!
540 2417 639 2448 Unde
668 2419 743 2448 tersi
765 2418 848 2447 dies:
873 2428 954 2458 quo-

255 2467 356 2499 modo
383 2478 520 2499 serenos
547 2469 739 2509 appellasse
771 2469 954 2509 antiquita-

255 2523 324 2549 tem
351 2528 393 2549 ex
422 2519 543 2549 Verrio
568 2520 687 2549 Festus
713 2519 769 2550 ait.
806 2520 956 2551 Putabat

255 2569 408 2609 Scaliger
438 2572 526 2608 tergo
553 2579 626 2600 esse
654 2580 673 2600 a
702 2573 778 2609 tero,
808 2570 887 2611 quia
910 2570 955 2609 id,

256 2619 344 2659 quod
358 2619 567 2659 detergetur,
583 2620 754 2651 atteritur.
780 2621 851 2660 Ego
865 2621 956 2660 cogi-

257 2669 384 2708 tabam,
400 2680 441 2700 an
455 2681 474 2701 a
487 2673 610 2709 tergum
622 2676 723 2710 esset,
741 2676 903 2711 quatenus
917 2681 958 2702 ea

258 2729 323 2751 vox
344 2725 528 2760 usurpatur
551 2730 612 2761 pro
636 2726 802 2759 extreme,
823 2731 882 2752 seu
905 2731 958 2752 su-

259 2771 411 2812 perficie,
428 2771 478 2803 uti
505 2771 592 2803 dixit
618 2771 851 2803 Prudentius?
884 2771 894 2788 ‘
911 2772 959 2803 Ut

702 211 842 245 No'rAE
875 213 1140 246 VARIORUM
1174 215 1225 245 ΙΝ

982 314 1078 350 terga
1096 311 1230 342 calcans
1253 309 1421 352 aequoris!
1455 311 1546 342 Hinc
1561 314 1682 352 tergere

982 365 1034 391 est
1047 360 1162 392 sordes
1176 361 1387 391 extrinsecus
1401 361 1615 392 adhaerentes
1629 371 1686 393 au-

983 409 1084 442 ferre.
1124 412 1224 442 Unde
1249 412 1448 442 translatum
1483 411 1526 442 ad
1561 421 1684 452 remos,

984 460 1184 501 similiaque.
1227 460 1293 491 Sed
1326 461 1468 492 aliorum
1495 464 1571 491 esto
1593 460 1687 501 judi-

984 511 1087 541 cium.
1125 511 1255 541 Vossius.
1309 511 1399 542 Cave
1426 515 1535 541 mutes
1562 510 1626 541 hoc
1650 510 1685 540 in

984 561 1140 590 deterere:
1164 560 1303 600 propria
1331 566 1384 591 est
1408 561 1442 591 in
1465 561 1527 591 bac
1543 561 1685 591 relocu-

986 610 1046 639 tio.
1084 607 1152 639 Adi
1166 609 1291 639 Gland.
1310 609 1449 641 Hotom.
1477 615 1513 641 et
1536 608 1689 641 Scheffer

987 658 1029 688 de
1047 658 1122 689 Mil.
1139 658 1226 689 Nav.
1245 666 1299 689 111.
1314 661 1345 690 6.

1030 710 1048 738 7
1066 708 1168 747 Atque
1183 707 1343 748 artificiis]
1361 708 1467 740 Editt.
1484 709 1582 740 Rom.
1597 709 1687 740 Ven.

989 757 1148 788 Beroald.
1176 757 1304 788 habent
1328 756 1481 798 artificii;
1509 758 1577 789 Ms.
1605 757 1690 788 Nor-

991 807 1054 839 vic.
1084 807 1276 849 Aufidum,
1306 812 1344 839 ut
1373 807 1516 839 fortasse
1544 807 1690 848 remiges

991 859 1059 890 sint
1072 859 1306 900 intelligendi:
1325 860 1383 890 illa
1399 859 1488 890 enim
1505 869 1570 891 vox
1585 859 1690 891 inter-

990 910 1072 942 dum
1089 911 1230 943 denotat
1251 921 1321 950 eos,
1337 913 1393 953 qui
1412 912 1617 952 singularem
1632 911 1691 943 ali·

993 973 1091 1003 quam
1108 969 1216 994 artem
1232 967 1407 995 exercent.
1445 964 1584 995 Curtius
1608 973 1638 994 v.
1659 966 1691 994 1.

991 1016 1044 1043 22.
1080 1015 1088 1030 ‘
1109 1013 1194 1045 Post
1217 1014 1275 1044 hos
1302 1013 1463 1052 Chald-cri,
1492 1012 1694 1053 Babylonio·

992 1073 1133 1104 rumque
1154 1073 1220 1095 non
1247 1068 1341 1095 vates
1369 1064 1481 1103 modo,
1504 1063 1563 1095 sed
1590 1063 1693 1094 etiam

991 1113 1127 1153 artifices
1141 1123 1216 1144 cum
1230 1113 1352 1144 fidibus
1366 1114 1416 1144 sui
1430 1114 1564 1154 generis
1579 1113 1694 1152 ibant}

993 1163 1049 1194 ubi
1079 1163 1229 1194 Musicos
1258 1164 1425 1204 designari
1463 1163 1691 1195 manifestum.

993 1212 1090 1244 Idem
1115 1222 1163 1243 υ.
1186 1216 1216 1244 2.
1234 1216 1266 1244 5.
1299 1214 1437 1255 artifices
1463 1223 1523 1254 pro
1549 1213 1694 1244 cantori-

994 1262 1056 1293 bus
1088 1263 1212 1302 posuit.
1256 1263 1341 1293 Mihi
1372 1269 1496 1302 tamen,
1523 1263 1566 1293 ob
1597 1272 1694 1294 usum

994 1311 1149 1350 Caesaris,
1165 1312 1271 1351 magis
1290 1311 1419 1343 arridet
1432 1313 1569 1352 vulgata
1582 1312 1696 1343 lectio.

993 1361 1050 1392 Sic
1074 1362 1113 1391 B.
1130 1361 1172 1392 G.
1192 1370 1257 1392 vu.
1273 1364 1326 1392 29.
1352 1363 1361 1378 ‘
1378 1362 1456 1392 Non
1484 1363 1612 1392 virtute
1639 1370 1697 1392 ne-

996 1421 1062 1453 que
1084 1412 1155 1443 acie
1182 1413 1307 1444 vicisse
1330 1413 1512 1453 Romanos,
1537 1412 1596 1445 sed
1619 1413 1697 1444 arti—

985 1462 1065 1504 ficio
1091 1462 1237 1503 quodam
1256 1467 1292 1494 et
1308 1463 1449 1494 scientia
1476 1463 1700 1504 oppugnatio-

995 1512 1068 1544 nis.'
1102 1514 1147 1543 Et
1173 1513 1214 1544 13.
1233 1514 1271 1544 C.
1296 1522 1336 1545 11.
1352 1516 1383 1544 6.
1407 1517 1415 1530 ‘
1433 1513 1613 1545 artificium
1640 1523 1699 1554 gu·

997 1562 1226 1594 bernatorum'
1257 1563 1357 1595 dixit.
1401 1564 1517 1595 Dacis,
1557 1564 1698 1605 Artificis

997 1614 1081 1643 Mss.
1099 1612 1214 1644 Ursini
1229 1617 1264 1644 et
1280 1614 1346 1644 mei
1371 1614 1523 1655 plerique
1545 1623 1605 1654 pro
1620 1613 1698 1644 arti-

987 1663 1087 1704 ficiis.
1122 1663 1234 1695 Recte
1251 1665 1386 1695 omnino
1402 1665 1449 1695 ita
1472 1664 1582 1695 edidit
1596 1664 1701 1696 Scali-

999 1723 1070 1753 ger,
1095 1723 1171 1744 cum
1200 1714 1301 1754 vulgo
1328 1714 1533 1746 exhiberent
1559 1714 1700 1757 artificii.

997 1764 1145 1805 Artisica)
1157 1765 1241 1796 Cod.
1260 1764 1402 1797 Hotom.
1418 1770 1452 1796 et
1475 1765 1553 1797 Ald.
1569 1766 1699 1798 Lucan.

999 1823 1055 1845 ιιι.
1071 1818 1144 1846 500.
1169 1817 1178 1832 ⁴
1195 1814 1338 1846 Artibus
1364 1820 1400 1847 et
1430 1821 1542 1847 certas
1567 1815 1702 1857 pelagi!

1001 1865 1046 1895 Et
1075 1865 1121 1895 ita
1148 1875 1238 1905 sa‘pe
1265 1866 1308 1896 de
1340 1866 1465 1906 peritia
1491 1865 1701 1906 gubernandi

1000 1924 1131 1945 navem.
1156 1915 1244 1945 Vide
1261 1916 1437 1947 Drakenb.
1455 1917 1496 1947 ad
1513 1916 1631 1947 Silium
1650 1926 1700 1948 lv.

1000 1967 1073 1995 715.
1101 1966 1111 1981 ‘
1129 1970 1267 2005 pontum
1298 1969 1444 1997 tractare
1478 1975 1540 2007 per
1570 1966 1702 1998 artem.’

1003 2015 1181 2055 Arrisit-ium
1197 2015 1243 2046 ita
1266 2016 1384 2047 viribus
1404 2016 1546 2057 obponit
1566 2017 1702 2048 Hirtius

1003 2064 1044 2095 B.
1063 2063 1171 2095 At'ric.
1189 2074 1219 2095 c.
1238 2067 1289 2096 14.

1046 2118 1085 2146 21
1101 2115 1260 2146 [mereunt
1273 2117 1391 2157 novem]
1406 2116 1528 2148 Rarius
1544 2122 1581 2149 ut
1597 2118 1703 2150 inter-

1003 2166 1053 2196 ire
1076 2166 1137 2197 hoc
1165 2166 1265 2196 modo
1294 2171 1500 2207 usurpetur:
1543 2168 1592 2199 sic
1617 2167 1705 2199 infra

1004 2216 1026 2247 l.
1056 2225 1097 2247 11.
1129 2216 1228 2257 hujus
1262 2216 1360 2248 belli:
1406 2218 1486 2249 ‘Ita
1523 2219 1705 2249 multorum

1004 2267 1171 2298 mensium
1193 2267 1300 2306 labor,
1317 2268 1464 2299 hostium
1493 2268 1646 2309 perfidia,
1670 2273 1707 2300 et

1007 2319 1038 2349 vi
1068 2319 1295 2359 tempestatis,
1320 2326 1446 2359 puncto
1471 2319 1632 2359 temporis
1657 2318 1706 2349 in-

1005 2368 1123 2399 teriit)
1156 2368 1289 2400 Vossius.
1325 2369 1588 2409 Deprimuntur.
1623 2368 1707 2399 Pro-

1007 2419 1080 2458 prie
1105 2422 1219 2450 autem
1242 2419 1372 2450 interire
1399 2419 1557 2450 dicuntur
1581 2418 1708 2449 anima-

1005 2469 1072 2505 lia;
1100 2469 1177 2500 hinc
1201 2469 1243 2500 ad
1271 2479 1324 2501 res
1352 2469 1515 2500 inanimas
1541 2468 1634 2499 facta
1655 2473 1708 2498 est

1006 2519 1195 2550 translatio.
1229 2520 1285 2551 Sic
1307 2521 1347 2551 B.
1365 2520 1408 2551 G.
1427 2528 1482 2550 ιιι.
1498 2521 1552 2550 27.
1569 2520 1578 2535 ‘
1595 2519 1708 2550 Naves

1008 2571 1156 2602 Rhodias
1170 2571 1303 2611 afflixit,
1326 2572 1375 2603 ita
1398 2575 1434 2601 ut
1458 2571 1499 2601 ad
1516 2580 1616 2601 unam
1632 2579 1711 2602 con-

1007 2625 1126 2652 stratae
1142 2631 1258 2652 omnes
1281 2629 1418 2651 numero
1444 2628 1519 2650 xm.
1542 2620 1711 2651 elideren-

1008 2676 1077 2710 tur,
1091 2679 1128 2702 et
1154 2670 1330 2711 naufragio
1353 2670 1539 2701 interirent!
1576 2670 1710 2702 Hirtius

1008 2721 1097 2752 Bell.
1125 2721 1226 2752 Alex.
1253 2731 1284 2753 c·
1313 2723 1366 2751 21.
1401 2721 1410 2736 ‘
1428 2720 1611 2761 Navigium
1637 2720 1711 2761 qui·

1005 2772 1084 2805 dem
1107 2775 1180 2812 ejus
1202 2771 1419 2804 multitudine
1438 2771 1635 2812 depressum
1646 2771 1710 2803 mi-
