1818 3131
259 214 371 259 1072

254 320 391 363 quidem
420 323 583 361 repetunt
607 318 881 360 praepositionem
907 321 957 352 ad.

256 374 420 405 Lacessere
435 380 572 411 pugnam
587 371 724 411 elegans
747 375 799 402 est
818 371 958 408 locutio,

253 423 297 454 de
315 432 377 463 qua
395 422 448 461 egi
475 420 516 451 ad
544 421 672 452 Lucan.
689 428 745 451 ιιι.
764 422 839 451 553.
862 421 872 437 ‘
890 421 956 451 Sed

254 472 367 504 Graiis
392 469 520 501 habiles
546 479 761 511 pugnamque
789 471 956 501 lacessere

253 521 377 562 pinus!
405 522 447 552 Et
465 521 514 552 ita
531 521 597 552 Ms.
612 521 744 552 Taurin.
762 520 851 561 apud
868 522 956 552 Stat.

254 578 306 602 ΣΙ.
332 574 404 602 158.
428 572 437 588 ‘
454 571 652 611 privamque
679 571 846 601 lacessere
873 580 957 610 pug-

254 623 355 652 nam.’
400 620 492 651 Alibi
511 625 628 652 noster
643 620 726 652 dicit
742 621 751 637 ‘
769 629 957 651 eommove-

253 679 292 702 re
313 671 487 712 proelium'
508 680 532 702 1.
560 673 613 702 23.
638 680 678 701 ac
705 671 714 688 ‘
733 671 842 711 proelii
867 670 957 701 solli—

253 721 454 754 citationes'
485 730 523 753 n.
554 724 585 752 8.
611 721 735 762 quibus
768 721 850 751 locis
879 720 955 750 vide

253 772 362 812 plura.
410 772 587 811 Deinceps
602 771 740 803 Juliano
756 772 844 810 stylo
861 780 956 809 egre-

253 823 308 861 gie
319 822 476 853 convenit
491 820 740 861 praepositionis
754 821 954 860 geminati03

253 872 295 902 de
312 881 377 912 qna
394 871 448 901 adi
476 871 518 901 ad
535 880 559 901 1.
575 873 627 901 44.
659 874 695 901 et
710 878 766 902 ιη.
790 874 818 901 l.
852 880 885 902 v.
901 874 953 902 31.

252 922 285 951 in
298 920 321 952 f.
337 929 400 952 vu.
416 923 468 951 32.

261 995 263 999 .
296 977 409 1002 xxxv.
426 974 446 1002 2
484 971 527 1002 Ut
542 971 584 1011 si]
621 971 785 1011 Bongars.
813 971 955 1012 primus,

250 1022 347 1053 Voss.
372 1022 470 1062 prim.
501 1021 619 1052 Petav.
640 1022 766 1052 Lovan.
784 1022 953 1061 Egmund.

252 1071 378 1113 aliique
393 1080 452 1102 sex
469 1080 545 1102 cum
559 1071 623 1102 Ed.
638 1072 778 1102 Incerta
793 1075 835 1103 et.
875 1073 955 1103 For-

254 1131 312 1153 san
329 1130 394 1152 non
410 1122 509 1153 male.
556 1121 644 1152 Vide
661 1122 702 1152 ad
719 1131 760 1152 11.
778 1124 830 1151 10.
845 1122 853 1138 ‘
870 1122 958 1152 Con·

251 1172 439 1203 ,stituerunt
470 1172 636 1211 optimum
669 1171 769 1211 esse‚’
800 1173 863 1202 ὄις.
893 1172 956 1203 ‘et

254 1222 499 1254 convenirent!

295 1275 314 1303 3
340 1272 471 1313 Equites
486 1272 613 1303 circiter
638 1272 732 1312 xxx]
766 1272 953 1304 Hotoman-

252 1332 314 1354 nus
331 1322 377 1353 ait
399 1330 474 1362 ccc,
499 1327 534 1353 et
551 1331 700 1353 errorem
716 1323 827 1353 credit
843 1328 954 1353 ortum

252 1383 294 1404 ex
311 1376 387 1412 300,
416 1382 476 1413 pro
502 1382 567 1413 quo
591 1372 748 1403 librarius
773 1372 955 1412 scripserit

253 1423 306 1454 20.
350 1423 418 1454 Sed
447 1432 513 1453 nou
543 1422 691 1453 arbitror
718 1423 828 1463 ipsum
846 1423 954 1454 Hoto-

250 1481 408 1504 mannum
425 1477 563 1513 putasse
591 1473 624 1503 in
641 1473 708 1504 ullo
730 1473 872 1513 alicujus
897 1483 953 1503 au-

251 1523 400 1555 toritatis
415 1523 468 1553 vel
494 1523 706 1564 antiquitatis
723 1523 841 1555 codice
867 1524 953 1554 tales

252 1581 468 1604 numerorum
497 1576 595 1604 notas
612 1572 767 1612 reperiri,
794 1573 952 1613 qualibus

251 1623 353 1664 vulgo
380 1624 516 1654 utimur.
563 1623 685 1655 Nullus
711 1623 797 1654 adeo
819 1623 954 1663 imperi-

251 1679 319 1712 tus,
344 1673 400 1714 qui
417 1674 550 1704 nesciat
563 1677 660 1703 notas
676 1682 731 1703 eas
745 1681 765 1702 a
781 1672 904 1703 Gothis
918 1676 954 1703 et

250 1722 413 1754 Vandalis
429 1721 463 1752 in
486 1721 687 1762 Hispaniam
704 1721 827 1752 illatas.
877 1721 952 1752 Vos-

251 1773 325 1805 sius.
370 1772 538 1804 Memoria
563 1773 678 1812 lapsus
701 1777 755 1802 est
771 1772 823 1802 vir
838 1771 953 1802 erudi-

254 1829 328 1854 tus:
355 1822 499 1862 Hispani
526 1821 615 1852 enim
642 1830 710 1851 non
737 1830 757 1850 a
776 1820 896 1851 Gothis
917 1826 951 1851 et

250 1872 427 1910 Vandalis,
468 1871 525 1902 sed
565 1880 585 1900 a
621 1869 751 1900 Mauris
789 1869 950 1900 barbaras

250 1924 349 1954 hasce
386 1930 602 1952 numerorum
639 1924 737 1950 notas
775 1920 950 1959 accepisse

251 1973 422 2004 dicuntur.
467 1970 555 2001 Vide
572 1970 644 2002 JoS.
659 1970 822 2011 Scaligeri
840 1970 950 2010 Epist.

252 2031 403 2054 ccxxiii.
421 2028 455 2058 p.
471 2023 546 2051 435.
563 2020 617 2051 ed.
634 2019 790 2051 Francof.
807 2024 843 2051 et
857 2020 900 2052 G.
914 2020 949 2052 J.

253 2072 407 2103 Vossium
424 2071 465 2102 de
480 2071 620 2110 {Scienn
647 2069 756 2101 Math.
775 2079 805 2100 c.
827 2073 858 2101 8.
885 2071 949 2110 §a

252 2127 285 2153 et
302 2125 333 2153 7.
388 2122 435 2153 Is.
463 2126 577 2152 tamen
605 2120 743 2151 Vossius
773 2120 817 2150 ad
846 2120 950 2152 Melae

251 2183 274 2203 r.
300 2175 351 2204 12.
381 2171 484 2203 docet
502 2170 602 2202 cifras
630 2170 704 2209 has,
732 2170 852 2210 quibus
875 2171 949 2210 jam

254 2223 390 2262 utimur,
417 2230 481 2252 non
511 2221 551 2252 ab
569 2220 663 2252 Indis
692 2224 751 2251 aut
777 2219 948 2252 Arabibus

251 2272 399 2313 fluxisse,
424 2272 483 2304 sed
501 2271 742 2313 antiquissimis
765 2275 801 2302 et
831 2272 950 2302 Roma-

251 2324 303 2354 nis
327 2320 432 2354 fuisse
455 2323 622 2363 cognitas.
667 2322 851 2362 Utcunque
867 2331 948 2353 vero

251 2375 323 2405 hoee
337 2384 389 2405 res
404 2383 439 2405 se
454 2374 592 2412 habeat,
607 2381 673 2403 non
689 2373 881 2403 necessaria
897 2378 949 2404 est

252 2423 462 2455 Hotomauui
492 2423 702 2463 conjectura,
741 2427 779 2452 ut
805 2427 949 2463 apparet

251 2482 293 2503 ex
311 2473 417 2505 Hirtii
436 2474 475 2503 B.
489 2471 595 2503 Afric.
616 2482 644 2503 c.
659 2474 691 2503 6.
737 2473 847 2503 Daris.

260 2536 265 2541 ’
293 2525 314 2553 9
336 2522 494 2564 AEdificiis
506 2523 642 2563 adflictis
652 2522 854 2563 incensisque]
867 2524 896 2553 V
901 2525 948 2554 ul-

252 2583 294 2615 ἕο
324 2573 468 2615 ‹edific-iis
494 2573 642 2603 incensis.-
666 2573 725 2603 sed
755 2573 947 2613 lectionem,

253 2632 352 2664 quam
367 2623 588 2663 exhibuimus,
610 2623 643 2652 in
669 2623 797 2654 Codice
813 2623 948 2656 Andino

252 2674 383 2715 reperit
399 2674 450 2704 vir
464 2683 611 2705 summus
628 2673 661 2705 J.
686 2673 724 2704 F.
742 2674 948 2715 Gronovius,

253 2733 393 2765 eamque
419 2722 571 2765 pluribus
597 2722 775 2755 confirmat
795 2724 879 2756 Obs.
898 2734 947 2756 ιν.

254 2778 283 2804 θ’.
302 2784 334 2814 p.
351 2778 424 2806 110.
440 2783 512 2816 seq.
548 2773 648 2806 Mem.
692 2775 794 2806 Errat
810 2775 861 2807 Cl.
878 2777 946 2808 Da-

714 225 856 256 NO'l'AE
890 224 1154 257 VARIORUM
1187 225 1238 256 IN

1008 320 1126 360 visius,
1146 324 1182 351 et
1198 330 1272 351 eum
1290 330 1331 351 eo
1346 320 1511 359 Clarkius,
1536 325 1709 364 putantes,

1008 379 1164 411 magnum
1182 370 1392 401 Gronovium
1411 380 1453 401 ex
1471 371 1553 402 Mss.
1573 372 1708 404 Andino

1008 421 1122 461 legere
1154 423 1162 437 ‘
1182 420 1333 451 aedifwiis
1374 420 1521 452 adflictis
1551 423 1711 454 incensis-

1008 470 1096 509 que.'
1142 470 1381 511 Nequaquam,
1408 471 1466 501 sod
1490 481 1550 511 pro
1566 470 1709 513 oedtficn‘r‘ae

1007 521 1138 551 incensis
1154 522 1185 551 in
1202 522 1259 552 illo
1273 522 1403 553 invenit
1427 528 1463 553 et
1480 523 1637 562 probavit
1652 531 1711 563 op-

1009 570 1089 601 time
1105 571 1242 612 adflictis
1262 571 1451 612 incensisque
1476 573 1547 603 scil.
1571 572 1711 604 omnibus

1009 624 1074 650 tam
1093 620 1185 658 vicis,
1211 626 1247 651 et
1262 620 1453 657 frumentis,
1483 632 1582 662 quam
1607 623 1711 654 aedifi-

1008 670 1083 707 ciis,
1111 674 1149 700 ut
1166 670 1246 700 alibi
1260 671 1384 710 saepius
1413 673 1563 712 loquitur
1579 677 1710 704 auctor.

1008 721 1169 759 Consule,
1184 729 1311 761 quaiso,
1329 721 1513 752 Observat.
1531 723 1625 762 ejus:
1651 733 1709 754 ne·

1007 780 1071 811 que
1090 771 1191 802 aliter
1208 776 1315 802 restat
1334 772 1365 801 in
1380 771 1585 802 Oxoniensi:
1605 781 1709 813 quare

1007 820 1119 850 delevi
1135 819 1172 850 τὸ
1188 821 1342 862 oedificiis,
1357 831 1430 861 qua>
1445 830 1508 852 vox
1525 831 1586 861 pro
1598 822 1710 853 altera

1005 871 1140 911 adflictis
1157 872 1188 901 in
1206 872 1367 911 plurimos
1380 872 1461 903 Mss.
1474 872 1628 912 inrepsit.
1651 873 1709 904 De

1006 921 1109 951 verbo
1124 921 1275 962 adfligere
1292 931 1332 952 eo
1350 930 1448 951 sensu
1465 931 1527 961 pro
1543 925 1711 962 sternere,

1006 976 1174 1010 evertere,
1199 973 1299 1011 plura
1336 971 1412 1002 vide
1455 972 1545 1012 apud
1589 972 1708 1003 Celeb.

1008 1021 1184 1054 Drakenb.
1211 1022 1253 1052 ad
1278 1022 1396 1052 Silium
1416 1031 1439 1052 1.
1456 1024 1530 1053 074.
1568 1022 1609 1052 Β.
1633 1022 1710 1053 Civ.

1004 1080 1058 1102 111.
1086 1074 1136 1102 27.
1175 1073 1391 1112 ‘tempestas
1419 1070 1552 1102 aduixit
1581 1071 1708 1103 naves.'

1003 1121 1012 1137 ‘
1031 1120 1181 1152 Adflicta
1208 1121 1297 1152 urbs’
1332 1131 1393 1162 pro
1421 1130 1541 1152 eversa
1567 1121 1706 1153 Valerio

1003 1171 1154 1202 Maximo
1170 1181 1203 1202 v.
1222 1175 1249 1202 l.
1268 1173 1283 1212 ξ
1300 1175 1329 1203 4.

1046 1229 1177 1252 xxxw.
1195 1226 1213 1252 5
1240 1222 1349 1253 Hiemi
1377 1223 1610 1261 navigationem
1639 1222 1708 1253 sub·

993 1271 1181 1312 jiciendum]
1198 1271 1237 1302 In
1256 1272 1426 1313 plerisque
1443 1273 1550 1304 Codri.
1565 1272 1706 1303 ‘hiemis

1001 1322 1234 1360 navigationem
1247 1322 1477 1353 subeundam!
1514 1323 1581 1354 Sed
1599 1322 1710 1354 verior

1003 1375 1058 1402 est
1075 1371 1214 1412 vulgata
1241 1373 1356 1403 lectio.
1383 1373 1492 1403 Clark.
1536 1373 1594 1403 Sic
1611 1377 1707 1404 recte

1004 1421 1148 1452 Ursinus
1166 1426 1202 1452 et
1219 1422 1456 1453 Hotomannus
1473 1431 1491 1452 e
1513 1422 1579 1452 suis
1596 1422 1706 1453 Codd.

1003 1471 1230 1503 restituerunt
1250 1482 1259 1510 ;
1301 1472 1409 1513 iisque
1455 1470 1709 1512 adstipulantur

1002 1522 1069 1552 mei
1086 1528 1214 1562 praeter
1239 1522 1369 1563 aliquot
1386 1521 1608 1553 recentiores.
1651 1522 1707 1553 Ita

1002 1572 1089 1602 enim
1107 1572 1271 1603 exhibent
1286 1572 1400 1612 anac.
1420 1572 1585 1612 Bougars.
1602 1581 1651 1612 pr.
1671 1577 1706 1603 et

1002 1631 1068 1652 see.
1085 1622 1206 1652 l’etav.
1232 1622 1314 1663 (uisi
1330 1621 1420 1662 quod
1448 1622 1481 1652 iu
1505 1631 1545 1654 eo
1569 1622 1612 1653 sit
1629 1632 1647 1652 a
1662 1632 1706 1654 m.

1002 1680 1054 1711 pr.
1069 1671 1184 1711 hieme)
1201 1671 1326 1705 Audin.
1340 1671 1451 1703 Oxon.
1465 1673 1591 1712 Scalig.
1608 1673 1703 1704 Leid.

1002 1720 1103 1761 prim.
1128 1721 1294 1761 Egmond.
1311 1724 1376 1753 ἄιε.
1404 1723 1444 1753 In
1461 1723 1558 1754 Voss.
1590 1733 1640 1764 pr.
1669 1729 1706 1755 et

1002 1780 1070 1801 sec.
1085 1771 1196 1802 hiemis
1218 1782 1249 1802 n.
1277 1772 1497 1804 subiciendam.
1543 1773 1583 1804 In
1602 1773 1704 1806 tertio

1000 1829 1040 1850 ac
1059 1820 1220 1861 Gottorp.
1238 1821 1333 1852 hiemi
1348 1832 1377 1853 η.
1393 1822 1589 1855 subeundam.

1044 1872 1064 1900 8
1088 1870 1142 1900 Ea:
1165 1870 1228 1910 his]
1276 1872 1360 1903 Mss.
1393 1873 1477 1912 Reg.
1507 1873 1635 1905 Eliens.
1667 1878 1703 1905 et

1000 1919 1125 1958 Vossii‚
1150 1925 1185 1950 et
1211 1920 1304 1951 Edit.
1332 1921 1431 1952 Rom.
1478 1922 1545 1953 Sed
1577 1933 1617 1954 ex
1643 1923 1702 1955 his.

1005 1970 1111 2000 Clark.
1158 1971 1210 2000 Ex
1227 1971 1351 2002 Petav.
1375 1971 1512 2003 Norvie.
1541 1972 1704 2014 Gottorp.

1002 2019 1100 2050 Voss.
1125 2020 1251 2051 Lovan.
1277 2025 1312 2052 et
1329 2021 1495 2061 Egniond.
1523 2021 1598 2062 lege
1617 2026 1624 2040 ⁶
1643 2022 1703 2053 sed

1002 2078 1044 2099 ex
1061 2069 1100 2100 iis
1118 2070 1285 2101 onerariae
1307 2079 1344 2101 ιι.
1362 2071 1513 2111 eosdem,
1531 2081 1613 2112 quos
1630 2072 1705 2103 reli·

1001 2129 1088 2160 quae,
1115 2124 1233 2159 portus
1260 2130 1386 2160 capere
1408 2130 1475 2152 non
1502 2126 1701 2163 potuerunt,

1001 2174 1037 2200 et
1062 2170 1163 2209 paulo
1179 2169 1269 2201 infra
1296 2170 1418 2202 delatae
1444 2171 1542 2202 sunt!
1589 2172 1702 2204 Dam‘s.

1000 2229 1070 2250 eur.
1103 2229 1170 2251 sec.
1228 2220 1288 2251 Uti
1321 2220 1539 2252 scribendum
1565 2231 1608 2253 ex
1636 2222 1705 2254 inis

999 2271 1082 2302 Mss.
1109 2271 1217 2302 voluit
1246 2272 1416 2312 Davisius,
1439 2273 1489 2304 sic
1515 2274 1595 2304 olim
1620 2279 1699 2305 ante

999 2321 1124 2352 Aldum
1140 2320 1205 2352 fuit
1220 2321 1362 2361 editum,
1386 2326 1423 2353 et
1439 2322 1658 2355 confirmatur
1681 2333 1701 2355 a

998 2372 1092 2411 meis,
1118 2373 1146 2402 si
1171 2371 1259 2402 forte
1276 2382 1377 2403 uuum
1403 2373 1590 2405 alterumve
1607 2373 1701 2405 exci-

999 2421 1093 2461 pias:
1117 2422 1218 2453 immo
1245 2426 1280 2453 et
1304 2423 1529 2461 Vascosanus,
1558 2423 1701 2464 Stepha-

1000 2481 1073 2511 nus,
1089 2471 1213 2513 aliiqne
1229 2482 1267 2503 ae
1283 2472 1490 2503 recentiores
1502 2471 1645 2505 Amstel.
1662 2479 1698 2506 et

1000 2522 1154 2563 Lugdun.
1178 2523 1228 2554 ita
1256 2522 1502 2554 exhibuerunt:
1527 2523 1588 2555 nisi
1606 2525 1698 2564 quod

999 2575 1115 2604 eosdem
1126 2573 1425 2614 parnas-junxerint
1440 2572 1563 2604 ultimi.
1588 2573 1696 2605 Aldus

999 2628 1035 2656 et
1050 2624 1170 2665 reliqui
1183 2623 1255 2655 fere
1269 2624 1323 2655 Ex
1337 2623 1387 2654 his
1399 2633 1426 2653 o.
1451 2632 1477 2654 11
1495 2633 1522 2654 e.
1535 2634 1568 2663 p.
1585 2634 1616 2664 q.
1628 2634 1654 2655 r.
1670 2635 1696 2658 c.

997 2685 1030 2706 π.
1043 2685 1078 2715 p.
1100 2674 1174 2715 Sed,
1195 2676 1258 2705 διο.
1305 2674 1462 2705 Ceterum
1480 2684 1540 2714 pro
1556 2676 1694 2716 reliquae,

998 2725 1033 2756 in
1049 2725 1157 2765 Bong.
1183 2734 1234 2765 pr.
1250 2724 1348 2755 Voss.
1364 2734 1416 2764 pr.
1431 2734 1500 2756 sec.
1524 2724 1694 2765 Egmuud»

997 2779 1035 2808 et
1048 2775 1143 2808 Leid.
1161 2779 1240 2808 tert.
1257 2779 1311 2807 est
1325 2774 1447 2816 reliqui.
1493 2776 1541 2808 Ut
1556 2775 1599 2807 ad
1606 2784 1705 2816 nan„
