1883 3121
481 228 570 257 ιιιι.
595 227 624 255 ι.
656 216 852 255 air-40.
886 225 949 255 nu
983 224 1138 255 iii-:nno
1170 222 1342 254 civim.

181 319 346 351 celticam
362 320 516 360 intelligi.
561 319 652 352 Quin
669 321 704 348 et
720 318 882 356 nonnulli,

181 371 237 409 qui
255 370 339 400 lianc
356 370 607 400 distinctionem
624 369 658 399 in
681 368 791 398 animo
815 377 880 397 nou

181 420 384 459 habuerunt,
412 419 629 460 Aquitaniam
655 428 674 448 a
698 418 811 449 Gallia
833 428 882 448 se-

182 475 317 509 parant.
375 470 551 500 Vitruvius
584 478 623 499 ιι.
656 472 685 499 l.
723 470 732 485 ‘
752 470 802 500 Ex
830 469 880 499 his

183 519 284 550 rebus
316 519 460 550 aedificia
488 519 750 559 constituuntur,
780 524 817 550 ut
846 520 880 550 in

180 569 306 608 Gallia,
334 569 514 609 Hispania,
548 569 734 607 Lusitania,
776 569 880 611 Aqui-

179 619 284 656 tania,
312 619 480 650 scandulis
513 619 679 650 robusteis
709 624 766 650 aut
797 625 880 651 stra—

177 668 325 698 mentis.¹
372 669 472 699 Hauc
501 669 603 700 otiam
635 671 796 701 rationem
823 671 880 702 ob-

175 723 313 749 servant
339 718 508 750 int'crioris
537 720 648 751 aetatis
680 721 879 761 scriptores,

178 774 215 799 ut
244 770 375 800 notavit
405 770 484 801 cur.
517 770 684 802 Cellarius
712 771 754 801 ad
782 772 879 802 Sexti

180 819 256 850 Rufi
288 821 443 851 Breviar.
481 831 511 852 c.
540 825 572 852 6.
604 832 638 862 p.
673 825 722 853 14.

180 870 268 900 Hinc
283 880 309 901 ο.
330 880 364 909 g.
380 871 522 901 homines.
568 871 636 902 Sed
664 872 728 902 Ed.
755 873 879 904 Vasco-

177 930 270 951 sana.
315 921 480 961 Scaliger,
502 918 625 962 aliique
650 922 723 954 fere
751 933 879 962 omnee,

174 971 262 1001 Hinc
286 973 396 1012 optimi
418 973 543 1012 generis
566 974 726 1005 hominum
744 985 754 1005 .·
789 975 880 1005 nulla

174 1031 285 1062 neque
300 1024 448 1062 syntaxi,
460 1033 570 1065 neque
583 1034 693 1055 sensu.
717 1025 878 1057 Ceterum

176 1080 253 1101 cum
280 1082 396 1103 omnes
426 1074 510 1104 Mss.
536 1074 686 1105 habeant
712 1075 880 1115 hominum,

174 1129 239 1151 non
256 1121 403 1161 homines,
425 1128 460 1153 et
478 1133 538 1163 pro
553 1124 626 1154 hinc
642 1126 791 1155 nonnulli
808 1126 880 1156 huic

175 1170 229 1202 vel
246 1171 315 1210 huc,
336 1172 470 1204 omnino
487 1183 561 1204 cum
581 1174 791 1206 Doctissinio
809 1177 878 1207 Da-

170 1220 258 1251 visio
274 1222 504 1262 reponendum
522 1224 682 1255 existimo
703 1226 802 1256 adhuc
825 1236 878 1266 op-

173 1271 247 1301 timi
266 1272 391 1310 generis
404 1273 560 1303 hominum
573 1282 614 1312 Μ,
628 1274 759 1306 scilicet
784 1277 878 1307 mille.

173 1321 286 1352 Facile
311 1322 400 1353 enim
416 1323 577 1354 excidere
602 1325 716 1363 potuit
732 1325 832 1356 litera
849 1335 877 1356 M

173 1376 251 1412 post
274 1381 390 1403 vocem
414 1373 583 1404 hominum.
629 1374 722 1405 Dein
745 1375 875 1415 optime

172 1431 291 1453 vocem
316 1426 476 1463 postquam
494 1433 536 1454 ex
554 1423 662 1455 Codd.
686 1425 820 1456 Carrar.
843 1430 878 1457 et

172 1472 290 1503 Ursini
303 1472 489 1513 (repetitur
505 1474 607 1505 etiam
623 1475 656 1504 in
671 1475 737 1505 Ms.
753 1475 877 1516 Regio)

172 1523 420 1554 restituendam
448 1524 532 1555 vidit
562 1525 743 1563 Davisius;
778 1536 877 1566 quam

171 1581 294 1614 magno
332 1583 407 1605 cum
445 1576 627 1606 sententiae
671 1576 877 1607 detrimento

173 1623 355 1654 omiserant
382 1623 448 1655 alii.
488 1625 596 1655 Clark.
666 1625 782 1656 Primo
814 1636 876 1666 pro

171 1673 242 1703 hinc
259 1673 293 1704 in
310 1674 409 1704 Carr.
427 1675 518 1715 legas
533 1677 572 1705 ud
587 1685 619 1706 se
635 1676 716 1715 hinc,
731 1677 764 1706 in
782 1677 876 1708 Leid.

172 1733 242 1755 sec.
265 1725 305 1754 ud
321 1734 353 1755 se
367 1725 449 1756 huic.
497 1725 583 1756 Huic
607 1731 659 1757 est
684 1737 817 1767 quoque
842 1727 876 1757 in

170 1774 295 1814 Scalig.
324 1779 359 1806 et
386 1776 513 1807 Lovan.
561 1777 619 1807 Nil
650 1782 768 1808 muto:
799 1787 876 1808 nam

171 1832 287 1859 sensus
303 1824 421 1855 eodem
439 1826 541 1857 redit.
588 1827 740 1858 Homines
761 1833 875 1858 autem

170 1874 354 1906 ediderunt
378 1885 509 1917 quoque
533 1877 666 1916 strada,
692 1878 733 1908 R.
755 1879 873 1918 Steph.

169 1923 302 1964 Gryph.
327 1931 412 1964 post.
459 1925 560 1958 Quod
588 1927 615 1956 si
641 1927 674 1957 in
699 1928 799 1958 Mstis
824 1937 875 1958 re-

169 1974 354 2015 periretur,
382 1975 483 2007 facile
509 1976 736 2008 admitterem.
783 1977 874 2008 Alio-

170 2025 248 2065 quin
262 2035 362 2065 genus
376 2027 532 2058 hominum
547 2032 582 2058 et
599 2027 680 2058 alibi
695 2028 781 2059 dicit
799 2038 875 2059 auc·

168 2079 231 2106 tor.
278 2076 366 2107 vide
391 2077 434 2107 ad
451 2078 491 2107 B.
511 2078 554 2108 G.
585 2086 634 2107 iv.
661 2080 695 2111 ,3.
726 2078 874 2108 Omnium

168 2126 269 2157 Voss.
316 2127 394 2157 Non
412 2127 571 2167 displicet
591 2127 724 2158 Davisii
741 2128 876 2167 conjec-

168 2181 248 2206 tura
263 2181 301 2208 ut
318 2186 349 2207 c.
366 2180 417 2208 51.
466 2177 618 2217 cujusque
637 2178 763 2216 generis
777 2178 873 2208 homi-

166 2235 241 2256 num
265 2226 363 2257 millia
393 2235 455 2265 v1;
489 2227 551 2257 nisi
575 2228 669 2257 malis
690 2227 751 2258 ἀπὸ
773 2229 875 2258 κοινοῦ

170 2285 284 2307 rursus
299 2277 552 2317 subintelligere
569 2277 745 2315 fortissimo
760 2288 874 2318 quoque

166 2326 275 2366 optimi
287 2327 412 2365 generis
427 2327 585 2358 hominum
600 2331 734 2358 evocato.
771 2328 875 2360 Quid-

167 2376 250 2418 quid
279 2378 336 2415 sit,
364 2378 397 2407 in
428 2383 525 2408 textu
556 2378 639 2410 nibil
665 2379 872 2418 interpolare

167 2437 265 2459 ausus
283 2438 378 2465 sum;
405 2437 447 2458 ne
463 2428 600 2469 quidem
625 2428 772 2468 adjicere
797 2438 872 2459 cum

167 2480 303 2511 Clarkio
343 2481 433 2511 istud
471 2484 659 2520 postquam5
696 2481 778 2512 licet
809 2491 872 2521 ego

168 2539 303 2571 quoque
320 2530 507 2561 invenerim
525 2530 558 2560 in
576 2531 685 2570 Bong.
714 2535 750 2560 et
773 2531 870 2561 Leid.

169 2589 252 2617 sec.‚
278 2580 339 2611 sed
363 2580 599 2612 recentissimis
618 2579 813 2619 Codicibus,
837 2585 872 2611 et

165 2629 254 2661 Edu.
272 2631 424 2662 Florent.
443 2641 481 2662 ac
499 2630 669 2661 Beroaldi.
716 2630 804 2661 Nam
828 2629 870 2661 de

165 2678 280 2709 Ursini
304 2680 432 2711 Codice
458 2681 546 2722 quod
573 2681 680 2719 aiunt,
705 2679 870 2711 falluntur

164 2727 230 2759 viri
245 2728 351 2761 docti.
398 2731 453 2761 Ex
472 2731 572 2761 variis
597 2731 698 2762 Bruti
718 2730 871 2762 lectioni-

166 2777 228 2812 bus
256 2778 381 2812 litterae
408 2781 449 2815 F.
480 2779 640 2814 fecerunt
671 2781 759 2815 Fulv.
791 2790 868 2814 cum

767 823 879 854 Duris.

1520 213 1632 257 1:369

934 318 1132 359 indigitetur
1162 319 1227 351 Ed.
1259 317 1466 351 florentina.
1511 317 1631 350 Potius

933 369 1139 400 eredendum
1158 370 1309 401 Grutero
1326 368 1534 409 conjectanti
1551 368 1632 399 olim

932 417 1036 448 fuisse
1051 419 1181 451 Audito.
1226 419 1313 450 Vide
1328 419 1369 449 ad
1387 427 1454 450 vn.
1468 419 1522 448 52.
1544 419 1554 434 ‘
1567 418 1634 448 Ex-

933 469 1067 508 posito‚'
1085 471 1150 500 ὅτε.
1196 470 1335 500 Curtius
1348 478 1381 500 v.
1396 472 1446 500 1³.
1471 470 1480 485 ‘
1494 467 1635 508 Audito,

936 519 1077 557 Darium
1101 519 1271 549 movisse!
1318 519 1467 550 Conium
1492 518 1534 550 ad
1562 518 1633 549 Sal-

932 570 1008 601 lust.
1027 570 1156 602 Hister.
1181 571 1202 600 l.
1221 580 1254 601 v.
1279 569 1445 609 ‘Audito‚
1470 572 1514 603 Q.
1540 571 1632 602 Mar-

932 619 1021 650 cium
1047 619 1178 659 Regem
1203 630 1276 651 cum
1303 629 1347 651 ιιι
1376 621 1565 662 legionibus
1597 622 1631 651 in

931 670 1086 701 Ciciliam
1103 670 1244 701 tendere
1259 670 1280 700 :’
1296 675 1332 702 et
1346 671 1541 711 saepissime.
1568 671 1633 702 Po-

933 726 1001 752 test
1017 727 1051 752 et
1067 721 1235 753 excidisse
1250 722 1343 752 simul
1357 731 1418 762 pro
1433 723 1523 753 simul
1537 733 1572 753 ac
1589 721 1632 753 ob

932 771 1171 811 repetitionem
1187 771 1361 813 sequentis
1374 771 1477 802 simul.

977 825 1013 852 15
1038 821 1191 862 Pignore]
1213 823 1390 853 Lovan.et
1404 822 1549 853 Dorvill.
1564 824 1633 862 pig-

931 881 1011 902 nere.
1059 872 1106 903 Ut
1133 873 1262 903 malunt
1293 872 1365 903 fere
1396 872 1522 914 ubique
1552 874 1632 904 scri-

932 921 1010 952 bere
1026 922 1160 962 quidam
1178 923 1237 952 viii
1255 923 1360 962 docti,
1373 923 1452 964 quia
1466 923 1546 955 hinc
1561 933 1634 954 ver-

933 971 1011 1002 bum
1025 973 1155 1013 pignero
1171 979 1206 1004 et
1219 973 1378 1013 pigneror.
1413 974 1500 1005 Vide
1517 974 1633 1006 Gifan.

932 1022 1008 1053 Ind.
1036 1024 1176 1055 Lucret.
1206 1025 1248 1055 V.
1276 1024 1426 1063 Por-gere.
1472 1024 1633 1056 Munker.

930 1072 971 1102 ad
998 1073 1155 1113 Fulgent.
1182 1083 1214 1113 p.
1241 1075 1293 1103 02.
1339 1073 1506 1104 Priscian.
1533 1074 1555 1104 l.
1581 1083 1632 1104 vi.

931 1124 1054 1161 p.·721.
1078 1122 1135 1152 ubi
1157 1132 1175 1153 e
1197 1123 1355 1154 Juvenaii
1377 1123 1462 1153 citat
1485 1123 1633 1162 pignera,

929 1181 947 1202 e
967 1172 1102 1202 Lucano
1119 1173 1265 1211 pignora,
1280 1177 1317 1203 ut
1334 1172 1491 1203 ostendat
1508 1178 1635 1203 utrum-

929 1230 993 1261 que
1025 1221 1103 1251 dici.
1158 1221 1384 1252 Nihilominus
1414 1222 1464 1252 Cl.
1499 1221 1635 1253 Cottius

926 1271 1058 1310 pignera
1074 1271 1182 1302 edidit
1199 1271 1247 1302 ibi
1269 1272 1290 1301 l.
1308 1280 1350 1302 ιι.
1367 1281 1415 1302 vs.
1433 1274 1506 1302 370.
1534 1278 1568 1303 et
1587 1273 1636 1303 ita

928 1323 1091 1353 scribitur
1116 1323 1150 1353 in
1173 1323 1273 1353 Voss.
1297 1322 1459 1353 secundo.
1505 1323 1633 1354 Eadem

929 1371 1074 1402 varietas
1103 1381 1157 1403 111.
1186 1374 1261 1402 473.
1288 1373 1352 1402 &c-
1398 1371 1491 1402 Alibi
1522 1376 1634 1403 tamen

929 1426 966 1451 ut
991 1430 1015 1451 1.
1041 1424 1113 1452 110.
1138 1429 1218 1451 vlu.
1242 1423 1317 1451 405.
1345 1422 1409 1451 ἃς.
1435 1420 1524 1451 idem
1551 1422 1632 1452 reti-

928 1476 988 1502 net
1009 1472 1155 1511 pignora.
1200 1470 1267 1501 Sed
1292 1475 1327 1501 et
1351 1471 1486 1510 pignera
1512 1476 1631 1502 contra

928 1522 1091 1561 optimum
1112 1521 1238 1552 Medic.
1256 1525 1291 1551 et
1315 1522 1395 1551 alios
1424 1520 1532 1551 Codd.
1560 1521 1629 1552 edi-

927 1572 979 1603 dit
1009 1573 1042 1602 in
1066 1572 1156 1603 Plin.
1181 1573 1246 1612 Ep.
1272 1581 1296 1603 1.
1337 1575 1386 1603 12.
1410 1573 1473 1612 §3.
1493 1573 1629 1612 pignera

928 1622 1030 1653 etiam
1055 1622 1195 1653 exhibet
1219 1622 1270 1654 Ci.
1298 1622 1478 1653 Drakenb.
1504 1631 1546 1653 ex
1572 1623 1630 1653 ali-

928 1677 1011 1713 quot
1028 1673 1112 1704 Mss.
1130 1673 1163 1702 in
1181 1672 1252 1703 Liv.
1270 1681 1324 1703 111.
1343 1675 1394 1704 38.

970 1731 1028 1752 xx..
1047 1726 1064 1753 7
1090 1722 1163 1753 Huc
1180 1733 1247 1753 cum
1267 1723 1447 1763 quotidiana
1470 1727 1628 1753 consuetu-

925 1773 997 1802 dine
1025 1782 1193 1811 congressoe
1217 1772 1450 1812 pabuiutoribus
1481 1773 1628 1812 praesidio

922 1824 1048 1862 proprio
1064 1822 1214 1862 legiones]
1250 1824 1304 1854 Sic
1332 1824 1366 1854 in
1394 1823 1502 1854 tribus
1527 1824 1627 1854 Mstis

925 1873 1061 1913 legitur.
1109 1874 1246 1904 Certum
1266 1878 1376 1904 tamen
1394 1874 1473 1904 mihi
1488 1875 1537 1904 ita
1552 1874 1629 1905 Cae-

927 1932 1035 1954 sarem
1068 1932 1134 1953 non
1165 1923 1353 1963 scripsisse.
1406 1924 1533 1954 Vocem
1559 1933 1627 1954 con-

922 1983 1039 2013 gressae
1069 1973 1232 2014 Scaliger,
1263 1974 1355 2004 velut
1388 1973 1627 2012 inducendam,

925 2024 1020 2054 uncis
1037 2023 1235 2054 incluserat.
1271 2024 1305 2054 Si
1321 2024 1469 2062 digressae
1486 2026 1537 2054 vel
1559 2033 1630 2064 pro-

923 2081 1039 2111 gressoe
1055 2073 1159 2113 legas,
1174 2074 1282 2104 tolero
1297 2082 1384 2104 eam.
1419 2074 1629 2115 Quamquam

924 2131 988 2153 nec
1004 2132 1175 2162 congressae
1190 2123 1288 2162 male,
1305 2133 1366 2163 pro
1390 2124 1486 2154 simul
1514 2134 1628 2165 egres—

924 2183 994 2204 sae:
1019 2174 1103 2204 illud
1129 2175 1268 2214 proprio,
1300 2185 1319 2204 a
1345 2184 1423 2216 quo,
1450 2180 1485 2206 et
1512 2185 1626 2216 quam-

925 2224 1041 2254 obrem
1055 2225 1226 2265 adjectum
1242 2225 1298 2262 sit,
1312 2225 1464 2256 divinare
1481 2235 1625 2266 nequeo.

924 2275 1077 2306 Emendo
1099 2285 1236 2316 propere.
1281 2277 1327 2307 Et
1351 2276 1488 2307 videtui·
1516 2276 1550 2307 id
1578 2277 1626 2307 in-

923 2334 1027 2356 nuere
1037 2326 1165 2365 Caesar,
1178 2336 1253 2357 cum
1264 2326 1311 2356 ait
1323 2327 1522 2357 subsecutos
1533 2332 1625 2367 post-

923 2384 963 2405 ea
978 2375 1120 2416 equiteS.
1166 2378 1252 2406 Sane
1275 2385 1390 2406 sensus
1418 2386 1626 2416 percommo-

923 2424 985 2456 dus
1002 2430 1066 2462 est,
1082 2426 1109 2456 si
1124 2426 1238 2466 legas:
1267 2436 1332 2456 cum
1356 2427 1535 2465 quotidiano
1557 2437 1626 2457 con—

921 2476 1083 2506 suetudine
1105 2485 1274 2515 congressa:
1294 2477 1537 2516 pabulatoribus,
1553 2486 1625 2516 pro-

919 2535 992 2565 pere
1014 2526 1149 2565 legiones
1173 2526 1322 2557 Fubae'anae
1339 2535 1366 2556 11
1382 2525 1503 2566 flumen
1524 2529 1625 2555 trum-

922 2577 1036 2608 issent:
1060 2578 1336 2618 impedimentaque
1359 2581 1391 2608 et
1411 2577 1508 2607 omnis
1541 2578 1623 2617 equi-

921 2630 1005 2658 tatus
1043 2631 1230 2668 sequeretur.
1277 2629 1409 2659 Vossius.
1479 2627 1623 2658 Duabus

922 2678 1059 2709 vocibus
1094 2679 1274 2719 expunctis
1307 2679 1388 2717 legit
1419 2678 1489 2709 Jos.
1519 2679 1624 2711 Scali-

920 2738 992 2769 ger,
1019 2729 1077 2760 huc
1104 2740 1195 2770 quum
1210 2729 1389 2769 quotidiana
1408 2730 1625 2762 consuetudine

914 2779 1146 2821 pabulatoribus
1151 2779 1297 2821 praesi'dio
1305 2778 1439 2819 legiones
1448 2779 1608 2814 ,rVossius
1614 2798 1623 2815 ,
