1872 3115
249 162 335 205 958

249 270 278 310 ἦ.
295 272 327 301 3.
344 271 479 311 reponit
497 271 624 312 perfide.
671 270 736 301 Sed
764 269 853 301 aliud
879 270 950 311 egit

250 321 302 352 vir
317 322 492 352 maximus.
538 324 668 351 Seneca
685 321 726 351 (le
743 320 845 352 Prov.
870 330 901 351 c.
918 324 949 352 3.

248 371 305 402 ubi
336 371 378 402 de
407 372 510 402 Sulla*
539 370 758 401 crudelitate.
811 371 820 388 ‘
840 371 952 402 Multa

248 422 353 453 millia
379 422 502 453 civium
533 422 756 452 Romanorum
784 431 851 453 uno
878 423 950 453 loco

249 477 327 513 post
357 472 470 509 fidem,
501 472 566 502 imo
600 481 660 512 per
699 472 805 512 ipsam
836 471 948 510 tidem,

247 521 440 554 trucidata.'
497 522 657 553 Ceterum
686 522 751 553 Per
787 522 887 564 fidem
916 523 948 553 in

247 573 417 614 colloquio
445 572 683 603 circumveniri
709 573 853 603 dicimus
882 583 949 611 eos,

247 623 315 664 qui,
351 623 395 654 ob
427 622 527 654 fidem
558 623 671 654 datam
700 624 948 664 colloquentes,

246 673 568 704 circumveniuntur.
598 674 705 704 Daris.
745 673 844 705 Adde
862 674 947 705 Gru-

247 727 312 755 ter.
336 724 378 754 ad
397 724 483 754 Livii
502 733 525 754 1.
542 727 573 754 9.
599 726 607 742 ‘
626 734 686 764 per
707 724 758 754 t'as
783 734 822 755 ac
846 723 948 755 fidem

245 774 410 814 decepti.'
435 776 574 806 Cortum
592 775 633 805 ad
650 775 799 804 Sallustii
819 775 948 806 Hister.

244 833 271 857 1.
289 835 322 866 p.
339 829 412 856 950.
438 836 493 865 per
507 826 606 866 fidem
630 826 772 856 violasti:
799 825 887 856 infra
903 826 948 857 le-

243 882 328 916 gunt
345 878 406 907 viri
424 878 515 908 docti
532 887 611 908 vni.
625 880 679 908 48.
697 878 705 894 ⁴
721 876 870 908 Vulnera
887 887 949 918 per

244 926 346 958 fidem
386 927 557 967 inposita)
615 927 683 958 Ubi
720 927 800 958 vide
838 928 948 968 plura.

244 977 336 1008 Male
373 977 488 1018 itaque
516 978 724 1009 Petavianus
761 978 947 1009 Hotomani

243 1028 476 1068 conjecturam
497 1028 614 1069 perfide
630 1027 754 1060 firmat.

286 1080 326 1109 12
354 1078 398 1109 Ut
414 1079 603 1120 diremisset]
626 1079 780 1109 Priorem
794 1079 946 1109 voculam

243 1127 359 1159 addidi
383 1138 425 1160 ex
454 1129 539 1161 Ven.
565 1130 707 1170 aliisque
734 1134 818 1160 vett.
844 1129 945 1161 editt.

243 1177 468 1210 Recentiores
496 1180 586 1210 enim
614 1180 718 1211 etiam
748 1189 885 1220 prorsus
912 1190 945 1211 o-

241 1229 396 1269 mittunt,
415 1240 489 1271 quae
514 1236 627 1261 tamen
651 1231 832 1262 sententia:
856 1231 947 1262 vide-

241 1284 298 1310 tur
340 1281 543 1312 necessaria.
610 1281 787 1320 Significat
832 1287 945 1313 autem

240 1330 386 1369 quomodo
413 1331 466 1361 vel
493 1332 759 1370 quemadmodum,
790 1337 829 1363 ut
855 1333 945 1372 apud

240 1380 438 1411 Terentium
465 1381 575 1412 Andr.
606 1382 686 1412 Act.
720 1391 745 1413 1.
775 1383 830 1415 Sc.
859 1393 882 1414 1.
913 1388 944 1416 8.

241 1431 353 1461 Daris.
410 1431 538 1462 Scribit
566 1432 730 1463 Davisius
760 1442 802 1463 ex
834 1434 943 1465 Editt.

239 1482 335 1513 Vett.
359 1483 538 1522 colloquium
554 1488 590 1513 ut
605 1484 802 1520 diremisset;
832 1485 945 1515 istam-

239 1541 305 1572 que
331 1533 499 1570 voculam,
519 1536 565 1572 ut,
590 1534 769 1564 sententiae
793 1544 944 1566 neeessa-

238 1582 322 1612 riam
340 1582 524 1613 existimat.
571 1583 616 1613 Et
642 1592 721 1613 sane
749 1593 815 1613 non
844 1584 943 1614 modo

240 1631 348 1663 Editt.
373 1633 469 1663 Vett.
495 1642 608 1663 verum
636 1637 672 1664 et
701 1633 782 1664 Mss.
809 1644 944 1674 quoque

240 1682 325 1723 Reg.
342 1682 468 1714 Eliens.
485 1688 519 1714 et
534 1682 657 1721 Voss-ii,
674 1683 829 1713 voculam
846 1683 943 1714 istam

237 1738 437 1774 agnoscunt.
496 1733 661 1764 Attamen
695 1733 864 1773 Syntaxin
894 1738 944 1764 at-

239 1782 368 1814 tentius
401 1783 642 1824 perpendenti,
669 1789 727 1814 aut
755 1784 944 1815 omittenda

237 1833 410 1864 videbitur
435 1843 474 1864 ea
496 1843 561 1865 vox
586 1834 618 1864 in
644 1834 821 1874 posteriori
845 1839 943 1874 parte

238 1885 434 1922 sementim,
459 1889 518 1915 aut
544 1884 794 1925 interponenda
819 1885 852 1915 in
877 1885 944 1925 pri-

237 1935 300 1966 ori.
347 1935 379 1965 Si
394 1935 481 1965 enim
507 1935 610 1973 istud,
634 1945 670 1966 ea
691 1945 741 1965 res
761 1935 942 1975 colloquium

236 1985 420 2021 diremisset,
449 1985 620 2016 cohaerere
648 1985 765 2026 nequit
789 1995 864 2016 cum
889 1996 941 2024 co,

237 2033 327 2075 quod
351 2035 539 2074 pra-cessit,
561 2046 619 2075 qua
645 2035 826 2076 arrogantia
840 2046 851 2072 ;
878 2036 940 2066 uti-

238 2093 304 2125 que
335 2093 398 2115 nec
430 2085 588 2124 superins
619 2085 714 2124 illud,
745 2085 939 2126 ‘impetum

236 2134 309 2174 ejus
335 2134 468 2174 equites
495 2133 682 2174 fecissent,'
714 2145 790 2166 cnm
819 2135 938 2166 eodem

237 2183 318 2214 satis
356 2189 437 2223 apte
472 2184 642 2215 cobaerere
681 2184 831 2224 poterit:
872 2195 939 2215 non

235 2235 325 2266 enim
358 2235 518 2274 Equilum,
554 2235 761 2276 (quanquam
794 2235 939 2276 perfido-

235 2284 337 2325 rum‚)
358 2286 417 2316 sed
438 2286 604 2325 Ariovisti,
626 2292 698 2317 erat
724 2287 862 2327 proprie
888 2297 939 2318 ar-

232 2337 389 2374 rogantia.
443 2335 607 2376 Adeoque
644 2336 824 2376 legendum
858 2337 938 2376 erit,

235 2385 615 2426 ‘impetumque—ejus
653 2387 786 2427 equites
821 2392 859 2418 ut
889 2387 938 2418 fe-

234 2436 376 2475 cissent,
401 2446 509 2476 eaque
538 2446 591 2467 res
618 2437 821 2478 colloquium
852 2437 939 2469 dire-

235 2487 376 2518 misset.'
434 2487 493 2518 Sin
525 2493 637 2518 autem
676 2488 780 2528 priori
815 2488 874 2518 illa
902 2487 937 2519 in

234 2542 336 2578 parte
354 2542 446 2569 recte
464 2538 572 2568 omitti
591 2543 707 2578 potest
722 2538 935 2577 vocabulum,

233 2591 296 2625 ut‚·
334 2587 518 2630 (quomodo
550 2589 582 2618 in
614 2589 769 2619 omnibus
799 2589 934 2629 quidem

234 2637 320 2668 Mss.
336 2639 493 2669 omissum
509 2645 560 2669 est
577 2641 601 2676 3)
625 2645 717 2670 recte
744 2649 875 2680 quoquc
902 2645 937 2670 et

233 2687 268 2719 in
292 2689 473 2728 posteriori
497 2689 624 2729 poterit
645 2689 765 2721 omitti.
825 2691 934 2722 Clark.

236 2739 347 2770 necte
382 2739 518 2780 quidem
547 2739 705 2772 Clarkius
736 2740 839 2773 docet
867 2750 934 2773 non

717 175 856 205 NOTAE
892 175 1153 207 VARIORUM
1191 178 1242 208 IN

1001 272 1230 303 necessarium
1248 281 1321 303 esse
1335 272 1373 303 τὸ
1390 276 1436 312 ut,
1455 282 1572 305 verum
1587 278 1703 307 tamen

1002 322 1149 353 retinent
1166 323 1252 354 hanc
1270 324 1422 354 voculam
1452 324 1567 355 Ursini
1595 326 1703 359 Codd.

1001 375 1036 401 et
1058 372 1220 411 Bongars.
1239 373 1335 412 prim.
1350 373 1471 404 Petav.
1485 373 1608 415 Scalig.
1621 376 1705 406 Vos-

1001 421 1083 452 sian.
1112 424 1208 462 prun.
1238 424 1362 454 Lovan.
1389 429 1425 455 et
1454 424 1509 454 alii
1537 425 1645 464 multi,
1670 425 1704 456 in

1001 472 1165 511 Bongars.
1199 483 1265 504 sec.
1298 479 1348 504 est
1379 478 1423 513 et,
1454 475 1485 505 in
1519 476 1620 506 tertio
1655 485 1704 508 oc.

1000 524 1152 565 Conjicio
1181 526 1224 555 ab
1252 527 1397 557 auctoris
1426 537 1524 558 manu
1552 537 1624 559 esse
1648 529 1702 559 ‘vi

999 573 1215 606 diremisset)
1259 577 1359 616 Saepe
1383 577 1414 607 vi
1431 583 1629 618 corruptum
1647 578 1703 609 ab-

999 624 1038 654 iit
1065 624 1097 654 in
1125 628 1171 655 ut.
1217 626 1362 657 Consule
1383 627 1560 658 Heinsium
1587 632 1622 659 et
1650 628 1702 660 Cl.

999 676 1183 705 Burmann.
1198 676 1239 706 ad
1255 676 1370 706 Ovidii
1386 677 1496 716 Epist.
1516 686 1610 708 xvlt.
1630 681 1702 710 186.

999 726 1008 741 ‘
1027 725 1069 755 Vi
1092 735 1169 757 mea
1193 726 1365 757 rusticitas
1390 727 1595 758 excutienda
1611 726 1702 759 suit.’

1000 776 1179 808 Drakenb.
1202 777 1244 808 ad
1269 778 1342 808 Liv.
1361 787 1409 808 tv.
1427 781 1480 808 51.
1496 779 1524 818 ξ.
1542 781 1573 809 6.
1596 780 1605 795 ‘
1621 789 1708 820 qnos

999 827 1031 857 vi
1058 828 1217 859 teneret.’
1262 828 1355 858 Hirt.
1383 829 1422 858 B.
1450 827 1558 860 Afric.
1588 838 1620 860 c.
1648 832 1701 860 39.

1003 879 1012 894 ⁸
1022 877 1063 907 Vi
1076 877 1294 918 inrumpere:'
1305 888 1333 909 c.
1349 881 1399 909 36.
1415 880 1423 894 ‘
1437 888 1632 919 expugnare
1645 880 1676 910 vi
1687 882 1706 911 :'

999 926 1055 957 ubi
1086 928 1172 959 vide.
1220 928 1326 959 Favet
1355 929 1457 960 etiam
1485 928 1617 970 Celsus,
1645 930 1702 973 qui

999 978 1095 1009 addit
1111 979 1240 1019 impetu.

1042 1032 1081 1059 13
1107 1030 1257 1068 Injectum
1273 1029 1334 1070 est]
1369 1031 1452 1062 Cum
1479 1030 1622 1063 Graecus
1647 1032 1703 1064 In-

999 1084 1132 1120 terpres
1149 1081 1273 1112 habeat
1289 1079 1402 1119 ἐνέφυ;
1429 1081 1602 1122 ingeniose
1623 1091 1702 1113 con-

992 1130 1074 1170 jicit
1094 1131 1153 1160 Vir
1174 1130 1401 1162 Doctissimus
1418 1132 1491 1163 Jos.
1508 1132 1626 1162 Wasse
1650 1131 1701 1172 (in

998 1179 1177 1211 Addeudis
1195 1180 1262 1211 suis
1279 1180 1319 1211 ad
1336 1180 1546 1220 Sallustium,
1563 1191 1595 1222 p.
1613 1181 1711 1226 308.)t

999 1230 1032 1260 in
1051 1230 1197 1270 antiquis
1214 1230 1321 1261 Codd.
1345 1231 1508 1271 scriptum
1526 1230 1630 1262 fnisse
1655 1232 1701 1262 in-

997 1284 1103 1311 natum
1120 1284 1185 1311 cst.-
1210 1280 1377 1322 quomodo
1402 1285 1436 1312 et
1461 1282 1539 1312 alibi
1567 1281 1700 1313 locutus

997 1335 1048 1361 est
1070 1331 1196 1362 Caesar.
1234 1331 1341 1361 Clark.
1386 1332 1442 1362 Sic
1459 1342 1487 1363 c.
1504 1335 1557 1363 cll.
1592 1334 1601 1348 ‘
1615 1342 1701 1363 sum-

997 1391 1118 1423 maque
1135 1382 1291 1413 alacritas
1308 1385 1343 1412 et
1360 1382 1531 1422 cupiditas
1549 1382 1628 1413 belli
1646 1391 1702 1424 ge-

997 1434 1093 1464 rendi
1124 1434 1239 1464 innata
1266 1433 1340 1465 est.’
1386 1434 1426 1464 B.
1458 1433 1533 1465 Civ.
1563 1442 1618 1465 ιιι.
1645 1436 1700 1466 92.

994 1483 1131 1514 ‘Animi
1155 1484 1312 1517 incitatio
1336 1489 1438 1524 atque
1461 1483 1618 1514 alacritas
1643 1493 1700 1515 na-

996 1533 1156 1564 tnraliter
1192 1533 1310 1563 innata
1339 1533 1518 1564 omnibns.’
1572 1534 1699 1565 Verum

994 1582 1076 1613 nihil
1115 1586 1249 1614 mutant
1286 1583 1403 1623 scripti
1437 1588 1470 1614 ct
1508 1583 1595 1615 Edd.
1634 1584 1698 1615 nisi

996 1633 1084 1672 quod
1102 1633 1134 1663 in
1153 1633 1291 1664 Incerta
1306 1633 1348 1663 sit
1365 1634 1532 1673 invectum,
1555 1635 1697 1666 vitiose:

994 1683 1080 1722 injici
1099 1684 1220 1724 passim
1236 1682 1387 1714 adhiberi
1405 1683 1446 1715 de
1464 1685 1565 1715 animi
1588 1684 1700 1717 adfec-

995 1733 1157 1772 tionibus,
1172 1734 1378 1765 notissimum
1396 1739 1460 1765 est.
1507 1735 1554 1766 Ut
1569 1735 1635 1775 hic,
1650 1735 1699 1767 ita

993 1783 1119 1815 Justin.
1138 1793 1192 1814 111.
1210 1787 1241 1814 5.
1267 1784 1432 1814 ‘Tantum
1456 1784 1610 1816 ardorem
1638 1785 1698 1816 mi-

992 1833 1106 1864 litibus
1138 1833 1276 1875 injecit.’
1323 1834 1412 1874 Nep.
1453 1833 1567 1866 Alcib.
1603 1844 1633 1866 c.
1665 1837 1697 1867 3.

993 1885 1002 1900 ⁴
1018 1884 1162 1925 Magnus
1179 1883 1387 1915 multitudini
1408 1883 1507 1915 timor
1524 1889 1575 1915 est
1592 1885 1696 1925 injec-

994 1934 1069 1964 tus-v
1116 1934 1269 1965 Frontin.
1292 1943 1332 1965 11.
1354 1936 1385 1965 4.
1402 1933 1425 1973 §.
1444 1937 1494 1964 ll.
1520 1934 1529 1950 ‘
1543 1934 1612 1965 suis
1629 1934 1696 1965 ala-

992 1985 1114 2016 critate
1131 1989 1166 2016 et
1191 1984 1340 2016 hostibus
1358 1989 1450 2015 metu
1474 1983 1602 2024 injecto
1617 1983 1637 2015 :’
1659 1989 1695 2016 et

990 2035 1080 2066 infra
1107 2045 1174 2067 vu.
1197 2039 1249 2066 55.
1276 2034 1367 2066 Add.
1395 2035 1523 2066 Comm.
1550 2035 1592 2066 ad
1621 2035 1695 2067 Liv.

991 2095 1045 2118 111.
1061 2089 1113 2117 64.

1034 2145 1144 2167 XLvn.
1160 2140 1178 2167 4
1204 2137 1334 2175 Legatis
1348 2136 1476 2176 aliquem
1492 2136 1532 2166 ad
1547 2146 1579 2167 se
1591 2137 1694 2167 mitte-

990 2186 1054 2226 ret]
1077 2187 1142 2218 Vel
1174 2186 1325 2217 abundat
1352 2196 1417 2217 vox
1443 2187 1568 2226 legatis,
1593 2195 1693 2227 quam

989 2246 1055 2267 nou
1070 2237 1238 2278 expressit
1254 2237 1415 2274 Graecus3
1442 2237 1489 2267 sic
1513 2237 1603 2268 enim
1618 2246 1693 2269 ver-

992 2288 1033 2318 tit
1046 2299 1053 2318 ι
1070 2287 1140 2318 τινὰ
1150 2289 1211 2318 τῶν
1224 2287 1333 2318 ἑαυτοῦ
1349 2286 1422 2327 πρὸς
1433 2287 1532 2317 ταῦτα
1544 2287 1613 2327 παρ’
1625 2287 1693 2318 ἑαυ-

988 2337 1044 2368 τὸν
1058 2336 1197 2377 πέμπειν.
1262 2338 1325 2368 Vel
1353 2337 1534 2378 legendum
1563 2347 1604 2368 ex
1629 2338 1694 2369 suis

989 2389 1139 2430 legatum
1155 2389 1285 2430 aliquem
1299 2390 1339 2420 ad
1352 2399 1383 2419 se
1398 2389 1556 2419 mitteree:
1573 2392 1609 2419 et
1624 2388 1689 2420 hoc

989 2441 1087 2470 malo.
1134 2441 1246 2472 Duris.
1280 2450 1352 2471 cur.
1386 2449 1451 2470 sec.
1508 2439 1542 2469 Si
1574 2439 1690 2479 placet

988 2490 1054 2531 legi
1071 2492 1220 2530 legatum,
1238 2491 1350 2521 malim
1367 2490 1484 2520 delere
1496 2487 1533 2518 τὸ
1547 2489 1689 2530 aliquem,

987 2550 1061 2581 quae
1078 2550 1142 2571 vox
1161 2541 1293 2571 exsulat
1308 2550 1328 2570 a
1347 2539 1605 2578 Lovaniensi‚et
1620 2547 1689 2570 ma-

987 2601 1029 2621 nn
1049 2591 1158 2631 prima
1182 2589 1393 2622 Dukeriani:
1419 2593 1453 2619 et
1479 2588 1526 2619 ita
1550 2597 1688 2630 respon-

986 2641 1108 2672 derent
1132 2640 1182 2671 his
1198 2639 1309 2671 verbis
1335 2641 1513 2680 sequentia
1531 2639 1688 2679 Legatum

985 2701 1026 2722 ex
1039 2691 1115 2731 suis,
1138 2692 1202 2721 ἃς.
1240 2698 1443 2731 quamquam
1471 2689 1524 2720 vel
1549 2692 1687 2721 retenta

987 2751 1069 2774 voce
1091 2740 1204 2782 legatis
1228 2739 1345 2772 abesse
1369 2743 1508 2780 poterat
1535 2747 1600 2770 vox
1626 2739 1684 2771 ali-
