1818 3131
342 231 436 261 unz
469 230 534 259 vn
566 218 871 258 cuv.44.on
907 227 1059 257 annuo
1091 226 1318 256 GALLuxr

146 327 186 357 lo
219 323 264 356 Ac
277 324 363 354 siu-is
382 326 435 354 aut
451 322 593 363 saltibus]
629 322 716 352 Duae
742 331 796 351 vo-

103 385 158 407 ces
175 375 302 415 priores
320 383 385 404 non
401 377 539 404 exstant
551 373 584 403 in
598 372 680 402 Mss.
698 372 796 412 louge

103 423 262 466 plurimis,
276 433 337 455 nec
353 423 385 453 in
406 423 490 454 Edd.
509 423 633 463 primis,
649 427 706 452 aut
731 422 795 452 ne-

103 474 220 513 roaldi,
235 474 334 504 vaae.
357 472 502 513 Stradae,
525 472 640 513 Steph.
664 472 795 512 Gryph.

103 531 191 568 post.
246 525 310 556 Sed
348 528 535 563 agnoscunt
572 528 681 554 tamen
719 523 795 562 Cuj.

103 576 214 607 Oxou.
234 574 358 605 Audin.
378 574 475 605 Leid.
500 574 595 614 prim.
623 573 798 604 Petavinn.

102 635 121 656 a
147 636 188 656 m.
219 635 286 655 sec.
325 625 356 654 iu
388 624 509 665 quibus
536 624 642 654 trihus
673 623 798 654 ultimis

101 675 262 707 scribitur
277 678 329 705 aut
346 675 444 712 sitris,
459 673 571 704 forsan
589 673 726 704 rectius.

146 729 183 757 17
212 726 314 756 Noctu
332 724 512 764 occultatus]
530 724 703 756 Beneficio
721 734 798 756 noc-

101 776 162 814 tis;
196 776 285 816 quod
310 775 512 806 mouendum
540 775 632 813 duxi,
654 784 694 806 ne
722 785 797 806 cum

102 826 180 856 Pet.
193 825 373 856 Ciaccouio
392 825 538 855 ultimam
557 833 670 855 vocem
689 824 799 855 delea-

101 886 186 915 mus,
197 875 272 916 quia
287 874 459 906 Ambiorix
474 875 582 905 noctis
598 879 747 914 tempore
762 884 797 905 se

101 935 165 956 nou
179 926 341 956 inclusum
358 929 501 961 teneret,
518 924 575 954 sed
596 924 676 954 alias
692 924 798 963 regio·

102 986 159 1006 nes
185 981 254 1006 tum
282 980 426 1015 peteret.
473 975 540 1006 Hic
566 975 653 1005 enim
682 984 797 1005 sensus

102 1034 143 1056 ex
161 1025 298 1064 vulgata
314 1024 458 1054 lectione
475 1029 597 1055 manat.
624 1025 732 1055 Daris.

158 1082 253 1106 xtlv.
278 1077 298 1105 6
323 1075 412 1104 More
438 1075 588 1113 majorum
614 1074 799 1114 supplicium

99 1125 222 1164 sumsit]
257 1125 349 1155 Suet.
365 1123 471 1155 refert
492 1125 524 1155 in
541 1125 687 1162 Nerone,
703 1134 732 1155 c.
747 1128 798 1157 49.

101 1175 234 1206 solitam
254 1179 331 1205 tune
347 1176 356 1192 ‘
375 1174 456 1205 nudi
472 1174 614 1206 hominis
632 1176 799 1206 cervicem

102 1225 205 1256 inseri
220 1224 469 1265 furcae,corpus
488 1225 588 1265 virgis
613 1226 654 1256 ad
681 1235 798 1257 necem

101 1275 213 1307 caedi.’
271 1275 433 1316 Ejusdem
460 1276 618 1316 supplicii
649 1276 801 1307 meminit

103 1325 233 1356 Hirtius
249 1334 329 1357 vin.
347 1327 399 1356 38.
417 1335 493 1356 cnm
506 1326 552 1356 ait
568 1326 610 1357 de
629 1326 802 1357 Guturva-

104 1382 151 1415 to,
172 1378 181 1394 ⁴
201 1377 286 1407 adeo
301 1380 339 1407 ut
364 1377 561 1408 verberibus
576 1377 800 1408 exanimatum

102 1435 223 1467 corpus
240 1426 349 1457 securi
362 1425 547 1456 feriretur!
594 1426 639 1456 At
657 1426 799 1457 Gra1cus

105 1478 314 1509 intellexisse
329 1488 394 1510 non
405 1478 550 1517 videtur,
563 1487 638 1509 cum
652 1482 800 1509 transtu-

102 1528 155 1568 lit,
172 1528 251 1560 κατὰ
279 1528 316 1559 τὸ
338 1530 394 1566 τῆς
420 1528 538 1560 πόλεως
563 1529 692 1568 ἀρχαῖον
717 1527 801 1567 ἦθος,

104 1581 166 1611 nisi
183 1580 274 1612 dicas
289 1590 348 1621 per
362 1579 455 1611 πόλιν
476 1579 518 1611 ab
543 1589 582 1611 eo
600 1581 739 1610 Romam
757 1579 803 1609 in-

103 1632 225 1673 telligi,
261 1631 350 1674 quod
375 1641 441 1663 non
466 1632 630 1662 arbitror:
661 1641 737 1661 nam
767 1635 803 1662 et

105 1683 217 1722 paullo
241 1687 318 1723 post
340 1683 388 1713 ait
412 1683 442 1712 ἐν
461 1681 550 1712 πόλει
570 1683 631 1711 τῶν
658 1679 801 1713 Σενόνων.

110 1732 243 1763 Vossius.
284 1731 381 1763 Adde
399 1733 588 1762 Brantium.

148 1784 167 1812 8
189 1782 279 1822 Aqua
292 1785 382 1822 atque
395 1782 462 1821 igni
477 1780 704 1820 interdixisset]
749 1781 800 1811 Ex

103 1832 257 1864 sollemni
286 1837 320 1863 et
349 1831 518 1872 frequenti
550 1830 638 1870 apud
669 1834 800 1861 veteres

104 1881 256 1914 formula.
303 1881 527 1913 Nihilominus
554 1880 711 1912 Leidens.
734 1880 800 1920 pri-

103 1942 176 1964 mus
189 1932 291 1963 habet
304 1942 416 1973 uquam
427 1934 515 1972 atque
531 1931 642 1971 ignem.
672 1931 800 1962 Verum

105 1989 144 2014 ut
163 1983 348 2014 concedam
371 1982 558 2013 interdicere
584 1981 685 2012 etiam
704 1981 802 2021 junc-

105 2036 175 2064 tum
189 2042 260 2064 esse
277 2032 492 2071 Accusafim,
509 2031 598 2073 quod
614 2032 804 2063 docuerunt

104 2083 260 2114 Sanctius
274 2086 308 2114 et
325 2083 380 2113 alii
396 2082 430 2113 in
446 2082 552 2122 ipsius
574 2082 731 2113 Minerva
746 2090 801 2112 ιιι.

105 2135 136 2164 3.
170 2133 202 2165 J.
231 2133 267 2163 F.
290 2132 443 2163 Gronov.
469 2131 510 2162 ad
540 2132 660 2162 Senec.
689 2131 802 2172 Epist.

108 2187 157 2215 18.
169 2189 204 2215 et
222 2184 263 2214 ad
285 2184 412 2216 Justin.
429 2193 459 2214 v.
473 2186 503 2214 4.
516 2186 525 2199 ‘
543 2193 674 2215 omnem
690 2185 804 2214 huma-

107 2243 183 2265 nam
196 2243 294 2274 opem
306 2234 575 2265 interdixerant!
599 2235 671 2266 Cel.
688 2235 804 2266 Burm.

107 2284 149 2314 ad
165 2284 259 2315 Suet.
274 2284 358 2315 Ner.
376 2293 406 2314 c.
424 2286 476 2314 32.
493 2288 529 2314 et
551 2283 603 2315 Cl.
624 2283 802 2315 Drakenb.

104 2334 146 2365 ad
173 2334 246 2364 Liv.
275 2343 306 2365 v.
338 2336 388 2364 3.:
418 2333 476 2364 ubi
493 2333 610 2364 eadem
635 2333 802 2374 confusio,

58 2413 63 2418 ,
106 2383 275 2424 quomodo
300 2384 449 2414 variatur
478 2384 583 2415 etiam
613 2385 703 2424 apud
731 2394 804 2416 nos-

107 2437 195 2464 trum
221 2442 243 2464 1.
275 2435 326 2464 46.
353 2435 361 2450 ‘
378 2433 480 2464 Omni
504 2434 615 2465 Gallia
641 2434 803 2466 Romanis

107 2483 339 2514 interdixisset
353 2483 372 2514 :'
387 2488 500 2514 tamen
517 2493 581 2515 uon
596 2489 692 2524 puto,
710 2484 811 2517 alium

106 2542 220 2564 casum
237 2538 363 2573 praeter
389 2538 533 2572 sextum,
557 2533 590 2564 in
607 2534 669 2565 hac
690 2533 812 2566 formu-

110 2582 153 2619 la,
175 2592 253 2623 aqna
269 2586 299 2614 et
322 2583 389 2622 igni
407 2584 603 2623 interdicere,
617 2584 809 2616 adhibuisse

111 2637 253 2664 veteres.
297 2634 390 2666 Citat
408 2634 543 2676 quidem
568 2635 726 2666 Sanctius
749 2635 809 2666 ibi-

110 2681 185 2713 dem
207 2693 282 2715 curn
306 2685 437 2716 Lexicis
462 2686 573 2716 locum
595 2695 614 2716 e
639 2686 804 2718 Cicerone

111 2739 173 2771 pro
185 2731 282 2764 domo
304 2744 335 2766 c.
357 2737 408 2766 18.
422 2734 432 2752 ‘
450 2735 498 2767 Ut
514 2735 562 2767 M.
578 2735 692 2766 'mllio
719 2745 805 2777 aqua

1433 214 1545 256 1189

849 327 883 353 et
900 324 983 359 iguis
1001 323 1246 355 interdicatur.’
1291 321 1356 353 Sed
1375 321 1461 353 Edd.
1482 331 1546 353 rne-

850 373 948 404 liores
971 374 1132 404 exhibent
1154 374 1238 410 igni:
1256 372 1376 403 verius.
1421 371 1488 403 Sed
1511 377 1547 403 et

851 423 1052 454 Lactantius
1070 433 1106 454 11.
1124 426 1156 453 9.
1181 426 1190 440 ‘
1217 422 1394 453 Exsulibus
1412 430 1547 463 quoque

849 471 935 511 ignis
949 478 983 503 et
1000 483 1085 513 aqua
1103 472 1260 503 interdici
1278 472 1425 503 solebat:
1444 472 1547 503 inter·

851 521 943 552 dicto
960 522 1065 560 igitur
1082 531 1139 552 usu
1157 531 1270 552 carum
1288 532 1396 552 rerum
1409 521 1428 552 ι’
1445 526 1547 562 atque

853 572 903 603 ita
927 572 1009 602 Cod.
1038 572 1167 602 Bouou.
1199 581 1273 602 cum
1301 572 1385 602 aliis.
1431 572 1547 611 Nepos

854 623 1001 654 Hamile.
1031 632 1061 653 c.
1075 625 1106 652 3.
1123 624 1131 638 ‘
1147 632 1211 652 uon
1236 627 1372 662 poterat
1391 621 1546 652 interdici

854 683 971 704 socero
989 673 1114 714 gener?
1165 672 1238 703 Alio
1253 673 1350 703 modo
1367 673 1500 712 Apulei.
1514 672 1546 702 in

853 723 976 755 Florid.
993 731 1085 754 xxii.
1106 724 1114 740 ‘
1135 723 1241 753 Dives
1265 723 1320 753 ille
1347 723 1420 753 cibo
1445 723 1548 753 inter-

853 774 1008 805 dicitur:'
1025 774 1045 804 i.
1063 783 1094 804 e.
1112 772 1317 813 prohibetur.

898 829 936 857 10
960 825 1129 865 Agendici]
1157 825 1211 856 Sic
1235 831 1286 853 ezr
1306 824 1335 854 iu
1355 824 1445 854 nullo
1461 832 1550 854 meo·

853 886 923 907 rum
944 876 1117 907 Codicum.
1162 874 1228 906 Sed
1253 875 1361 914 Bong.
1379 884 1430 914 pr.
1455 873 1548 905 Leid.

851 927 976 968 Scalig.
1002 925 1126 957 Audin.
1142 926 1260 956 Petav.
1284 926 1366 955 dant
1383 923 1548 961 Agedinci.

854 979 939 1009 Vide
958 983 992 1009 et
1007 986 1073 1008 vn.
1091 979 1140 1007 10.
1171 975 1285 1006 Ceteri
1304 975 1447 1014 Agalla,
1470 974 1548 1004 Ace-

849 1029 925 1060 dici.
983 1027 1072 1057 Vide
1105 1026 1216 1057 Ortel.
1249 1034 1323 1055 nam
1364 1025 1549 1055 Ptolemaeo

850 1077 1022 1116 Ἀ’γήδικον,
1035 1076 1123 1118 quod
1138 1075 1277 1116 praefert
1292 1080 1327 1106 et
1340 1074 1549 1106 Ciacconim.

855 1129 933 1160 Huc
961 1129 1101 1166 iaciunt,
1129 1136 1203 1167 quae
1234 1126 1347 1156 notavi
1375 1125 1416 1155 ad
1449 1133 1488 1154 11.
1518 1127 1550 1154 6.

855 1179 1013 1209 Ridicule
1040 1177 1135 1209 Duk.
1161 1180 1197 1206 et
1227 1176 1333 1205 Dorv.
1358 1174 1482 1205 addixit
1511 1176 1551 1203 ct.

855 1230 942 1262 Edd.
962 1230 1058 1260 Rom.
1075 1233 1111 1260 et
1128 1227 1222 1258 Med.
1237 1228 1322 1257 Vcn.
1338 1225 1469 1256 adduxit
1487 1228 1528 1255 et.

898 1284 935 1311 ll
965 1280 1008 1310 Ut
1033 1278 1211 1309 instituerat
1228 1277 1259 1307 in
1282 1277 1406 1307 Italiam
1425 1276 1464 1306 ad
1486 1284 1554 1306 con-

856 1334 963 1362 ventus
973 1330 1106 1368 agendos
1113 1327 1271 1369 profectus
1279 1326 1340 1366 est]
1367 1327 1475 1357 Recte
1486 1325 1506 1356 1.
1519 1333 1552 1356 ν.

856 1380 953 1411 initio
975 1379 1077 1409 dixit:
1102 1380 1110 1395 ‘
1129 1377 1309 1408 discedens
1333 1376 1376 1407 ab
1405 1373 1553 1406 hibernis

855 1430 969 1461 Caesar
986 1429 1017 1459 in
1034 1428 1180 1466 Italiam,
1193 1432 1230 1458 ut
1246 1426 1424 1468 quotannis
1437 1424 1552 1455 facere

855 1477 1073 1517 instituerat‚’
1102 1478 1136 1509 id
1168 1482 1231 1517 est,
1257 1477 1399 1507 solebat.
1450 1475 1552 1506 Initio

854 1532 875 1562 1.
889 1539 955 1562 vn.
973 1529 1097 1570 iuquit:
1120 1528 1129 1545 ‘
1147 1528 1273 1561 Quieta
1288 1526 1411 1565 Gallia,
1426 1526 1555 1564 Caesar,

857 1585 895 1612 ut
910 1580 1146 1618 constituerat,
1159 1578 1191 1608 in
1206 1577 1340 1608 Italiam
1351 1576 1392 1606 ad
1409 1584 1557 1605 conven-

858 1636 911 1662 tus
935 1630 1081 1670 agendos
1096 1626 1343 1670 proficiscitur!
1386 1626 1454 1656 Sed
1478 1636 1553 1657 cum

855 1683 1028 1723 superiore
1051 1679 1292 1712 commentario
1332 1688 1397 1708 non
1427 1676 1555 1708 dixerit

856 1733 970 1764 Caesar
985 1741 1020 1762 se
1036 1730 1247 1762 constituisse
1264 1729 1298 1760 id
1314 1728 1439 1767 facere,
1458 1732 1558 1768 puta-

855 1782 914 1813 bat
939 1781 1139 1813 Ciacconius
1163 1779 1343 1820 legendum
1366 1782 1405 1809 nt
1432 1785 1554 1808 consue-

854 1835 952 1872 verat,
976 1832 1029 1862 vel
1054 1831 1268 1869 constituerat,
1291 1830 1344 1860 hic
1363 1827 1555 1869 significare

854 1886 1092 1914 consueverat.
1118 1881 1288 1912 Neutrum
1306 1879 1433 1920 placet.
1466 1878 1557 1909 Nam

856 1933 982 1969 Caesar,
998 1930 1078 1972 quia
1101 1930 1279 1972 quotannis
1299 1929 1331 1959 id
1348 1928 1463 1960 facere
1483 1928 1563 1960 soli›

858 1987 922 2022 tus,
950 1981 1175 2012 constituerat
1200 1984 1235 2010 et
1269 1980 1331 2010 hoc
1362 1988 1448 2010 anno
1479 1988 1556 2020 pro-

856 2032 979 2064 ficisci.
1022 2032 1130 2062 Locus
1145 2040 1224 2062 vero
1237 2040 1279 2061 ex
1296 2030 1394 2061 tertio
1407 2029 1449 2061 de
1467 2029 1556 2061 bello

858 2081 969 2121 Civili,
986 2091 1084 2123 quem
1109 2081 1306 2112 Ciacconius
1329 2081 1463 2120 allegat,
1490 2089 1556 2111 non

857 2134 964 2165 minus
991 2134 1078 2165 male
1109 2133 1150 2165 ab
1177 2142 1217 2164 eo
1248 2132 1440 2173 exponitur.
1498 2131 1558 2162 Ait

857 2184 1033 2215 Crastinus
1063 2184 1106 2214 ad
1135 2184 1260 2214 milites
1289 2192 1377 2222 suos,
1405 2183 1413 2199 ‘
1437 2182 1556 2223 Sequi-

857 2233 937 2265 mini
953 2244 1004 2265 me
1025 2234 1253 2274 manipulares
1268 2233 1333 2263 mei
1357 2232 1413 2273 qui
1430 2231 1555 2271 fuistis,

858 2288 894 2316 et
909 2290 1023 2316 vestro
1054 2283 1275 2325 Imperatori,
1309 2292 1407 2324 quam
1434 2282 1558 2313 consti-

860 2334 984 2374 tuistis,
1008 2343 1147 2374 operam
1172 2333 1275 2364 date!
1320 2332 1438 2373 Inquit
1461 2332 1558 2364 Ciac-

859 2383 976 2415 conius
992 2384 1197 2415 constituistis
1212 2383 1265 2415 hic
1283 2392 1354 2414 esse
1369 2382 1557 2414 consuevis-

859 2433 914 2465 tis.
960 2433 1081 2475 Nugae.
1105 2434 1299 2465 Potuerunt
1315 2433 1462 2464 Crastini
1478 2433 1562 2464 mili·

865 2489 915 2515 tes
938 2489 1045 2515 semet
1071 2484 1286 2524 obstringere
1307 2484 1477 2524 promissis
1502 2483 1561 2514 ali-

863 2534 984 2575 quibus
1021 2544 1087 2566 non
1115 2534 1303 2565 excedendi
1331 2534 1448 2574 proelio
1479 2537 1558 2563 ante

863 2585 1051 2616 victoriam.
1095 2585 1162 2616 Sed
1186 2595 1280 2616 cesso
1305 2589 1373 2615 tam
1399 2583 1498 2622 levia,
1524 2582 1558 2612 in

862 2634 984 2676 quibus
1000 2639 1114 2666 tamen
1128 2635 1178 2665 vir
1193 2635 1329 2666 doctiss.
1347 2633 1484 2671 erravit7
1502 2631 1558 2662 ad·

862 2694 1010 2718 monere.
1060 2686 1196 2718 Vossius.
