1818 3131
287 230 509 260 1,1n.v111.
541 228 647 258 mr.
679 218 747 258 15.
782 230 843 258 DE
880 230 1031 259 nunno
1064 229 1291 259 cAmeo.

79 333 145 356 soc.
162 324 200 355 n.
216 334 254 356 nc
271 335 300 355 v.
317 334 347 355 c.
372 323 512 362 habent,
526 331 620 362 neque
634 321 778 352 resisten-

77 378 124 404 tes
153 375 376 414 aggrediendas
399 377 486 404 tanto
522 372 606 402 collis
633 372 778 401 adscensu

72 424 264 463 judicabant.
320 423 417 456 Quod
460 426 589 453 rectum
621 422 778 458 videtum

78 484 152 504 uam
173 474 254 505 illud
278 472 499 512 aggrediendas
525 472 686 512 maj0rem
712 471 778 501 vim

79 525 193 555 habet.
218 524 350 555 Vossius.
369 522 612 561 Aggrediendos.
625 521 680 552 Sic
694 522 726 551 M
734 532 776 552 ss.

75 574 222 615 plurimi.
248 573 302 605 ΑΙ.
320 574 512 604 lacessendos.
529 572 637 602 Clank.
660 571 780 610 Aggre-

76 625 202 654 diendos
216 624 286 654 sive
309 623 420 663 potius
444 622 672 661 ‹utgrediunrlos
687 621 778 661 (nam

77 675 125 705 ita
150 679 203 706 est
231 675 266 705 in
294 674 403 713 Bong.
433 683 482 713 pr.
508 681 577 703 sec.
606 672 702 702 Voss.
727 681 779 711 pr.

78 733 148 755 sec.
168 723 336 765 Egmund.
353 729 387 753 et
411 723 502 761 aliis)
525 726 603 752 ante
624 724 709 751 tauto
725 730 780 751 ex-

79 775 194 805 hibent
218 784 351 815 quoque
378 774 460 804 Mss.
489 772 629 803 aliorum
653 775 688 801 et
705 770 781 809 mei,

79 826 166 857 ΕΜ.
193 825 309 866 primae
335 834 373 855 ac
400 825 440 854 R.
458 822 630 863 Stephani,
653 821 782 852 delent·

80 885 146 916 que
162 875 357 906 lacessendos.
385 874 509 903 Verum
528 878 638 903 tamen
657 871 780 901 Audin.

79 926 196 966 Cujac.
216 925 310 956 Leia.
334 924 431 964 prim.
455 923 566 954 Oxou.
594 922 642 953 ita
664 922 782 961 legunt

78 983 172 1014 neque
199 975 385 1013 resistentes,
409 983 503 1014 neque
535 973 674 1004 cedentes
695 976 782 1002 tanto

77 1025 166 1056 collis
178 1027 321 1055 adscensu
337 1026 441 1055 lacess.
449 1024 520 1062 jud.
567 1023 668 1053 Unde
685 1023 782 1053 elicio

78 1075 165 1106 hanc
181 1076 362 1106 lectionem
379 1084 474 1114 neque
488 1074 662 1104 resistentes
672 1082 784 1111 aggre-

81 1126 224 1165 diundos,
237 1135 333 1165 neque
355 1126 492 1155 cedentes
506 1127 594 1154 tanto
616 1134 641 1153 c.
665 1124 716 1152 ad.
740 1123 783 1152 Ia-

78 1185 153 1207 cess.
170 1176 200 1214 j.
225 1174 547 1215 Aggredieos,dun1
574 1173 783 1212 resisterent,

77 1230 115 1257 et
139 1227 214 1257 loco
241 1230 433 1266 opportuno
460 1229 650 1261 manerent,
675 1223 784 1254 uoluit

82 1276 219 1306 Caesar:
244 1280 284 1307 ut
311 1275 491 1316 patetlvel
522 1284 562 1304 ex
590 1285 620 1305 c.
648 1277 680 1304 9.
729 1274 786 1304 Ce-

79 1326 185 1357 dentes
207 1330 320 1357 autem
344 1326 487 1356 lacessere
511 1324 644 1355 omuino
672 1323 785 1354 stude-

86 1375 166 1413 luat3
190 1380 226 1406 at
253 1376 316 1407 hoc
343 1385 408 1406 non
437 1378 571 1415 poterat
598 1373 673 1403 fieri
698 1376 785 1403 tanto

80 1426 167 1456 cottis
188 1426 352 1457 adscensu:
375 1425 451 1455 ideo
475 1425 650 1455 celerrime
672 1424 784 1464 copias

85 1474 248 1514 admovit,
269 1480 304 1506 et
321 1475 448 1514 jugum,
474 1473 562 1515 quod
596 1473 785 1504 intercede-

88 1523 156 1563 bat,
172 1524 364 1564 occupavit.

129 1577 168 1605 1⁴
194 1574 320 1605 Nostris
334 1573 499 1613 militibus]
530 1572 583 1604 lla
609 1573 674 1603 Ms.
703 1573 786 1612 Reg.

86 1624 125 1655 In
148 1625 222 1655 aliis
243 1624 340 1655 deest
361 1625 484 1654 nostris.
509 1623 617 1653 Clark.
644 1622 786 1653 Addunt

84 1685 159 1706 eam
176 1675 327 1705 voculam
344 1675 431 1705 Edd.
455 1674 555 1704 Vasc.
580 1674 650 1704 Str.
668 1673 784 1714 Steph.

85 1725 216 1765 Gryph.
245 1724 436 1765 posterior:
463 1723 522 1755 sed
544 1724 577 1754 in
599 1723 680 1754 Mss.
706 1723 787 1754 meis

85 1785 150 1806 uon
167 1781 351 1817 comparet.

132 1829 168 1857 15
207 1826 259 1857 Ita
287 1836 378 1866 quum
400 1826 545 1865 paludem
573 1825 742 1864 inpeditam
768 1834 787 1854 a

85 1876 197 1907 castris
220 1887 247 1908 c.
271 1877 409 1907 dividere
434 1874 527 1915 (quoe,
548 1875 616 1914 θα]
644 1873 788 1904 lutrica-

86 1927 155 1958 tior
179 1927 272 1958 locus
299 1931 363 1965 est,
385 1935 460 1963 nec,
484 1929 523 1956 ut
545 1924 695 1963 videtur,
717 1925 788 1955 sine

85 1976 218 2008 mendo.
247 1976 430 2007 Videamus
446 1984 540 2016 ergo,
557 1974 637 2015 quid
655 1973 687 2005 in
704 1974 787 2005 Mss.

86 2027 130 2058 sit
152 2036 192 2059 ac
213 2026 300 2059 Edd‘.
324 2026 452 2068 primis.
498 2026 551 2057 Ita
573 2035 638 2057 nou
661 2026 788 2056 habent

90 2077 177 2109 And.
203 2082 240 2108 et
266 2077 378 2109 Oxon.
417 2078 527 2116 Itaque
558 2076 670 2108 Ortel.
699 2085 789 2116 quum

71 2127 186 2159 'deest
212 2128 320 2168 Bong.
350 2136 401 2167 pr.
433 2126 481 2157 At
506 2126 614 2166 palude
641 2125 789 2166 impedita

90 2177 171 2207 Mss.
200 2176 242 2207 ad
273 2185 375 2207 unum
399 2185 527 2215 omnes,
550 2176 614 2207 nisi
641 2175 729 2216 quod
755 2176 788 2206 iu

92 2227 198 2267 Bong.
216 2236 283 2258 sec.
302 2236 321 2257 a
337 2236 437 2257 manu
462 2236 530 2257 sec.
548 2226 591 2257 sit
610 2227 717 2266 palus.-
741 2226 790 2256 uti

88 2277 189 2309 ctiam
213 2277 246 2308 in
273 2277 386 2307 Ortel.
404 2281 440 2307 et
456 2276 542 2307 Edd.
560 2276 787 2317 principibus:

88 2338 107 2358 a
132 2332 251 2359 carent
280 2327 404 2358 Audin.
430 2331 465 2357 et
493 2326 603 2357 Oxou.
626 2326 659 2357 in
681 2326 792 2357 castris

89 2379 168 2410 Ort.
207 2378 374 2409 Dic-idere!
402 2376 599 2415 Leidenses,
624 2376 792 2416 Vossiani,

88 2429 208 2470 Cujac.
239 2429 363 2469 Scalig.
393 2429 504 2459 Oxou.
536 2428 656 2458 Petav.
683 2427 790 2468 Bong.

88 2489 160 2510 sec.
187 2483 266 2510 tert.
292 2479 404 2511 Pal-at.
430 2477 598 2518 Egmnnd.
625 2478 790 2518 Gottorp.

90 2530 233 2561 Dorvill.
262 2530 473 2560 dit-iderentur
498 2530 624 2560 Lovau.
655 2529 790 2560 Cau-rar.

89 2584 126 2612 et
140 2581 259 2612 Brant.
275 2582 347 2611 dum
364 2582 481 2611 videret
497 2580 605 2620 Bong.
623 2589 673 2620 pr.
689 2579 793 2609 dimit·

92 2636 192 2664 terent
217 2633 344 2664 Audin.
378 2633 429 2664 Ex
453 2632 504 2662 his
537 2630 792 2662 diversitatibus

92 2682 266 2714 commode
282 2683 349 2724 legi
371 2691 468 2723 posse
489 2681 657 2712 arbitror:
684 2681 793 2720 Itaque

94 2732 149 2763 vel
172 2734 218 2772 ua
232 2743 325 2774 quum
338 2734 467 2773 paludes
487 2732 633 2772 inpcduoe
648 2741 667 2762 a
683 2730 794 2762 castris

93 2786 197 2813 castra
217 2782 401 2814 dividerent.
449 2782 559 2823 Vulgo
573 2782 719 2823 jungere
736 2780 792 2811 (le-

1417 216 1529 256 1285

832 322 912 353 ben!
929 334 995 354 cum
1018 325 1154 354 animum
1177 324 1359 354 advertent.
1404 322 1529 353 Verum

829 373 862 402 id
894 374 1008 404 Caesnr
1032 375 1103 414 jam
1128 375 1260 404 demum
1292 383 1356 403 uon
1385 373 1533 404 animad-

828 423 945 461 vortit,
960 424 1017 454 sed
1035 425 1193 464 quamdiu
1211 425 1262 455 hic
1281 429 1392 455 castra
1408 424 1532 454 habue-

831 477 895 511 rat,
917 473 979 503 hoc
1004 475 1160 504 sciverat.
1208 474 1354 512 Paludes,
1371 479 1407 504 ut
1423 481 1527 512 sa’po,

830 521 990 552 dicuntur
1026 527 1117 553 totus
1149 523 1205 553 ille
1237 523 1329 553 locus
1358 522 1529 563 palustria.

831 573 976 602 Pluralis
1007 577 1120 602 autern
1147 572 1202 603 hic
1231 583 1390 603 numerus
1416 582 1530 603 ausam

832 621 1043 662 corruptioni
1081 622 1214 652 dedisse
1245 623 1390 654 videtur.
1447 623 1531 653 Mox

830 671 1012 713 difficultate
1028 671 1110 711 legit
1128 671 1338 710 (Ξίῑιοοοιιίιις,
1356 678 1390 701 ut
1407 681 1475 711 quae
1491 671 1533 702 atl

830 722 970 761 paludem
987 720 1166 752 referatur.
1198 721 1264 751 Sed
1282 721 1352 751 lure
1369 722 1534 752 correctio

833 772 904 802 sine
948 772 1115 803 Mstorum
1145 781 1209 812 ope
1239 781 1304 802 non
1336 777 1389 802 est
1420 781 1534 801 not-es-

833 823 933 853 saria.

879 875 917 903 19
941 871 1088 903 Animum
1110 870 1302 909 adverteret]
1333 870 1534 910 Elegantem

833 922 918 952 hanc
951 922 1131 952 lectionem
1160 921 1396 960 Mauuscripto
1429 921 1534 952 Norv.

833 972 1015 1003 debemus:
1042 972 1074 1002 in
1092 971 1192 1001 editis
1215 971 1302 1001 enim
1327 976 1378 1001 est
1399 971 1538 1001 animad-

833 1026 977 1062 rev-teret,
1008 1032 1082 1063 quae
1125 1031 1206 1052 saue
1235 1022 1405 1061 scriptum
1435 1031 1536 1060 pares

834 1073 986 1102 Veneres
1010 1081 1075 1102 uon
1100 1071 1243 1101 oblinet.
1289 1071 1377 1101 Vide
1401 1077 1471 1101 not.
1493 1070 1535 1100 ad

835 1122 874 1152 B.
893 1122 935 1152 G.
961 1130 983 1152 1.
1008 1123 1060 1152 24.
1088 1126 1122 1151 ct
1150 1122 1190 1152 B.
1209 1121 1252 1151 G.
1279 1130 1313 1150 v.
1340 1124 1390 1150 18.
1425 1120 1536 1150 Daris.

835 1171 890 1202 sic
908 1180 1041 1212 quoque
1058 1171 1166 1210 Boug.
1190 1179 1242 1210 pr.
1259 1171 1358 1201 Voss.
1378 1180 1429 1210 pr.
1447 1169 1537 1200 And.

836 1223 948 1254 Oxou.
977 1222 1102 1253 Lovan.
1132 1221 1297 1262 Egmund.
1323 1222 1483 1260 Gottorp.
1503 1226 1539 1252 et

835 1275 901 1306 duo
924 1275 981 1305 alii
1008 1284 1084 1305 cum
1110 1274 1174 1305 Ed.
1201 1275 1349 1305 Incerta.
1385 1273 1472 1305 Vide
1496 1273 1537 1303 ad

836 1335 866 1356 c.
883 1328 933 1356 ll.

879 1384 938 1406 xv.
956 1379 974 1406 5
1001 1375 1147 1414 Cognita,
1163 1372 1283 1412 Caesar]
1311 1373 1407 1404 Leid.
1437 1383 1486 1413 pr.
1504 1378 1539 1404 et

836 1425 947 1456 Oxou.
979 1425 1097 1463 Coesar,
1122 1423 1259 1462 cognita.
1295 1423 1417 1454 Recte.
1451 1423 1538 1454 Vide

836 1476 878 1507 ad
916 1484 956 1506 ιι.
985 1477 1037 1506 49.
1075 1475 1084 1490 ‘
1104 1474 1235 1506 Quibus
1271 1473 1396 1504 litteris
1428 1473 1540 1504 Caesar

837 1527 982 1558 adlatis!

879 1580 899 1608 6
924 1576 1047 1607 Muniri
1065 1576 1154 1615 jubet
1183 1575 1226 1616 c.]
1258 1576 1336 1607 Non
1368 1575 1540 1606 adsentior

838 1628 910 1658 viro
926 1627 1041 1666 docto,
1063 1627 1134 1658 haec
1152 1626 1253 1656 verba
1269 1635 1329 1666 pro
1346 1625 1468 1666 spuriis
1486 1626 1541 1655 lia-

840 1679 947 1718 benti‚
978 1678 1070 1720 quasi
1101 1678 1182 1708 satis
1211 1677 1450 1707 subintellecta
1479 1675 1540 1706 sub

838 1740 933 1771 seqq.
967 1730 1126 1761 Absolutis
1149 1727 1298 1768 operibus.
1334 1727 1413 1758 Nou
1428 1726 1476 1756 ita
1492 1734 1542 1756 so·

839 1782 911 1812 lent
928 1781 1040 1811 Casar
1056 1785 1091 1810 et
1110 1779 1253 1809 Hirtius.
1297 1778 1458 1808 Ceterum
1475 1786 1540 1806 mu-

839 1830 907 1861 nire
933 1834 987 1860 est
1013 1830 1045 1859 in
1068 1830 1175 1868 Bong.
1201 1837 1252 1867 pr.
1280 1832 1316 1858 et
1342 1826 1455 1857 Oxou.
1482 1825 1542 1856 sed

840 1879 960 1920 Cujac.
991 1879 1111 1909 Petav.
1141 1877 1266 1917 Scalig.
1298 1882 1333 1907 et
1363 1876 1457 1907 Leid.
1488 1884 1540 1915 pr.

839 1929 976 1969 metatis,
995 1928 1156 1968 Menapios
1176 1926 1297 1958 munire
1313 1925 1401 1964 jubet
1423 1927 1544 1955 castra.-

839 1980 937 2022 quasi
954 1980 1016 2010 hoe
1039 1988 1122 2009 onus
1145 1977 1332 2018 injunxerit
1347 1974 1542 2013 Germanis

841 2029 897 2070 qui
927 2029 990 2069 ipsi
1023 2032 1119 2058 erant
1158 2028 1191 2057 iu
1223 2026 1357 2056 auxilio.
1418 2023 1544 2056 Confer

840 2089 869 2110 c.
886 2082 940 2110 13.
985 2077 1079 2108 Nihil
1104 2082 1233 2107 temere
1260 2081 1372 2106 tamen
1390 2073 1542 2105 adfirmo.

843 2130 933 2163 Dein
950 2139 1011 2170 pro
1028 2128 1184 2163 absolutis,
1197 2126 1287 2167 quod
1305 2130 1441 2157 servant
1459 2126 1542 2156 Mss.

843 2181 917 2222 Cuj.
944 2181 1030 2212 Scal.
1058 2178 1152 2210 Leid.
1177 2187 1227 2218 pr.
1251 2177 1363 2208 Oxou.
1388 2181 1424 2208 et
1454 2174 1543 2206 And.

843 2231 964 2272 reliqui
989 2229 1130 2268 habent,
1159 2239 1196 2258 ac
1234 2227 1352 2258 solutis.
1400 2226 1544 2257 Dorvill.

843 2281 954 2312 Palat.
971 2281 1066 2312 Carr.
1083 2282 1119 2309 et
1134 2277 1221 2309 Edd.
1237 2277 1333 2308 Rom.
1350 2277 1436 2307 Ven.
1450 2275 1544 2308 Med.

843 2332 985 2373 aiiaeque
1000 2341 1036 2362 ac
1050 2329 1160 2360 solitis.
1199 2328 1382 2365 Gruterus,
1400 2327 1546 2367 Lipsius-

843 2391 908 2423 que
922 2381 999 2412 hinc
1015 2380 1233 2420 conjecerunt
1247 2379 1312 2419 leg.
1330 2381 1433 2409 castra
1448 2377 1548 2408 salitis

843 2433 992 2473 operibus.
1038 2431 1086 2462 At
1127 2430 1274 2471 vulgaris
1306 2430 1408 2460 lectio
1439 2430 1545 2460 multo

843 2483 1030 2522 elegantior
1046 2486 1112 2520 est,
1127 2480 1404 2522 concinniorque.

886 2536 927 2563 10
949 2532 1025 2563 Siue
1038 2531 1181 2572 cibariis]
1208 2532 1283 2562 Sine
1296 2531 1430 2571 periculo
1446 2533 1496 2560 est
1513 2529 1547 2560 in

844 2583 911 2613 Ms.
936 2583 1054 2622 Cujac.
1069 2583 1112 2613 B.
1130 2591 1180 2622 pr.
1196 2591 1264 2612 sec.
1281 2585 1361 2612 tert.
1379 2581 1451 2610 Pal.
1467 2579 1546 2610 Pet.

844 2637 880 2663 et
898 2636 961 2663 vet.
977 2632 1053 2663 cod.
1070 2638 1196 2663 nostro.
1218 2631 1346 2661 Vossius.
1363 2630 1446 2660 Mss.
1471 2628 1546 2660 Siue

841 2682 976 2723 periculo
989 2687 1024 2713 et
1038 2685 1180 2723 ceperunt
1196 2689 1256 2717 pro
1274 2680 1421 2710 inierunt.
1437 2679 1545 2709 Clark.

848 2731 1036 2773 Utrumque
1051 2736 1102 2763 est
1117 2731 1219 2761 etiam
1240 2730 1273 2760 in
1300 2729 1383 2759 Mss.
1399 2729 1496 2768 meis,
1511 2734 1547 2760 et

846 2781 933 2813 Eud.
959 2783 1082 2823 primis.
1130 2781 1198 2812 Soli
1225 2779 1333 2811 [odd.
1364 2777 1489 2811 Audin.
1511 2785 1547 2811 ct
