1883 3121
420 213 1082 254 Ln211.cAP.l.1n;ssEnLo
1115 223 1288 252 euleu

144 318 357 350 scribendum
375 327 447 350 esse
463 317 538 349 libri
560 317 608 349 sui
625 325 691 347 orae
711 315 845 347 adleve-

144 375 206 400 rat.
252 369 323 401 Mei
352 369 478 400 habent
508 368 664 399 meliores
697 365 843 397 fascium

143 421 196 451 vel
219 419 375 458 Fuseium,
395 419 545 450 Fusenum
562 415 655 448 Leid.
672 425 723 456 pr.
740 415 842 456 Suffe-

143 481 215 502 mm:
238 471 335 502 Voss.
360 474 394 500 at
417 476 533 499 omnes
555 466 709 497 Kalenum
725 475 786 506 per
805 465 842 497 C.

143 526 284 552 exarant
311 527 501 561 perperam.
536 517 648 548 Fusius
674 522 710 547 et
738 516 844 558 Fufius

142 571 396 602 confunduntur
424 569 526 601 etiam
568 568 609 599 B.
642 567 686 599 G.
717 575 782 598 vn.
812 569 842 598 3.

144 622 199 653 ubi
226 621 314 652 vide.
358 619 450 652 Dein
471 618 602 660 proeficit
619 617 754 649 exhibui
771 627 844 649 auc-

1491 214 1600 255 1405

898 318 1036 348 toritate
1054 318 1173 349 Petav.
1192 317 1285 347 Leid.
1301 326 1350 357 pr.
1367 316 1479 347 Palat.
1491 317 1598 358 Boug.

899 368 1005 398 Dorv.
1041 368 1139 398 Voss.
1178 368 1364 398 mutatione
1408 373 1600 407 temporum

897 416 1029 454 crebra,
1045 423 1079 447 et
1096 417 1246 456 singulis,
1266 423 1304 447 ut
1326 417 1373 447 ita
1400 417 1524 455 dicam,
1542 427 1600 458 pa-

899 465 983 506 ginis
1005 472 1217 497 oecurrente.
1263 467 1350 497 Item
1374 467 1522 498 ultimam
1545 477 1601 498 vo-

898 515 1007 546 culam
1020 519 1064 546 cst
1079 515 1202 553 delevi,
1216 516 1373 556 exigente
1387 516 1419 547 id
1437 517 1600 548 sermonis

898 565 1080 606 elegantia,
1097 565 1147 594 uti
1164 571 1198 595 et
1215 566 1310 598 Leid.
1328 576 1379 607 pr.
1398 576 1417 597 a
1437 577 1481 599 ιιι.
1499 577 1549 608 pr.
1566 573 1600 598 et

898 616 1058 648 Palatino
1075 614 1184 647 Codd.

418 953 538 1002 DE
611 955 917 1005 BELLO
991 959 1319 1009 CIVILI.

781 1095 878 1134 LIB.
910 1098 962 1136 11.

183 1218 268 1250 CAP.
279 1226 305 1249 1.
319 1220 336 1249 -l
354 1218 406 1250 Ad
417 1221 538 1259 partem
548 1230 606 1260 qua
618 1225 663 1252 est
676 1222 779 1255 aditus
790 1222 846 1265 (ex

143 1269 250 1300 Gallia
272 1273 364 1310 atque
381 1270 538 1310 Hispania
552 1272 592 1302 ad
607 1272 640 1302 id
655 1283 751 1312 mare,
766 1277 846 1314 quod

140 1319 258 1362 adigit)
280 1322 321 1352 ad
343 1320 454 1351 ostium
477 1320 636 1361 Rhodani]
665 1322 721 1354 Ita
744 1325 847 1356 Scali-

141 1380 202 1411 ger
228 1369 348 1409 edidit,
376 1370 570 1410 parenthesi
593 1367 742 1403 *inclusis
780 1373 844 1405 illis

141 1420 293 1461 quae·hic
317 1420 412 1451 vides
439 1420 571 1452 verbis:
597 1422 686 1464 quod
711 1424 844 1464 quando

138 1471 175 1502 in
191 1471 340 1504 editione
357 1472 427 1513 ejus
449 1471 501 1511 fit,
522 1472 665 1504 denotat
686 1481 845 1515 suspecta

138 1522 195 1553 vel
241 1521 409 1562 ejicienda
449 1531 534 1554 esse.
592 1524 770 1556 Palatinus
808 1530 845 1557 et

139 1572 390 1614 Bongarsianus
418 1572 527 1604 codex
557 1574 704 1605 habent:
740 1575 845 1607 aditus

139 1624 180 1653 ad
205 1623 344 1654 Galliam
363 1626 453 1664 atque
479 1623 678 1664 Hispaniam.
724 1626 771 1656 Et
794 1626 842 1658 sic

140 1671 342 1705 emendabat
355 1674 517 1705 Fae'rnus.
531 1673 602 1705 Alii
614 1675 749 1716 legunt:
774 1676 843 1711 Qua

139 1728 184 1754 est
210 1724 315 1756 aditus
337 1725 375 1755 ab
403 1735 436 1756 eo
464 1725 544 1756 mari
573 1726 651 1766 quod
676 1727 779 1766 vergit
804 1728 845 1758 ad

139 1775 252 1806 ostium
269 1774 425 1807 Rhodani.
469 1775 537 1807 Sed
561 1776 624 1807 hoc
641 1776 779 1808 Fulvius
796 1778 845 1808 ni-

140 1824 242 1856 mium
256 1824 420 1856 recedere
436 1829 535 1865 putat
549 1834 569 1855 a
582 1826 722 1866 vulgata
737 1826 844 1867 scrip·

140 1879 229 1906 tura.
274 1874 320 1905 Et
335 1879 373 1905 ut
389 1884 506 1906 verum
530 1873 709 1915 fateamur,
724 1886 843 1916 parum

137 1926 170 1956 id
193 1934 235 1956 ex
258 1929 372 1956 mente
393 1925 551 1957 Caesaris.
597 1926 773 1958 Quomodo
796 1932 843 1959 ta-

139 1985 215 2007 men
243 1975 474 2007 emendandns
500 1976 594 2007 locus
622 1977 680 2016 sit,
706 1988 842 2018 prorsus

139 2026 270 2057 nescire
286 2035 338 2057 rue
352 2025 528 2057 confiteor.
552 2026 678 2067 OEdipo
690 2027 745 2059 hic
759 2038 843 2068 opus

139 2082 203 2108 est.
247 2075 338 2107 Illud
363 2080 495 2107 certum
515 2076 672 2116 arbitror,
687 2078 843 2119 quaedam

139 2137 158 2157 a
172 2125 308 2157 librario
324 2125 454 2157 inserta
466 2135 551 2158 esse.
580 2127 713 2160 Vossius.
728 2129 843 2160 Variae

139 2182 217 2208 sunt
249 2177 339 2208 hunc
374 2176 408 2207 in
446 2177 556 2208 locum
594 2178 842 2211 hariolationes.

141 2229 247 2260 Gabr.
263 2228 414 2260 Faefflus
438 2228 569 2268 scribit,
592 2240 652 2269 qua
674 2234 720 2261 est
741 2232 844 2262 aditus

138 2279 178 2309 ad
200 2278 338 2310 Galliam
363 2282 454 2319 atque
477 2278 678 2319 Hispaniam,
699 2281 752 2320 Ere.
779 2290 843 2312 nec

138 2329 225 2359 male
264 2327 440 2367 divinavit,
476 2328 522 2359 ita
561 2329 650 2360 enim
679 2330 844 2363 exhibent

139 2379 221 2410 Mss.
253 2379 387 2411 Carrar.
415 2379 527 2410 Palat.
553 2384 589 2410 et
616 2379 781 2421 Bongars.
805 2390 868 2411 ac.

138 2429 238 2460 editt.
275 2429 374 2460 Rom.
412 2429 499 2460 Ven.
537 2429 698 2462 Beroald.
736 2431 842 2462 Petro

138 2479 321 2510 Ciacconio
337 2480 466 2520 placuit
487 2490 546 2519 qua
569 2484 616 2511 est
637 2481 742 2511 aditus
756 2481 794 2512 ab
809 2492 844 2513 eo

137 2529 228 2568 naari,
253 2530 333 2570 quod
354 2530 456 2569 vergit
479 2531 520 2559 ad
541 2530 652 2560 ostium
676 2530 846 2568 mundani,-

138 2587 238 2619 quam
267 2579 514 2620 conjecturam,
543 2584 582 2610 ut
611 2579 710 2610 nimis
741 2580 844 2611 auda-

139 2637 226 2667 cem,
256 2630 376 2661 merito
409 2630 522 2670 rejicit
554 2629 649 2660 Fulv.
689 2630 843 2662 Ursinus.

137 2679 294 2720 Scaliger
301 2681 434 2720 reponit
445 2690 504 2721 qua
513 2683 559 2711 est
568 2681 672 2711 aditus
682 2682 723 2711 ad
731 2681 845 2711 ostium

143 2727 298 2768 Rhodani,
327 2734 444 2761 cetera
478 2740 521 2761 ex
558 2730 844 2770 interpretatione

140 2781 220 2810 nata
236 2782 367 2810 temere
382 2775 577 2811 arbitratus.
622 2779 773 2821 Ingenue
791 2789 845 2811 au—

899 1230 969 1258 tem
993 1226 1124 1259 fatetur
1144 1225 1297 1266 Vossius,
1326 1234 1362 1257 se
1386 1233 1525 1266 prorsus
1547 1231 1604 1255 ne-

898 1277 1173 1318 scire,quomodo
1186 1274 1418 1307 emendandus
1431 1276 1475 1306 sit
1489 1275 1581 1306 locus
1595 1285 1603 1311 ς
1651 1313 1655 1319 Α

865 1360 882 1364 ,,
899 1326 955 1356 cui
972 1331 1084 1357 tamen
1100 1325 1234 1357 felicem
1250 1325 1454 1356 medicinam
1471 1330 1603 1356 tantum

898 1384 965 1406 non
980 1376 1110 1407 invenit
1123 1373 1230 1406 frater
1245 1375 1316 1415 ejus
1333 1374 1473 1405 Isaacns
1487 1385 1496 1411 ς
1520 1374 1606 1415 legit

899 1427 988 1457 enim
1010 1431 1081 1457 not.
1107 1426 1150 1457 ad
1178 1424 1359 1465 Pomponii
1387 1424 1490 1455 Melae
1517 1432 1556 1454 ιι.
1573 1427 1604 1455 5.

899 1477 908 1493 ‘
924 1477 1032 1507 altera
1049 1476 1089 1506 ad
1107 1480 1252 1516 partem,
1269 1484 1334 1515 qua
1359 1479 1411 1506 est
1434 1474 1544 1504 aditus
1561 1482 1604 1504 ex

899 1526 1012 1558 Gallia
1037 1530 1140 1567 atque
1172 1524 1352 1564 Hispania,
1380 1523 1423 1554 ad
1451 1522 1486 1553 id
1513 1531 1604 1553 mare

898 1576 987 1617 quod
1006 1575 1144 1617 attingit
1159 1574 1281 1605 ostium
1297 1572 1449 1605 Rhodani
1461 1572 1479 1610 ;’
1502 1573 1606 1603 aditus

897 1627 986 1657 enim
1001 1636 1041 1657 ex
1056 1626 1162 1656 Gallia
1184 1628 1277 1665 atque
1295 1623 1452 1664 Hispania
1469 1622 1604 1653 concise

898 1675 1038 1716 dicitur,
1060 1685 1122 1716 pro
1149 1684 1190 1706 eo
1213 1674 1305 1716 quod
1327 1678 1394 1713 est,
1421 1672 1533 1703 aditus
1560 1671 1603 1702 ad

899 1726 1099 1764 Massiliam,
1113 1724 1326 1756 venientibus
1342 1732 1387 1754 ex
1399 1723 1513 1755 Gallia
1528 1720 1605 1753 His-

899 1776 1079 1817 paniaque.
1124 1775 1295 1806 Firmatur
1325 1774 1398 1814 ejus
1434 1772 1605 1804 sententia

898 1834 940 1856 ex
957 1825 1055 1857 editt.
1078 1824 1200 1865 steph.
1223 1828 1259 1855 et
1276 1823 1416 1855 Vascos.
1432 1823 1467 1854 in
1485 1822 1604 1864 quibus

897 1879 951 1906 est
965 1874 1097 1914 attingit
1117 1875 1157 1905 ad
1176 1874 1300 1913 ostium,
1317 1874 1365 1904 sic
1382 1877 1419 1904 et
1434 1873 1503 1904 Ms.
1519 1872 1606 1903 Nor-

898 1925 964 1956 vic.
978 1924 1042 1954 nisi
1056 1923 1146 1965 quod
1168 1924 1227 1954 ille
1249 1923 1385 1962 attigit5
1407 1932 1470 1953 nec
1491 1921 1604 1953 forsan

897 1976 997 2013 male,
1022 1975 1125 2015 attigo
1155 1974 1242 2005 enim
1267 1974 1430 2005 dixerunt
1456 1976 1604 2004 veteres.

898 2025 1102 2066 Propertius
1116 2025 1222 2065 >Eleg.
1240 2033 1264 2055 1.
1283 2026 1335 2054 17.
1351 2026 1405 2054 27.
1428 2025 1438 2039 ‘
1451 2023 1487 2054 Si
1501 2031 1606 2063 quan-

898 2076 941 2107 do
969 2079 1102 2106 vestras
1127 2073 1244 2105 labens
1275 2073 1380 2104 Amor
1403 2072 1520 2113 attigit
1550 2081 1607 2102 un-

898 2125 980 2157 das.'
1025 2124 1154 2156 Eadem
1181 2124 1284 2155 etiam
1310 2122 1420 2156 forma
1447 2123 1500 2153 usi
1527 2127 1606 2153 sunt

898 2175 1081 2214 Pacuvius,
1113 2173 1264 2205 Lucilius
1304 2178 1339 2204 et
1374 2173 1530 2212 Plautus,
1567 2176 1606 2202 ut

899 2225 1051 2257 ostendit
1086 2224 1186 2257 Joan.
1235 2222 1406 2254 Meursius
1450 2222 1604 2254 Exercit.

899 2278 986 2310 Crit.
1012 2279 1108 2309 Part.
1135 2286 1159 2307 1.
1186 2275 1221 2306 in
1250 2273 1353 2313 Epid.
1383 2273 1498 2303 Plaut.
1525 2276 1605 2303 c.'7.

899 2338 932 2368 p.
951 2330 1025 2359 119.
1059 2326 1140 2367 Sed,
1156 2330 1193 2357 ut
1209 2325 1264 2355 hic
1288 2322 1460 2364 ἆρχαῖσμὸς
1480 2322 1606 2354 Caesari

899 2377 1074 2416 reddatur,
1094 2386 1161 2408 non
1182 2376 1324 2406 multum
1340 2374 1524 2404 contendo.
1559 2373 1605 2404 11—

900 2427 958 2458 lud
997 2432 1140 2464 certum,
1179 2423 1456 2465 praepositionem
1483 2423 1526 2454 ab
1557 2423 1602 2454 Is.

897 2478 1019 2509 Vossio
1032 2477 1193 2518 rejectam
1210 2475 1337 2505 debere
1349 2474 1511 2511 retineri;
1528 2482 1604 2503 eam

899 2527 1026 2568 quippe
1064 2526 1227 2557 exhibent
1264 2524 1348 2555 Mss.
1387 2530 1423 2554 et
1468 2530 1602 2554 veteres

899 2577 982 2608 cusi.
1026 2575 1188 2608 Rescribe
1208 2575 1314 2615 igitur
1328 2573 1452 2612 attigit,
1469 2573 1540 2604 sive
1554 2576 1603 2603 at·

898 2626 1010 2666 tingit,
1025 2628 1066 2657 ad
1081 2627 1194 2658 ostium
1214 2624 1368 2656 Rhodani.
1413 2623 1546 2653 Auctor
1559 2622 1603 2653 ad

901 2678 1112 2709 Herennium
1137 2678 1162 2710 l.
1184 2686 1234 2708 lv.
1263 2674 1323 2705 fol.
1353 2676 1406 2704 38.
1435 2673 1476 2704 B.
1501 2672 1604 2704 editt.

899 2727 1017 2760 Lamb.
1034 2728 1043 2744 ‘
1060 2728 1115 2759 Ad
1131 2729 1217 2758 hanc
1235 2734 1317 2760 rem.
1333 2723 1424 2765 quod
1441 2722 1522 2754 satis
1539 2727 1606 2762 est,

899 2777 1126 2818 attingemus!
1172 2776 1252 2816 Ipse
1290 2774 1383 2806 Mela
1413 2782 1437 2804 1.
1467 2775 1498 2804 4.
1530 2773 1605 2804 ‘Et
