1818 3131
244 193 357 235 1196

241 299 456 339 conjunctam
475 297 590 335 fuisse,
602 297 661 327 sed
678 298 774 338 cujus
789 297 822 328 in
841 297 945 339 Aqui·

243 350 336 382 tania
351 359 440 390 pars,
458 358 534 388 pars
551 348 582 378 in
603 348 813 378 Narbonensi
831 349 942 380 Gallia

242 406 346 433 essct.
390 399 476 429 Saue
494 399 525 429 in
542 398 709 430 Strabone
726 405 777 430 est
792 399 942 436 Ῥουθήνοι

243 462 279 481 τε
293 449 343 480 καὶ
365 450 517 484 Γαβαλεῖς
536 451 576 490 τῇ
596 449 795 489 Ναρβωνίτιδι
811 451 942 488 πλησιά-

244 499 343 539 ζουσι.
389 500 430 529 Et
450 499 580 529 l‘linius
604 508 652 530 lv.
674 503 721 531 19.
768 502 942 532 Rutlienos

245 548 328 579 facit
349 549 358 565 ‘
379 549 594 580 Narbonensi
613 551 793 589 provinciae
811 557 944 581 conter-

244 600 374 631 minos!
421 601 568 631 Rursum
586 604 667 632 ιι.4.
692 612 748 632 eos
765 602 796 631 in
816 601 945 632 Narbo-

244 651 340 681 nensi
364 651 538 691 provincia
564 652 665 682 locat.
696 652 828 683 Vossius.
854 652 944 683 Euliti

246 701 413 740 Rathenis,
430 702 683 733 Prouincialibus.
730 703 794 733 Sed
810 712 868 733 nos
882 702 946 732 dis-

244 751 447 782 tinctionem
473 751 664 782 induximus
688 751 754 782 fide
779 753 842 782 Ms.
862 751 946 781 Nor-

246 803 310 833 vic.
330 803 443 834 Graeci
461 802 724 842 Intei¹pretis‚ac
736 802 835 832 editt.
851 803 946 832 Rom.

246 852 334 884 Ven.
347 852 505 884 Beroald.
518 863 526 888 ;
541 853 764 882 observarunt
780 852 866 881 enim
887 851 948 881 viri

246 903 384 942 eruditi,
427 903 580 942 duplices
620 900 720 932 fuis-se
762 902 948 941 Rudrenos,

246 953 330 984 alios
346 953 379 983 in
400 952 590 990 Provincia,
613 952 696 982 alios
717 953 749 982 in
770 953 950 993 Aquitania

246 1003 337 1035 sitos.
360 1003 448 1033 Vide
466 1003 613 1033 Plinium
631 1002 723 1034 Hist.
743 1003 824 1034 Nat.
844 1012 900 1033 111.
916 1005 948 1033 4.

249 1058 285 1085 et
302 1062 348 1084 iv.
365 1056 396 1084 9.
432 1053 542 1084 Dat-is.

292 1108 311 1135 8
340 1105 437 1135 Volcis
459 1103 660 1144 Arecomicis]
698 1105 841 1135 Veteres
872 1103 950 1134 libri

249 1154 340 1195 typis
371 1155 486 1185 excusi
519 1155 632 1192 rost-is,
657 1154 843 1189 Artomicis,·
874 1164 950 1194 quae

250 1205 383 1247 quidem
402 1206 522 1236 vitiosa
548 1206 651 1236 lectio
676 1207 833 1237 Graecum
850 1205 952 1235 inter-

251 1260 384 1295 pretem
413 1254 561 1286 fefellit:
598 1256 699 1286 babet
730 1256 818 1286 enim
851 1256 883 1285 ἐν
912 1256 954 1294 τῇ

249 1305 366 1346 (χώρᾳ)
376 1307 437 1336 τῶν
448 1306 739 1344 Ἀρεκομικῶν-καὶ
749 1307 809 1335 τῶν
819 1304 953 1337 Βόλκων,

252 1356 348 1397 quasi
375 1356 491 1386 Volcae
524 1359 559 1386 et
590 1354 782 1385 Arecomici
811 1354 952 1393 populus

251 1410 364 1437 essent
394 1405 562 1435 diversus.
608 1404 744 1444 Inepte,
775 1409 812 1434 ut
838 1403 954 1434 docuit

252 1453 299 1486 I‘s.
318 1454 534 1486 Casaubonus
565 1454 607 1485 ad
648 1454 823 1485 Strabonis
851 1454 873 1484 1.
904 1462 953 1485 lv.

253 1517 287 1547 p.
305 1509 378 1537 186.
426 1506 523 1536 Idem.

297 1560 335 1588 11
361 1555 504 1595 Helvios]
519 1556 573 1587 Ita
587 1560 621 1586 et
633 1555 700 1586 Ms.
715 1558 841 1586 noster.
865 1554 954 1585 Stra-

254 1608 297 1639 bo
321 1605 465 1637 Ἐλούους
485 1612 597 1638 vocat.
644 1606 753 1637 Notat
778 1605 879 1636 etiam
902 1605 955 1636 Ci-

254 1657 413 1689 accouius
451 1657 485 1687 in
524 1656 651 1696 scripto
685 1655 803 1686 codice
832 1655 955 1695 legisse

255 1708 348 1738 Iluas.
394 1706 543 1738 Dubium
570 1716 645 1747 quae
673 1706 842 1746 scriptura
872 1715 956 1745 prae-

255 1762 334 1789 stet.
362 1757 495 1788 Vossius.
523 1757 607 1788 Mss.
625 1758 743 1788 Brant.
762 1756 900 1787 Norvic.
917 1765 956 1786 ac

257 1807 340 1838 edit.
357 1808 453 1838 Rom.
476 1806 531 1837 hic
548 1810 583 1836 et
599 1805 686 1836 infra
702 1806 864 1836 exhibent
885 1805 957 1835 Hel-

255 1857 373 1892 πιέσῃ·
404 1856 550 1887 vitiose:
586 1855 747 1885 Cebenna
772 1854 860 1884 enim
891 1863 956 1883 non

257 1906 427 1937 Arvernos
450 1905 493 1935 ab
516 1905 684 1944 Helvetiis,
699 1904 757 1935 sed
775 1903 817 1934 ab
835 1904 957 1934 Helviis

257 1955 429 1986 discludit.
462 1955 517 1985 De
534 1955 672 1994 hujusce
688 1959 800 1985 tamen
817 1954 958 1984 nominis

258 2005 509 2046 orthographia
527 2005 566 2035 lis
591 2009 643 2035 est
668 2005 757 2036 inter
776 2004 959 2042 Eruditos;

259 2057 459 2089 Ciacconius
474 2057 563 2087 enim
586 2057 618 2087 in
641 2066 700 2087 suo
724 2056 851 2088 Codice
867 2056 958 2086 inve-

259 2108 311 2139 nit
341 2107 435 2147 linos,
464 2112 500 2138 et
533 2107 657 2139 Strabo
685 2106 813 2147 Geogr.
856 2107 877 2137 l.
910 2115 959 2137 iv.

262 2170 294 2200 p.
335 2162 408 2190 190.
451 2157 595 2189 Ἐλούους
632 2159 791 2190 nominat.
848 2158 958 2190 Datis.

260 2210 368 2241 fitz-ios
384 2209 485 2240 etiam
503 2214 556 2240 est
579 2209 613 2239 in
634 2209 727 2240 Leid.
743 2217 808 2239 sec.
846 2208 959 2239 Hiluo·

258 2271 327 2292 rum
346 2265 379 2291 et
396 2260 531 2291 Ilnorum
555 2260 638 2290 Mss.
661 2258 732 2290 fere
748 2268 862 2289 omnes
880 2268 960 2300 quo-

261 2321 326 2352 que
345 2311 385 2341 B.
403 2311 476 2341 Civ.
494 2319 518 2342 1.
536 2313 588 2340 35.
635 2309 763 2340 Hediws
786 2309 882 2340 Leid.
907 2319 958 2349 pr.

261 2372 335 2393 cum
353 2365 384 2393 4.
408 2362 502 2392 aliis:
530 2361 633 2391 Eduos
659 2360 723 2390 Ed.
752 2360 823 2391 luc.
852 2360 962 2390 Heli-e-

258 2414 321 2443 tios
349 2413 431 2443 Mss.
455 2416 486 2443 2.
516 2417 551 2442 et
576 2409 662 2441 Edu.
690 2410 833 2450 primae:
869 2415 903 2441 et
929 2411 962 2440 iu

261 2463 327 2494 illis
345 2463 497 2494 omnibus
515 2461 633 2493 eodem
651 2460 748 2491 modo
765 2470 794 2490 c.
814 2470 882 2501 seq.

306 2521 386 2544 vul.
417 2516 436 2543 2
474 2511 636 2548 Putabam
670 2510 701 2540 in
726 2510 864 2548 Heli-ios,
896 2511 964 2551 ἐγὼ]

264 2563 341 2595 Hac
356 2563 631 2602 interpunctione
645 2559 826 2600 perspicua
838 2559 876 2590 fit
891 2569 964 2591 sen.

263 2614 382 2646 tentia.
429 2613 516 2644 Nam
532 2610 622 2652 quod
639 2611 731 2641 Editi
747 2610 872 2640 liabent
887 2620 895 2642 2
908 2620 965 2650 pu-

263 2665 362 2703 tabat,
375 2663 409 2693 in
426 2661 566 2700 Helvios,
583 2664 645 2691 Nc.
663 2660 856 2699 ambiguum
872 2659 968 2699 facit,

265 2719 378 2745 utrum
395 2710 477 2743 illud
490 2709 621 2751 putabat
637 2709 677 2740 ad
695 2709 864 2740 Cmsarem
882 2708 968 2740 refe-

266 2770 374 2803 ratur,
390 2772 431 2793 an
448 2761 490 2793 ad
511 2760 695 2792 Luteriuni.
743 2761 815 2800 Ego
838 2760 880 2791 ad
905 2760 968 2791 Lu-

268 2814 391 2846 teriuin
414 2812 525 2855 potius
554 2809 767 2842 referendum
785 2811 966 2849 existimo;

697 201 838 232 No'rAE
872 202 1135 234 VARlORL'M
1172 203 1221 233 N

992 300 1048 340 qui
1065 299 1226 330 videlicet
1249 308 1288 329 eo
1309 307 1461 337 repressus
1477 307 1512 327 ac
1526 300 1625 328 malus
1640 296 1691 329 di-

992 350 1091 388 citur,
1106 348 1194 389 quod
1211 349 1328 378 intrare
1344 348 1428 377 inlr-a
1441 346 1585 386 praesi'dia
1600 348 1691 387 (quae

995 400 1108 430 Caesar
1122 399 1358 433 constituerat,
1370 406 1471 437 supra
1487 406 1517 427 c.
1539 396 1588 437 7.)
1611 397 1691 436 peri-

992 451 1123 480 culusum
1145 452 1290 489 putaret:
1316 448 1403 488 quod
1431 456 1507 477 cum
1525 447 1574 477 ita
1590 450 1694 485 esset,

995 499 1106 529 Caesar
1123 499 1281 538 deinceps
1298 498 1328 527 in
1347 497 1486 534 Heli-ios,
1501 497 1553 535 &a
1584 496 1693 528 Clark.

1037 552 1056 578 3
1083 549 1173 578 ,Horis
1188 547 1342 586 cebenna]
1373 546 1438 576 Hic
1457 545 1587 576 assidue
1603 545 1694 575 Stra-

996 599 1072 629 boni
1092 597 1255 635 Κέμμενος.
1292 599 1330 629 ln
1355 600 1420 629 ΜΞ.
1436 604 1553 629 nostro
1569 603 1619 629 est
1639 598 1694 628 Ce-

996 660 1107 686 umnna,
1124 651 1180 680 sed
1196 654 1391 689 corruptum
1406 651 1467 680 boc
1484 660 1526 680 ex
1545 650 1697 689 Ceceuna,

998 700 1164 741 quomodo
1182 701 1212 730 in
1232 710 1260 730 v.
1279 711 1307 730 c.
1326 700 1390 730 alio
1407 700 1585 730 invenitur.
1618 700 1695 732 Jam

997 760 1077 781 vero
1094 761 1111 780 i·
1128 760 1188 790 pro
1206 751 1222 780 b
1245 749 1398 790 usurpari
1426 749 1596 780 usitatum.
1639 749 1696 779 Sic

997 803 1029 832 in
1054 803 1159 832 veteri
1184 805 1248 843 lap.
1283 803 1562 843 Transdamoeiani,
1578 808 1613 835 et
1633 804 1698 834 alia

998 854 1181 884 innumera.
1222 854 1353 885 Vossius.
1398 854 1485 884 Vide
1515 859 1551 885 et
1580 854 1698 886 Braut.

1002 905 1094 935 Male
1123 905 1208 935 Eud.
1241 904 1394 945 quaedam
1421 904 1580 935 Gebcnna.
1625 905 1699 944 Ego

1001 955 1133 994 praetuli
1152 956 1290 985 Cevenna
1304 965 1314 985 .·
1337 954 1415 994 quia
1438 954 1485 984 ita
1505 958 1700 984 constanter

1000 1005 1112 1036 inveni
1127 1005 1158 1035 in
1174 1005 1410 1035 vetustissimis
1427 1004 1520 1034 libris
1537 1008 1572 1035 ut
1589 1005 1698 1044 Bong.

1002 1065 1051 1096 pr.
1069 1055 1163 1086 Leid.
1187 1064 1237 1095 pr.
1261 1056 1357 1085 Voss.
1375 1065 1424 1095 pr.
1441 1055 1561 1094 Scalig.
1582 1055 1700 1085 petav.

1003 1105 1168 1143 Egmuud.
1186 1105 1366 1145 multisque
1382 1105 1475 1135 aliis:
1503 1104 1589 1145 «prod
1607 1109 1642 1135 et
1656 1104 1698 1136 de

1002 1156 1086 1187 Cod.
1110 1155 1251 1185 Achillis
1271 1155 1372 1185 Statii
1396 1159 1541 1185 testatur
1566 1154 1702 1186 Ciacco·

1001 1205 1086 1236 nius.
1133 1205 1272 1234 Cebenna
1294 1205 1327 1235 in
1352 1205 1425 1235 aliis
1449 1210 1523 1236 erat
1544 1214 1603 1245 pro
1630 1204 1702 1235 Cet.

1003 1260 1039 1286 ut
1055 1255 1149 1286 Suebi
1167 1265 1227 1295 pro
1244 1255 1349 1293 Suet-1¹,
1369 1255 1526 1294 Gergobia
1546 1264 1604 1294 pro
1622 1254 1701 1285 Ger-

1000 1305 1091 1343 govia
1103 1317 1112 1335 .-
1135 1310 1171 1336 et
1186 1306 1368 1336 innumeris
1383 1305 1416 1335 in
1430 1304 1616 1336 nominibus
1633 1314 1703 1334 niu-

1005 1359 1085 1384 tatae
1103 1360 1181 1385 sunt
1196 1354 1213 1383 11
1230 1360 1264 1385 et
1279 1365 1306 1385 v.
1353 1354 1440 1385 Vide
1463 1354 1597 1385 omnino
1621 1362 1705 1394 prae·

1006 1410 1058 1435 ter
1075 1405 1234 1444 plurimos
1251 1405 1338 1436 viros
1355 1404 1470 1436 doctos
1485 1404 1631 1435 Manutii
1649 1414 1706 1435 ex-

1005 1465 1137 1486 cursum
1170 1455 1212 1486 ad
1244 1456 1316 1486 Lib.
1350 1455 1392 1486 de
1432 1455 1528 1486 Bello
1560 1454 1704 1496 Hispan.

1006 1515 1035 1536 c.
1053 1508 1103 1537 13.

1048 1559 1068 1587 6
1091 1556 1224 1597 Labore]
1256 1555 1348 1587 Libri
1377 1555 1530 1596 plerique
1558 1555 1642 1585 Mss.
1670 1558 1706 1586 et

1007 1608 1193 1648 antiquitus
1207 1608 1276 1638 cusi
1288 1608 1408 1637 sudore.
1426 1606 1566 1637 Graecus
1579 1605 1708 1645 σπουδῇ,

1008 1667 1047 1688 ac
1072 1658 1097 1688 si
1121 1657 1222 1688 stadio
1245 1657 1391 1697 legisset.
1417 1656 1526 1686 Clark.
1556 1655 1672 1686 Sudore
1688 1663 1707 1685 e

1008 1708 1130 1739 nostris
1152 1707 1234 1738 (lant
1257 1715 1389 1748 quoqne
1412 1706 1518 1745 Bong.
1542 1704 1710 1741 Voss-iani,

1010 1758 1128 1788 Leidd.
1158 1767 1224 1789 see.
1256 1761 1290 1788 et
1320 1761 1399 1787 tert.
1432 1757 1551 1787 Petav.
1582 1756 1709 1787 Lovan.

1010 1808 1105 1847 Egm.
1125 1807 1221 1838 Gott.
1245 1807 1376 1837 Duker.
1401 1810 1435 1837 et
1458 1806 1603 1837 Dorvill.
1621 1804 1709 1846 quod

1009 1866 1075 1886 non
1092 1857 1196 1886 ausim
1214 1856 1476 1896 damnare,licet
1493 1856 1589 1887 nimis
1602 1856 1710 1896 poeti-

1010 1916 1085 1937 cum
1115 1906 1223 1936 videri
1247 1907 1378 1946 possit3
1410 1910 1443 1937 et
1468 1907 1592 1945 Caesar,
1620 1906 1708 1947 qnod

1010 1958 1126 1995 seiam,
1149 1967 1308 1997 nusquam
1333 1957 1412 1988 alibi
1436 1967 1508 1988 eam
1528 1967 1644 1989 vocem
1662 1958 1711 1988 ita

1011 2006 1180 2037 adhibeat.
1211 2007 1277 2037 Sed
1295 2007 1445 2038 Velleius
1463 2013 1574 2038 tamen
1589 2010 1711 2039 11.128.

1011 2056 1137 2088 ‘Quod
1166 2055 1381 2087 nobilissimis
1420 2067 1535 2087 summo
1565 2067 1633 2088 cum
1661 2067 1712 2088 sit·

1009 2107 1081 2136 dore
1130 2106 1406 2147 consequendum
1455 2107 1530 2138 est!
1597 2108 1712 2138 Valet.

1011 2157 1106 2188 Max.
1121 2166 1185 2188 vn.
1201 2160 1231 2187 6.
1254 2158 1269 2197 §
1291 2161 1320 2188 l.
1366 2159 1374 2174 ‘
1395 2158 1592 2189 Provincias
1607 2159 1713 2189 multo

1011 2207 1133 2238 sudore
1150 2211 1185 2238 et
1201 2207 1362 2247 sanguine
1386 2207 1418 2238 in
1444 2212 1646 2248 potestatem
1665 2217 1714 2239 re-

1012 2257 1150 2289 dactas?
1186 2258 1275 2288 Plin.
1308 2258 1328 2289 l.
1354 2267 1393 2289 ιι.
1425 2259 1490 2298 Ep.
1516 2261 1547 2289 7.
1570 2258 1580 2275 ‘
1599 2259 1714 2289 Decus

1011 2309 1132 2339 sudore
1149 2312 1185 2339 et
1201 2307 1365 2347 sanguine
1383 2307 1544 2349 adsequi!
1582 2308 1631 2338 Eo
1647 2317 1713 2337 ma-

1014 2359 1063 2399 gis
1076 2364 1187 2389 autem
1205 2358 1258 2390 liic
1275 2358 1384 2388 locum
1396 2357 1513 2397 habet,
1530 2357 1607 2398 quia
1620 2356 1715 2387 labor

1013 2410 1065 2439 hic
1084 2419 1149 2439 non
1166 2408 1236 2439 sine
1255 2408 1388 2444 sudore,
1402 2407 1459 2448 qui
1475 2407 1598 2438 milites
1615 2405 1716 2436 decet

1014 2460 1117 2502 (Vide
1144 2459 1185 2490 ad
1211 2459 1349 2490 Sallust.
1376 2458 1454 2498 Jug.
1480 2466 1510 2488 c.
1537 2459 1589 2486 85.
1616 2454 1716 2495 §40.)

1016 2514 1172 2550 peractus
1204 2513 1266 2539 est.
1313 2508 1426 2539 Quare
1459 2515 1576 2546 parum
1609 2504 1717 2545 abest,

1016 2561 1096 2602 quin
1124 2559 1296 2591 adfirmem
1325 2567 1344 2588 a
1371 2559 1505 2588 Caesare
1536 2566 1596 2586 suo
1625 2564 1716 2586 more

1017 2610 1398 2652 Synonymajuiigente‚
1413 2616 1552 2648 quorum
1571 2607 1716 2637 alterum

1018 2663 1124 2693 altero
1139 2661 1340 2699 explicatur,
1363 2658 1525 2697 scriptum
1548 2656 1652 2688 fuisse
1671 2665 1718 2687 su-

1018 2713 1090 2742 dore
1103 2722 1138 2742 ac
1160 2710 1260 2741 labore
1277 2721 1286 2739 :
1310 2709 1360 2740 uti
1384 2714 1420 2739 et
1445 2709 1576 2739 locutus
1598 2712 1651 2738 est
1667 2706 1720 2739 Ci-

1020 2772 1097 2794 cero
1112 2770 1173 2802 pro
1191 2759 1333 2791 Fonteio
1350 2769 1379 2790 c.
1398 2762 1425 2789 l.
1449 2759 1458 2775 ‘
1474 2757 1540 2790 Qui
1556 2766 1631 2788 cum
1645 2757 1719 2797 ipso

1022 2812 1071 2844 M.
1086 2810 1228 2844 Fonteio
1245 2809 1371 2841 serrum
1387 2818 1424 2840 ac
1441 2818 1557 2839 manus
1571 2807 1718 2839 contule-
