1818 3131
737 200 764 229 O

737 230 779 242 Uo

359 214 451 244 12113.
486 213 566 243 vll.
601 212 707 241 cAr‘.

109 307 226 338 Malim
246 316 307 347 pro
330 308 444 337 rerle'cc
470 308 582 345 legere
609 306 738 344 ramere,
764 311 801 336 ut

109 357 302 388 Danubium
320 366 447 388 numeni
464 362 557 387 notet
577 355 750 395 Papinius,
766 360 802 386 et

108 406 200 437 dicat
226 408 338 438 Davo.-
353 407 394 437 ab
416 407 470 436 illo
487 415 594 442 amne,
619 415 678 445 pei·
701 415 800 446 quem

101 459 217 498 jurare
256 457 419 495 solebant,
456 467 474 487 a
498 456 705 496 Vespasiano
744 455 801 486 de-

107 509 230 548 pulsos.
287 507 352 537 Sed
378 506 566 546 conjuratio
593 505 636 536 de
661 515 726 546 qua
749 505 801 536 liic

108 567 226 594 sermo,
256 562 308 587 cst
335 565 385 594 ea,
417 565 516 596 quam
555 557 664 597 tangit
691 557 801 595 Mam,

106 616 180 637 cum
198 606 254 643 ait,
278 607 286 622 ‘
300 605 404 635 Simul
429 615 525 635 omne
552 606 695 636 tumultu
716 606 803 636 Con-

98 656 191 696 jnrat
208 654 341 694 trepido
358 655 512 685 Latium.'
561 656 647 686 Nam
671 656 802 686 solebat

106 710 175 735 tum
193 704 306 736 dicere
324 705 466 745 (lux,qui
483 706 591 746 Remp.
607 706 722 736 salvam
737 707 801 736 vult

104 765 152 786 me
164 759 317 795 sequatur.
364 757 407 786 Et
420 761 498 786 tunc
511 755 674 796 jurabant
689 766 801 787 omnes

103 805 308 846 sin1ul‚quia
336 805 481 845 spatium
508 815 571 835 non
601 811 674 836 erat
696 805 801 846 jusju-

106 855 245 886 randum
287 855 435 894 sing-110³
468 855 647 893 *adigendh
707 856 802 886 Solet

105 913 217 938 autem
249 908 319 938 lime
350 908 538 947 coujuratio
567 917 628 947 per
651 907 801 937 edictum

103 956 248 996 institui,
271 968 337 998 quo
363 958 543 989 convenire
561 958 728 998 jubentur
747 958 801 997 ju-

103 1006 205 1037 raturi
229 1007 260 1036 in
291 1017 390 1037 unum
418 1008 537 1037 lorum.
584 1007 709 1045 Tangit
736 1016 801 1037 mo-

104 1064 174 1086 rem
198 1064 262 1085 non
279 1056 421 1085 obscure
447 1056 558 1085 Carsai-
575 1065 631 1086 ni.
645 1056 687 1086 de
712 1055 800 1085 bello

103 1104 194 1135 civili
211 1114 240 1135 c.
258 1108 329 1136 102.
345 1105 400 1135 ubi
423 1105 466 1135 ait
483 1116 490 1135 ;
515 1106 522 1120 ‘
541 1106 624 1136 Erat
651 1105 799 1135 edictum

104 1155 258 1194 Pompeii
290 1155 424 1185 nomine
455 1153 647 1194 Amphipoli
681 1164 800 1194 propo-

101 1205 213 1243 situm,
234 1205 283 1235 uti
306 1214 419 1235 omncs
436 1205 510 1244 ojus
543 1204 722 1244 provinciae
745 1203 800 1243 ju-

101 1255 213 1285 niores
249 1255 372 1291 (irzrci,
400 1255 554 1295 civesque
586 1254 629 1284 R.
663 1253 799 1294 jurandi

103 1312 222 1335 caussa
248 1304 492 1335 convenirent.)
548 1304 669 1342 Iidem,
692 1304 740 1333 uti
765 1308 801 1334 et

102 1355 237 1385 Servius
254 1355 298 1384 ait
313 1355 353 1384 ad
368 1354 441 1385 AEn.
459 1355 481 1384 l.
497 1363 523 1384 1.
542 1364 574 1393 p.
588 1356 662 1384 2:39.
678 1354 802 1384 Tumul-

102 1405 197 1434 mariz·
213 1405 324 1434 milites
348 1404 470 1440 iocati,
495 1403 572 1443 quia
590 1402 664 1433 talis
690 1402 803 1441 conju-

103 1454 189 1484 ratio
207 1454 403 1494 plerumque
428 1451 501 1483 fieri
525 1452 624 1483 solita
639 1453 803 1482 tumultus

102 1508 267 1543 tempore.
301 1503 439 1534 Vossius.

142 1556 163 1581 0
184 1554 312 1583 Addunt
343 1552 402 1592 ipsi
426 1555 456 1581 et
490 1553 643 1593 affingunt
671 1553 802 1582 rumori-

103 1602 170 1643 bus]
216 1603 306 1633 Cave
323 1611 398 1633 cum
418 1603 493 1633 Pet.
512 1602 688 1633 (Liacconio
707 1611 801 1642 repo-

101 1662 161 1683 nas
187 1654 312 1683 Addunt
341 1652 400 1692 ipsi
431 1655 460 1682 et
488 1653 640 1692 affingunt
666 1662 802 1682 minores

105 1701 214 1732 Galli:
228 1701 317 1732 sama
333 1703 421 1732 enim
438 1707 655 1741 acceperant,
672 1707 800 1732 motum

102 1762 177 1784 esse
194 1753 355 1783 urbanum
373 1753 414 1783 ob
432 1753 541 1784 Clodii
554 1753 683 1783 caedem
699 1763 707 1790 ;
724 1753 800 1783 liiuc

101 1801 320 1842 affinxerunt,
337 1812 375 1833 eo
388 1804 555 1833 Caesarem
574 1803 726 1839 retineri,
739 1812 800 1833 uec

101 1854 142 1884 ad
171 1854 358 1885 exercitum
384 1854 497 1884 venire
527 1863 634 1893 posse.
681 1854 799 1884 Celsus

100 1914 134 1944 p.
153 1907 226 1935 116.
240 1907 248 1921 ‘
265 1904 346 1943 Ejus
364 1904 410 1935 rei
431 1914 533 1934 causa
545 1903 552 1913 ’
568 1904 628 1943 (ob
644 1903 798 1933 Clodium

99 1965 119 1985 a
136 1954 263 1985 Milone
279 1954 514 1994 interfectum)
527 1956 536 1971 ‘
553 1954 664 1994 magni
682 1953 798 1984 Romae

100 2011 210 2036 motus
221 2004 371 2043 suerant;
387 2015 448 2035 net:
465 2004 554 2035 fama
565 2004 688 2035 finibus
703 2004 799 2034 Italis

100 2057 264 2087 contineri
278 2057 401 2096 potuit,
427 2055 601 2096 Alpesque
627 2061 799 2086 transcen-

100 2107 209 2137 derat.
267 2107 356 2137 Hinc
393 2106 634 2136 rebellantibus
665 2105 799 2136 occasio

100 2156 182 2187 data
198 2161 271 2186 erat
285 2156 440 2187 historias
459 2166 560 2186 novus
578 2158 611 2186 in
629 2157 797 2187 Caesarem

98 2205 257 2245 fingendi.
315 2205 499 2243 Dicebant,
527 2207 694 2247 vulgoque
723 2217 799 2246 per—

101 2256 292 2291 crebuerat,
323 2255 458 2286 urbanis
481 2255 656 2286 detentum
680 2256 793 2287 simui-

100 2305 226 2335 tatibus
256 2315 321 2335 non
349 2315 446 2345 posse
480 2305 640 2345 deinceps
662 2306 694 2337 in
720 2316 795 2346 pro-

99 2355 241 2385 vinciam
258 2355 405 2385 reverti.'
435 2355 526 2386 Hinc
544 2356 679 2395 vulgata
694 2356 799 2387 lectio

99 2405 183 2437 mire
201 2405 429 2436 confirmatur.
446 2405 556 2436 Dav-is.
582 2406 623 2435 V.
638 2406 758 2437 Braut.

141 2460 161 2488 9
203 2457 333 2496 imperio
373 2456 535 2496 sullisclos]
599 2457 726 2488 Lovan.
765 2461 802 2488 et

99 2506 244 2538 Dorvill.
264 2516 338 2537 cum
364 2506 451 2537 Edd.
472 2507 634 2545 Romana,
650 2507 735 2537 Ven.
759 2515 800 2538 ac

100 2557 240 2588 Mediol.
261 2557 416 2588 subditos.-
439 2567 505 2597 quo
522 2566 622 2587 sensu
639 2557 672 2587 id
690 2556 800 2597 adjec—

100 2606 206 2638 tivum
222 2607 398 2647 aliquoties
421 2608 572 2638 occurrit
600 2607 690 2647 apud
716 2607 798 2638 Ovi-

101 2655 203 2687 dium.
250 2657 337 2688 vide
358 2657 409 2688 Cl.
426 2658 543 2688 Burm.
561 2657 601 2688 ad
620 2657 695 2688 Am.
711 2667 751 2689 11.
767 2660 799 2689 9.

95 2709 155 2737 n.
190 2707 282 2739 Nihil
296 2712 424 2740 temere
441 2713 553 2740 tamen
569 2714 662 2741 muto
686 2711 799 2752 vulga-

103 2760 186 2796 tum,
201 2757 289 2798 quod
303 2758 436 2791 omnino
451 2759 537 2792 bene
553 2760 718 2793 sehabet.

818 213 876 242 niz
912 213 1064 242 untho
1097 213 1322 243 elimino.
1441 203 1542 244 1191

897 310 935 337 18
965 308 1002 337 Id
1017 307 1193 346 essesacile,
1205 308 1281 347 quod
1296 317 1392 347 neque
1403 307 1551 346 legiones]

852 355 960 386 Aliam
974 358 1110 397 hujusce
1130 358 1269 398 incoepti
1293 358 1455 388 rationem
1477 357 1551 388 red-

852 405 903 436 dit
921 407 1036 437 Florus
1064 416 1120 438 ιιι.
1148 411 1269 438 10.12.
1299 409 1347 438 sic
1373 408 1548 448 inquiens:

853 455 861 471 ‘
878 454 1006 486 Aberat
1023 461 1103 488 tunc
1121 457 1246 497 Caesm,
1261 459 1429 489 Ravenna}
1439 457 1551 488 delec-

853 509 923 535 tum
955 515 1078 543 agenn
1119 512 1154 537 et
1182 507 1289 538 hieme
1328 512 1554 538 excreverant

853 553 958 594 Alpes
971 565 978 592 ;
991 555 1038 585 sic
1052 555 1270 586 interclusum
1284 557 1449 596 putabant
1462 555 1552 587 iter!

854 605 968 635 Falsus
992 610 1056 645 est,
1079 610 1116 636 ut
1139 607 1246 637 solet:
1279 607 1304 637 si
1321 608 1409 637 enim
1434 608 1495 637 boc
1520 607 1552 637 in

852 664 953 686 causa
970 654 1046 695 fuit,
1073 665 1132 686 cur
1156 657 1373 695 rebellarent,
1390 667 1487 698 quam
1506 657 1550 688 ob

852 716 986 737 causam
1003 707 1164 737 tumultus
1182 706 1325 737 urbanos
1344 717 1413 747 prae
1438 716 1472 737 se
1489 707 1552 737 t'er-

852 762 939 793 rent,
959 761 1030 794 aut,
1042 766 1082 787 ue
1093 756 1234 787 consilia
1249 755 1446 795 efferantur,
1461 767 1554 787 cura-

853 806 951 837 rent?
990 807 1054 837 Sed
1087 806 1233 847 scriptor
1259 807 1323 838 iste
1350 807 1495 846 Alpibus
1518 807 1550 837 id

854 855 970 894 refert,
994 857 1082 897 quod
1100 857 1142 887 de
1167 857 1329 888 Cebenna
1345 862 1418 889 erat
1439 857 1553 888 dic-eu-

852 906 943 944 dum,
956 911 991 937 nt
1008 912 1149 947 apparet
1166 917 1206 937 cx
1224 918 1253 938 c.
1268 910 1298 939 8.
1310 908 1449 948 bujusce
1462 907 1552 938 libri.

853 956 968 986 Daris.

896 1014 936 1036 n.
967 1009 985 1036 2
1005 1007 1222 1046 principesque
1234 1016 1264 1037 se
1273 1005 1431 1046 facturos]
1463 1007 1550 1037 Bou-

852 1065 939 1095 gars.
964 1066 1015 1095 pr.
1037 1055 1165 1086 Audin.
1190 1057 1284 1088 Leid.
1309 1067 1361 1097 pr.
1379 1058 1472 1087 Voss.
1500 1067 1551 1097 pr.

851 1105 970 1135 Petav.
984 1106 1108 1135 Lovan.
1134 1107 1230 1145 ligm.
1255 1107 1378 1147 aliique
1394 1116 1470 1137 cum
1488 1106 1550 1137 Ed.

850 1155 936 1185 Ven.
953 1164 1018 1185 uon
1035 1161 1221 1194 agnoscunt
1249 1166 1442 1196 pronomen.
1458 1157 1553 1187 Bene

850 1203 998 1235 omnino.
1035 1204 1123 1236 Vide.
1139 1205 1180 1235 ad
1199 1215 1239 1237 υ.
1257 1208 1310 1237 31.

893 1257 912 1285 4
943 1254 1108 1285 Obsidibus
1122 1266 1228 1287 cavere
1250 1257 1331 1286 inter
1346 1256 1392 1296 se]
1428 1257 1554 1288 Lovan.

852 1305 984 1335 Duker.
1009 1306 1155 1336 Dorvill.
1180 1310 1215 1337 et
1239 1306 1325 1337 Edd.
1351 1307 1447 1337 Rom.
1463 1307 1549 1338 Ven.

852 1355 995 1385 Mediol.
1021 1356 1162 1397 aliaeque
1185 1358 1222 1386 de
1245 1357 1407 1388 obsidibus.
1453 1357 1551 1390 Quod

853 1405 967 1444 placet
1006 1406 1198 1437 Ciacconio.
1248 1407 1315 1437 Sed
1355 1417 1555 1447 perperam:

852 1466 957 1487 cat-ere
969 1458 1006 1487 de
1022 1457 1176 1488 obsidibus
1190 1458 1279 1489 aliud
1298 1468 1382 1497 esse,
1398 1458 1488 1489 aliud
1504 1469 1554 1489 ca-

852 1517 919 1536 ve-re
942 1506 1094 1537 obsidibus
1108 1507 1250 1539 vidimus
1275 1508 1316 1538 ad
1335 1518 1381 1539 Π.
1398 1512 1430 1539 2.
1457 1510 1466 1526 ‘
1483 1509 1554 1540 Ob-

852 1556 1044 1597 sidibusque
1062 1557 1103 1587 de
1121 1558 1264 1597 pecunia
1278 1559 1422 1596 caven&
1439 1558 1473 1589 id
1487 1564 1553 1597 est,

851 1606 986 1636 obsides
1000 1606 1093 1645 dant,
1110 1607 1143 1636 in
1168 1607 1288 1647 pignus
1308 1613 1343 1638 et
1362 1608 1552 1639 cautionem

852 1655 968 1686 daudae
991 1657 1166 1696 pecuniam
1195 1657 1244 1688 uti
1259 1657 1312 1688 hic
1336 1658 1454 1688 obsides
1476 1659 1552 1689 dant

850 1707 884 1737 in
913 1707 1083 1738 cautionem
1112 1708 1159 1737 sui
1189 1708 1329 1738 invicem.
1378 1709 1551 1748 Rescripsi

851 1762 962 1787 autem
980 1767 998 1787 e
1022 1758 1106 1788 Mss.
1125 1758 1258 1798 optimis
1274 1759 1356 1789 inter
1378 1769 1411 1789 se
1433 1768 1552 1797 cavere,

851 1807 900 1837 uti
915 1811 949 1837 et
969 1808 1087 1846 possint
1111 1817 1187 1838 cum
1212 1809 1253 1838 R.
1269 1808 1385 1848 steph.
1403 1813 1439 1838 et
1456 1807 1552 1839 Leid.

851 1865 901 1896 pr.
920 1860 955 1886 et
972 1856 1198 1895 Scaligerano.

893 1910 910 1936 5
931 1905 1061 1936 Callatis
1077 1906 1264 1937 militaribus
1275 1907 1387 1946 signis,
1403 1917 1459 1947 quo
1472 1917 1554 1938 more

849 1965 951 1985 eornm
973 1956 1168 1994 grurissimae
1190 1956 1373 1987 caerimoniae
1402 1958 1555 1988 continen-

849 2006 914 2046 tur]
945 2006 1010 2037 ΜΞ.
1036 2012 1150 2036 nosti-r
1165 2008 1243 2047 quod
1261 2017 1343 2038 more
1357 2017 1457 2037 eorum
1478 2017 1552 2046 grn-

848 2056 973 2086 rissima
995 2055 1170 2086 coerimonia
1194 2057 1376 2087 continetur.
1408 2057 1553 2089 Graecus

848 2106 889 2136 τὰ
902 2106 1106 2145 στρατιωτικὰ
1119 2108 1230 2143 σημεῖα
1241 2106 1506 2147 συναθροίσαντες,
1519 2106 1553 2137 ὓς

848 2156 934 2196 ὅρκος
948 2157 1029 2197 παρὰ
1043 2159 1108 2188 τοῖς
1125 2156 1255 2188 Γάλλοις
1272 2157 1361 2188 ὁσίως
1383 2155 1553 2196 διαφυλάτ-

847 2219 944 2238 τεται.
991 2207 1059 2238 Sed
1090 2208 1227 2248 vulgata
1255 2207 1361 2238 lectio
1392 2211 1549 2248 praestat.

848 2257 989 2288 Graecus
1006 2266 1084 2288 vero
1098 2262 1244 2288 mentem
1262 2258 1405 2288 Caesaris
1422 2267 1486 2288 non
1503 2258 1553 2288 in-

849 2307 999 2347 tellexit,
1013 2307 1069 2347 qui
1085 2308 1146 2345 ait,
1163 2307 1279 2338 Gallos
1297 2308 1330 2337 in
1347 2307 1553 2346 gravissimis

849 2356 961 2396 rebus,
991 2366 1074 2398 quas
1104 2357 1277 2387 enunciari
1311 2357 1452 2392 nollent,
1489 2357 1553 2387 hoc

849 2415 941 2436 more
956 2415 1042 2436 usos.
1068 2405 1156 2436 Nam
1168 2406 1352 2436 caerimom‘oe
1365 2410 1443 2437 sunt
1456 2415 1553 2437 sacra

849 2455 973 2493 omnia,
996 2455 1280 2496 quemadmodum
1296 2455 1384 2496 apud
1409 2456 1550 2486 Graecos

849 2503 950 2544 ὄργια,
975 2506 1024 2536 uti
1050 2515 1092 2535 ex
1108 2505 1226 2536 Servio
1251 2505 1417 2536 discimus.
1457 2506 1502 2536 Et
1524 2505 1551 2535 si

849 2556 966 2596 glossis
993 2556 1162 2595 standum,
1193 2556 1378 2587 caerimoniae
1400 2555 1550 2595 δημήτρια

849 2605 985 2645 proprie
998 2610 1075 2637 suut
1088 2616 1095 2636 :
1114 2615 1187 2646 quae
1199 2615 1296 2636 sacra
1305 2616 1404 2646 quam
1418 2605 1550 2636 curiose

847 2655 978 2686 soleant
1007 2655 1171 2687 occultari
1200 2655 1306 2686 cuivis
1335 2660 1451 2685 notum
1487 2659 1550 2686 est.

849 2705 963 2746 Igitur
992 2705 1196 2736 caerimoniae
1225 2714 1286 2744 pro
1317 2704 1415 2734 rebus
1445 2705 1551 2736 sacris

846 2756 921 2793 hic;
952 2761 990 2787 et
1017 2756 1130 2786 Caesar
1155 2754 1277 2795 iuquit,
1300 2753 1434 2795 quando
1457 2753 1552 2786 Galli
