1818 3131
346 217 440 247 mn.
475 215 556 244 vu.
589 214 695 244 CAP.
725 203 796 245 37.
830 216 891 246 DE
926 217 1080 247 BELLO
1111 217 1342 249 GALLICO.

125 311 211 342 dium
239 320 279 342 ex
303 311 412 352 oppido
439 310 542 341 venire
567 307 693 349 posset?
736 309 825 340 Sana

124 361 261 394 omnino
277 361 329 392 hic
352 366 404 391 est
430 360 533 391 lectio
549 360 705 399 vulgara;
731 363 766 390 at
788 359 822 390 in

125 421 218 453 seqq.
235 412 351 451 reponi
365 411 467 441 debet
484 410 562 440 Tum
577 410 700 440 silentio
713 410 823 448 noctis,

125 466 163 493 ut
179 468 230 493 est
247 462 279 492 in
297 462 349 492 cd.
366 461 484 501 steph.
508 460 618 491 Daris.

169 513 248 544 Tum
297 511 431 550 silentio,
476 511 544 550 εμπ]
597 510 740 542 Ursinus
786 515 821 542 et

123 562 321 593 ciacconius
345 561 475 600 legunt,
496 561 642 600 proesitlio
667 561 760 591 abiis
775 561 821 591 ni-

120 611 304 652 misflrmo:
328 611 412 642 Mss.
435 611 520 651 ch.
544 611 670 642 Eliens.
686 616 721 642 et
738 612 821 643 Vos·

120 661 172 700 sii,
196 662 334 700 habent,
356 661 502 702 proesidio
517 661 554 691 ab
570 662 610 693 iis
631 671 697 692 non
713 662 820 693 minus

109 711 226 753 firmo.-
250 712 420 752 iidemque
436 712 591 750 Codices,
604 711 720 744 Tamen
732 713 820 744 silen-

119 762 176 802 tio,
211 764 263 801 ὅγε.
330 762 474 793 Graecus
513 762 630 801 vertit,
666 762 819 803 ὀλιγώρως

118 812 351 853 φρουρούμενον.
397 813 482 844 Utra
502 813 546 844 sit
570 813 680 843 verior
701 814 819 853 lectio,

118 872 185 894 non
202 863 282 894 satis
306 867 451 894 constat.
496 863 585 894 Illud
610 864 817 896 solummodo

118 913 322 952 notandun1;
346 914 435 954 quod
467 913 575 945 edidit
603 915 754 955 Scaliger
783 921 819 947 et

117 963 340 1002 recentiores,
354 974 413 995 non
427 964 520 995 nimis
525 964 636 1006 firmo,
647 971 695 1004 et,
705 966 817 998 Tamen

113 1013 249 1052 silentio,
285 1016 337 1053 &a
383 1015 473 1046 nullo
510 1015 610 1047 modo
647 1016 816 1048 cohaerere

114 1072 227 1104 posse.
272 1063 343 1095 Aut
359 1064 461 1104 igitur
476 1065 538 1095 hoc
556 1065 655 1095 modo
672 1066 817 1106 legenda

115 1117 169 1144 est
186 1118 260 1144 tota
276 1114 466 1144 sententia:
491 1117 499 1131 ‘
513 1121 584 1145 erat
603 1115 697 1146 collis
720 1124 816 1155 egre-

81 1188 85 1191 .
115 1163 168 1203 gie
182 1164 350 1202 munitus;
368 1173 467 1204 quem
483 1164 508 1195 si
524 1169 682 1196 tenerent
699 1166 816 1205 nostri,

113 1218 148 1245 et
171 1222 267 1255 aquae
294 1224 417 1255 magna
433 1220 532 1255 parte
556 1217 657 1256 (aqua
672 1226 817 1256 mag-nam

112 1264 268 1304 partem‚)
291 1269 327 1295 et
344 1265 564 1304 pabulatione
580 1266 690 1297 libera
704 1267 815 1307 prohi-

114 1312 217 1344 bituri
232 1313 344 1345 hostes
360 1314 582 1345 videbantur:
609 1316 667 1346 sed
683 1316 711 1346 is
722 1317 815 1347 locus

112 1363 258 1403 (egregie
272 1364 445 1403 munitam)
461 1365 616 1404 praesidio
631 1365 675 1396 ab
696 1365 735 1396 iis
752 1375 815 1396 non

112 1413 212 1445 nimis
229 1413 325 1445 firmo
341 1413 530 1445 tenebatur.
574 1414 662 1445 Tum
678 1415 816 1447 silentio

113 1464 236 1506 noctis,
249 1464 386 1503 Caesar,’
403 1466 468 1496 διο.
512 1463 584 1496 Aut
600 1464 664 1495 isto
680 1464 815 1497 demum

112 1515 231 1547 modo:
254 1515 351 1546 ‘erat
373 1515 467 1546 collis
496 1516 632 1556 egregie
648 1516 814 1555 munitus;

115 1575 216 1607 quem
250 1566 277 1597 si
308 1570 467 1597 tenerent
502 1567 609 1597 nostri
646 1570 681 1597 et
717 1577 814 1608 aquae

113 1625 235 1657 magna
265 1620 364 1657 parte
397 1620 434 1647 et
463 1617 681 1657 pabulatione
707 1618 816 1649 libera

111 1666 318 1706 prohibituri
346 1667 461 1697 hostes
490 1666 704 1699 videbantur.
748 1669 814 1699 Sed

110 1714 139 1746 is
156 1716 248 1746 locus
271 1716 314 1755 (a
339 1716 454 1746 nostris
478 1717 687 1758 appetendus)
702 1719 815 1758 praesi·

112 1765 168 1797 dio
185 1766 228 1798 ab
249 1766 291 1798 iis
314 1767 412 1798 nimis
427 1766 525 1798 firmo
547 1769 618 1808 (vel
632 1778 692 1799 non
714 1770 815 1801 minus

100 1815 224 1858 firmo)
253 1816 444 1847 tenebatur.
497 1817 624 1848 Tamen
649 1818 814 1857 (videlicet

111 1876 171 1898 non
185 1865 324 1897 obstante
338 1866 436 1908 firmo
449 1866 511 1898 isto
529 1867 701 1907 proesidio)
716 1869 814 1900 silen-

110 1916 159 1948 tio
175 1917 294 1957 noctis,
310 1915 452 1956 Caesar‚’
467 1918 532 1948 &c.
557 1918 671 1958 Eligat
687 1919 813 1951 Lector

109 1967 272 1998 eruditus.
287 1967 394 1997 Clark.
419 1967 498 1998 Tum
511 1967 620 1998 edidit
635 1968 790 2000 Clarkius
803 1981 810 2002 :

109 2026 228 2049 verum
259 2027 375 2049 omnes
404 2017 490 2049 Mss.
518 2018 669 2051 retinent
697 2022 811 2052 tamen.

110 2066 345 2099 Hotomannus
381 2067 590 2109 conjiciebat
625 2079 686 2100 non
719 2071 813 2102 nimis

100 2117 199 2159 firmo
214 2121 316 2150 tamen
335 2118 508 2149 tenebatur.
546 2118 696 2151 Silentia:
721 2121 811 2161 quod

107 2176 176 2198 non
205 2172 333 2198 temere
362 2168 602 2208 spernendum.
647 2170 688 2200 In
714 2170 810 2202 Leid.

110 2216 223 2256 primo
248 2221 299 2248 est
324 2227 385 2248 non
409 2219 519 2249 minus.
564 2219 604 2249 In
622 2220 719 2251 Voss.
744 2230 811 2252 sec.

110 2266 264 2303 nominis;
287 2267 320 2298 in
347 2268 454 2309 Bong.
482 2278 534 2309 pr.
560 2279 580 2300 a
602 2280 645 2301 m.
662 2279 728 2302 sec.
751 2281 812 2302 mm

108 2315 262 2347 minimis.-
301 2317 360 2358 qui
387 2317 453 2348 duo
481 2318 561 2358 quid
591 2319 655 2350 sibi
693 2320 811 2361 velint,

107 2366 238 2398 nescio.
262 2366 326 2398 Ed.
362 2367 500 2399 Incerta
526 2369 727 2409 simpliciter
752 2381 812 2402 non

99 2415 208 2457 firmo.
232 2416 393 2458 Gottorp.
410 2428 469 2449 non
481 2419 571 2450 minis
571 2419 682 2461 firmo.
706 2421 811 2453 Quasi

109 2466 270 2499 voluisset
303 2468 465 2508 innuere;
503 2470 681 2502 munitioni
712 2472 811 2502 minas

109 2515 180 2549 sive
204 2517 324 2558 pinnas
344 2520 533 2552 eminentes
550 2520 708 2553 defuisse.
754 2523 810 2553 De

110 2565 230 2607 quibus
255 2567 335 2600 vIde
360 2569 506 2601 Cerdam
530 2570 573 2601 ad
599 2571 718 2611 Virgil.
734 2573 808 2603 AEn.

109 2624 162 2648 lv.
188 2619 241 2649 88.
263 2619 455 2662 ‘minaeque
487 2621 663 2653 Murorum
693 2623 810 2664 ingen-

111 2666 194 2697 tes?
224 2672 261 2700 et
285 2669 379 2702 alios.
435 2671 499 2703 Cui
527 2672 666 2703 lectioni
691 2672 810 2705 favent

110 2715 209 2748 Voss.
224 2725 344 2752 sec-et
359 2721 468 2763 Bong.
513 2723 593 2754 Non
620 2727 733 2754 tamen
754 2734 809 2755 au-

113 2765 175 2798 sim
209 2767 245 2799 id
273 2769 454 2804 admittere
488 2777 630 2815 propter
664 2774 810 2807 rationes

1457 210 1570 254 1219

874 312 1023 350 prolatas
1038 321 1057 343 a
1079 311 1151 342 viro
1167 311 1303 343 doctiss.
1320 313 1354 343 in
1370 312 1470 344 Misc.
1483 313 1569 347 obs.

874 368 905 389 v.
919 363 950 390 4.
967 366 989 391 t.
1007 364 1036 393 3.
1063 371 1096 401 p.
1113 364 1186 394 435.
1235 362 1411 393 Praeterea
1426 364 1483 404 qui
1499 370 1571 397 tum

873 409 939 440 dici
954 411 1061 449 potuit
1077 413 1202 451 egregie
1217 414 1353 444 munitus
1366 412 1467 446 loma?
1501 416 1572 448 Ho-

873 461 1023 490 tomanui
1040 462 1240 501 conjectura
1257 465 1399 495 maxime
1416 466 1573 507 adridet3

871 509 935 539 nisi
965 512 1066 541 tamen
1094 513 1195 543 modo
1222 514 1349 546 referas
1378 516 1419 546 ad
1448 519 1572 558 egregie

871 559 1022 590 munitus:
1045 565 1082 590 ut
1112 560 1194 592 fecit
1218 569 1253 595 et
1271 564 1400 604 Celsus,
1423 567 1571 600 subdens

868 610 921 640 sed
942 610 1057 641 virtuti
1077 611 1124 641 nil
1147 614 1282 654 difficile,
1298 616 1342 645 nil
1364 621 1570 658 praeruptum.

871 660 944 691 Non
959 661 1051 692 nimis
1066 667 1119 693 est
1145 673 1272 703 parum.
1318 666 1436 707 Nepos
1459 667 1572 701 Alcib.

871 718 900 740 c.
917 713 948 741 7.
974 712 1052 742 Haec
1067 711 1226 743 Alcibiadi
1245 714 1359 745 laetitia
1381 725 1447 746 non
1471 717 1570 749 nimis

862 759 932 798 fait
963 762 1130 794 diuturna.-
1164 763 1222 794 ubi
1251 764 1308 795 alii
1338 765 1442 797 etiam
1471 767 1574 799 minus

869 810 1004 841 habent.
1030 812 1117 843 Vide
1134 813 1228 844 Bosii
1242 814 1399 847 indicem.

911 864 953 892 20
975 861 1156 894 Subsidium
1170 865 1290 905 venire]
1334 867 1418 898 Mss.
1435 866 1571 900 subsidio

868 911 979 942 veniri.
1026 913 1126 945 Quod
1156 919 1191 945 et
1222 916 1422 955 elegantius.
1463 918 1571 950 Clark.

870 961 947 993 Hoc
970 963 1124 1003 recipere
1139 973 1206 995 non
1223 965 1376 997 dubitavi
1392 966 1574 999 confirma-

869 1017 939 1042 tum
949 1013 1031 1044 Mss.
1045 1014 1127 1044 meis
1136 1015 1303 1056 omnibus,
1315 1021 1349 1047 et
1359 1017 1570 1049 Hotomanni

868 1072 908 1093 ac
924 1063 1013 1094 Edd.
1030 1064 1157 1104 primis.
1202 1065 1290 1096 Vide
1307 1066 1348 1096 ad
1366 1075 1414 1097 tv.
1429 1069 1482 1098 29.
1507 1060 1571 1098 hie·

868 1113 958 1144 mari.
987 1122 1052 1144 vn.
1077 1116 1129 1145 28.
1153 1115 1163 1131 ‘
1178 1114 1205 1145 si
1231 1120 1351 1146 contra
1375 1116 1570 1149 veniretur?

867 1174 897 1195 c.
912 1167 963 1196 30.
987 1165 1155 1197 ‘subsidio
1170 1165 1304 1197 veniri?
1320 1177 1350 1199 c.
1365 1171 1418 1199 70.
1441 1168 1569 1200 ‘veniri

868 1214 910 1245 ad
927 1215 984 1246 se.'
1007 1216 1048 1246 B.
1066 1217 1103 1248 C.
1121 1226 1146 1247 1.
1163 1220 1215 1249 67.
1239 1217 1248 1234 ‘
1261 1217 1302 1248 ad
1326 1219 1498 1259 angustias
1514 1230 1570 1252 ve-

867 1264 956 1295 niri.'
974 1275 1003 1296 e.
1017 1269 1069 1297 84.
1094 1268 1102 1283 ‘
1116 1267 1262 1298 Venitur
1273 1267 1307 1298 in
1321 1278 1396 1299 eum
1413 1269 1549 1300 locum.¹

910 1323 1054 1348 xxxvn.
1071 1319 1091 1347 2
1107 1317 1344 1358 Adjudicatum]
1367 1319 1483 1360 Cujac.
1499 1319 1570 1351 An-

867 1365 936 1396 din.
954 1366 1065 1398 Oxon.
1089 1368 1210 1408 Scalig.
1226 1374 1262 1399 et
1285 1369 1379 1401 Leid.
1396 1371 1494 1411 prim.
1516 1373 1570 1402 ad-

865 1415 1036 1454 signatum.
1082 1416 1182 1449 Quod
1199 1419 1338 1450 verbum
1362 1429 1454 1461 saepe
1476 1422 1568 1461 apud

866 1465 1078 1507 Ciceronem,
1094 1469 1258 1509 Tacitum,
1280 1471 1488 1512 Suetonium,
1501 1473 1570 1504 Va-

866 1516 927 1549 ler.
966 1517 1167 1559 Maximum,
1211 1521 1362 1562 aliosque
1405 1522 1568 1562 reperias.

866 1567 965 1598 Unde
996 1568 1146 1609 suspicor
1176 1571 1344 1602 veriorem
1376 1571 1463 1604 hanc
1493 1582 1568 1605 esse

865 1616 1058 1658 lectionem,
1072 1623 1108 1650 et
1120 1621 1293 1661 vulgatam
1308 1632 1380 1654 esse
1398 1622 1568 1656 Glossam.

865 1666 1070 1707 ‘Imperium
1086 1669 1275 1710 adsignare'
1293 1672 1406 1703 Tacit.
1424 1672 1516 1705 Hist.
1531 1683 1567 1705 v.

864 1719 916 1749 30.
937 1718 1148 1759 principatum
1163 1721 1240 1751 Val.
1258 1721 1354 1753 Max.
1372 1730 1430 1753 11¹.
1456 1725 1487 1754 2.
1503 1724 1520 1763 ἓ
1538 1727 1569 1756 l.

863 1767 952 1798 vell.
969 1777 1009 1799 11.
1025 1772 1078 1801 38.
1101 1771 1110 1787 ‘
1129 1770 1242 1801 Nullis
1267 1771 1475 1813 adsignanda
1496 1774 1568 1814 glo-

863 1817 912 1848 ria
927 1818 1003 1849 est!

904 1871 925 1898 6
951 1868 1028 1899 Cum
1043 1869 1082 1899 iis
1092 1869 1257 1909 proemium
1271 1872 1491 1913 communicat]
1525 1873 1566 1905 In

861 1927 895 1949 v.
911 1927 941 1950 c.
959 1923 1036 1950 erat
1053 1919 1202 1959 primum,
1216 1921 1346 1961 placuit
1360 1927 1475 1954 tamen
1487 1924 1569 1956 Sca·

860 1968 967 2008 ligero
981 1972 1017 2000 et
1032 1969 1104 1999 aliis
1120 1978 1287 2010 reponere
1298 1972 1473 2014 praemium,
1488 1983 1566 2015 quae

861 2029 928 2050 vox
952 2020 985 2051 in
1003 2021 1204 2062 quibusdam
1229 2023 1404 2056 codicibus
1417 2026 1567 2067 reperie-

862 2069 974 2100 batur.
1030 2072 1103 2111 Ego
1130 2071 1212 2103 illud
1235 2074 1398 2113 proemz'am
1428 2085 1567 2116 prorsus

860 2120 924 2152 hoc
941 2121 1016 2153 loco
1032 2123 1178 2155 alienum
1194 2133 1267 2154 esse
1283 2125 1465 2157 contendo.
1510 2127 1566 2158 Ne

862 2171 1004 2203 Graecus
1019 2173 1155 2213 quidem
1173 2174 1340 2214 agnoscit,
1366 2175 1424 2215 qui
1450 2175 1566 2217 habet,

861 2220 984 2254 ἐκείνοις
997 2223 1127 2263 πρώτοις
1140 2224 1198 2261 τὴν
1221 2225 1330 2255 ἑαυτοῦ
1345 2225 1472 2264 ’γνώμην
1493 2226 1565 2257 ἆμα-

860 2271 1092 2312 κοινωσάμενος.
1151 2276 1230 2306 Νοιι
1268 2276 1565 2315 praetermittenda

859 2325 1030 2367 Anonymi
1045 2328 1164 2368 verba,
1189 2329 1247 2369 qui
1263 2329 1330 2359 ait:
1355 2329 1439 2360 ‘Ille
1464 2330 1565 2371 siqui-

860 2375 938 2407 dem
974 2377 1139 2409 beneficio
1179 2379 1382 2410 obstrictum
1417 2380 1564 2411 Caesaris

859 2425 942 2467 (lego
957 2428 1086 2460 Caesari
1110 2429 1162 2471 se)
1177 2429 1296 2469 fassus,
1314 2430 1405 2471 quod
1421 2431 1481 2462 sibi
1492 2431 1564 2471 jus-

859 2476 988 2509 tissima
1031 2484 1145 2511 tamen
1182 2480 1321 2512 favisset
1358 2481 1393 2512 in
1434 2490 1563 2520 caussa,

859 2528 982 2560 omissa
996 2530 1168 2562 mentione
1197 2531 1365 2572 pecuniae,
1388 2539 1499 2571 quam,
1525 2534 1564 2560 ut

860 2577 1020 2610 Romanis
1031 2579 1134 2611 fidem
1147 2579 1331 2621 frangeret,
1344 2581 1385 2610 ab
1399 2579 1562 2610 Arvernis

859 2634 1054 2668 acceperat,
1072 2639 1150 2661 cnm
1165 2631 1258 2661 nulla
1274 2631 1318 2661 sit
1335 2628 1478 2670 perfidia
1493 2632 1563 2659 tur-

859 2677 945 2718 pior,
968 2689 1068 2720 quam
1083 2681 1138 2712 cui
1156 2680 1309 2711 avaritiae
1335 2687 1485 2709 caussam
1506 2677 1563 2710 de-

858 2727 921 2768 dit,
936 2728 1094 2772 foedoque
1110 2731 1284 2771 proposito
1299 2729 1414 2761 velum
1431 2738 1560 2761 canssae

858 2777 1058 2812 honestioris
1095 2779 1298 2819 obtendens,
1335 2782 1373 2812 et
1411 2779 1489 2821 plus
1522 2789 1560 2810 se
