1883 3121
239 210 352 252 1390

240 316 345 348 ctiam
367 324 432 345 non
449 312 647 344 mutandum
675 311 709 343 in
729 312 834 343 Ovid.
850 312 938 343 Met.

241 374 328 397 xiii.
346 368 419 395 3:23.
443 366 451 380 ‘
464 363 535 394 Aut
559 364 671 404 aliqua
687 362 854 403 producet
871 363 940 394 cal-

240 416 326 447 lidus
341 419 414 446 arte
425 414 443 451 ;'
458 415 490 444 id
506 419 568 453 est,
583 414 735 455 qu‘aedam
752 413 826 444 alia.
858 413 939 444 Ubi-

240 466 289 496 vis
304 466 355 495 hae
371 474 471 495 voces
486 469 732 504 permutantur.

239 540 244 543 .
283 522 398 545 Lxxn.
422 518 441 544 8
467 515 550 548 Quos
564 514 789 555 interficiendos
804 513 940 553 ridebat]

242 565 366 596 Rarum
397 569 460 603 est,
494 569 532 595 ut
570 565 660 604 apud
694 565 838 594 melioris
877 564 938 593 aevi

240 614 426 654 scriptores
441 614 630 654 hujusmodi
655 613 836 653 participia
852 612 940 643 futu-

242 673 315 695 rum
330 668 462 704 tempus
483 663 730 704 adsignificent,
743 663 831 693 unde
847 663 939 693 Fam.

239 713 397 744 stradam
412 713 457 745 ob
470 714 558 745 hunc
575 723 689 744 eorum
704 722 798 743 usum
811 713 941 743 notavit

242 765 343 806 Casp.
369 765 548 806 Scioppius
574 765 641 796 lnf.
671 764 820 795 Famiani
838 774 871 803 p.
889 768 941 795 95.

240 815 295 846 Ita
311 821 425 846 tamen
439 824 594 855 pcrsaepe
608 815 759 854 loquitur
773 814 943 853 Sulpicius

241 865 398 896 Severus.
443 865 498 895 Sic
523 865 612 895 Hist.
631 864 706 894 Sac.
726 872 747 894 ι.
770 866 801 894 4.
827 866 835 880 ⁶
850 864 892 893 Se
910 863 942 893 in

241 925 356 954 unum,
381 916 583 955 dispergenda
601 923 662 954 per
688 918 797 945 totum
814 913 943 950 orbem,

241 965 421 996 multitudo
437 965 631 996 contraxit!
672 965 717 996 Et
733 973 763 994 c.
780 967 811 995 6.
835 965 843 980 ⁴
859 964 943 994 Mul-

242 1015 504 1056 tiplicandumque
528 1024 640 1046 semen
659 1015 744 1055 ejus,
770 1013 857 1044 sicut
874 1022 944 1044 are-

242 1073 301 1095 nas
320 1065 420 1095 maris
437 1066 617 1106 stellasque
634 1064 721 1104 coeli,
736 1063 943 1105 spopondit.'

242 1115 294 1146 Ac
312 1115 436 1146 iterum
457 1125 487 1146 c.
506 1118 536 1146 8.
569 1116 724 1155 IlIaJ'orem
741 1114 853 1145 minori
870 1114 944 1144 sub-

242 1163 390 1196 dendum
407 1173 479 1196 esse.
523 1165 611 1196 Vide
627 1165 730 1195 etiam
747 1173 787 1194 11.
804 1166 854 1194 18.
873 1163 944 1193 Da-

241 1214 299 1244 ris.
334 1213 375 1244 ld
392 1219 454 1252 est,
472 1213 596 1245 debere
613 1213 770 1251 interfici,
787 1213 813 1243 si
832 1221 945 1252 pugna

242 1263 354 1294 fieret.
415 1260 562 1294 Consule¹
601 1264 674 1295 Cel.
707 1263 863 1294 Perizon.
901 1261 943 1292 ad

244 1314 373 1345 Sanctii
392 1314 477 1344 Min.
496 1323 520 1344 1.
540 1317 589 1344 15.
606 1324 639 1353 p.
656 1316 729 1344 145.

288 1366 327 1394 10
350 1363 378 1394 Α
401 1363 569 1403 plerisque]
592 1364 676 1393 Mss.
701 1363 821 1393 Petav.
846 1361 943 1393 Leid.

245 1422 297 1453 pr.
332 1414 461 1444 Lovan.
490 1414 587 1444 Voss.
616 1414 735 1444 Brant.
763 1422 828 1443 non
845 1420 945 1453 agno-

245 1468 344 1495 scunt
368 1464 654 1504 praepositionem,
688 1463 944 1503 elegantiusque

244 1513 363 1545 abesse
393 1519 513 1545 censet
538 1514 671 1545 Manut.
709 1513 768 1544 sed
803 1518 838 1544 et
864 1512 944 1543 alibi

245 1564 520 1605 praepositionem
540 1564 674 1595 addidit
690 1565 815 1602 Caesar,
838 1567 875 1594 ut
891 1564 946 1594 ob-

246 1615 395 1645 servavit
411 1614 623 1653 Ciacconius,
636 1623 738 1654 quare
753 1613 800 1644 nil
817 1619 945 1644 temere

245 1664 450 1696 novandum.
466 1674 496 1695 c.
514 1668 566 1695 74.
591 1667 600 1681 ‘
618 1665 792 1695 consilium
811 1673 830 1694 a
847 1672 946 1694 cunc-

246 1714 290 1745 tis
330 1714 560 1755 probabatur.'
608 1714 708 1746 Adde
745 1715 787 1745 ad
827 1724 855 1745 c.
894 1717 944 1745 76.

244 1763 406 1806 Alioquin
422 1766 587 1796 Dativum
602 1766 689 1797 hunc
702 1765 805 1797 amari
827 1765 870 1796 ab
887 1775 944 1805 op-

246 1814 337 1846 timis
350 1815 538 1857 quibusque
549 1816 783 1857 scriptoribus,
794 1825 859 1846 nou
873 1825 943 1846 sum

246 1866 389 1901 nescius.

290 1918 330 1946 16
355 1915 392 1946 In
408 1915 575 1957 montibus]
597 1917 653 1947 Sic
680 1916 747 1946 Ms-
772 1916 857 1954 ch.
903 1915 943 1945 Iu

246 1964 322 1995 aliis
353 1965 451 1996 deest
479 1966 523 1996 in.
565 1967 672 1997 Clark.
733 1965 946 2005 Sum-agatur

247 2014 373 2044 Lovan.
419 2016 533 2046 Quare
559 2015 661 2045 ctiam
679 2015 806 2055 recepi,
832 2021 946 2054 postu-

246 2063 340 2094 lante
358 2063 389 2095 id
407 2063 550 2094 Caesaris
567 2064 825 2104 perspicuitate.

290 2121 422 2144 Lxxul.
460 2116 479 2144 2
517 2114 610 2153 Spem
637 2113 822 2152 amiserant]
860 2113 946 2144 Mss.

247 2164 312 2194 mei
327 2173 442 2194 omnes
459 2168 493 2194 et
510 2163 597 2195 Eud.
616 2164 733 2203 primae
748 2174 831 2203 spem
856 2163 947 2194 ‹limi-

246 2217 364 2244 serant.
420 2213 519 2246 Quod
558 2223 736 2253 perperam
774 2218 947 2243 mutarunt

247 2272 309 2303 pro
331 2264 508 2295 omiserant.
551 2264 607 2295 Sic
637 2264 793 2293 ‹linimere
829 2273 945 2301 curum,

246 2314 441 2353 occasionem,
455 2315 508 2352 ᾅτ.
546 2314 587 2344 V.
607 2314 766 2344 Ciaccon.
779 2318 813 2343 ct
829 2314 945 2344 Brant.

248 2363 291 2394 ad
308 2365 347 2395 B.
366 2364 410 2397 G.
435 2374 491 2395 111.
511 2367 560 2396 17.
578 2364 620 2395 Ν.
640 2364 758 2395 Heius.
778 2370 812 2394 ct
829 2365 945 2395 Burin.

246 2414 289 2444 ad
306 2414 406 2445 Ovid.
433 2415 573 2445 Metam.
603 2423 627 2445 1.
655 2417 729 2444 209.
775 2414 944 2445 Gebhard.

247 2463 290 2494 ad
322 2464 450 2504 Nepet.
481 2465 572 2495 Milt.
603 2474 632 2495 c.
665 2467 695 2493 3.
735 2469 771 2494 et
808 2464 944 2503 passim.

250 2516 384 2546 Omnino
409 2525 470 2555 pro
493 2526 610 2547 omnem
635 2515 722 2546 male
752 2515 878 2546 Brutus
896 2525 946 2546 re-

248 2575 373 2607 ponere
388 2571 510 2598 tentat.

292 2619 310 2646 5
351 2616 545 2655 Nunciatur]
594 2615 686 2647 Lcid.
734 2625 782 2655 pr.
821 2617 945 2647 Lovan.

249 2666 349 2696 Voss.
377 2667 560 2696 nunciantur
580 2676 626 2706 aq.
672 2666 770 2698 Quod
802 2676 866 2696 non
897 2672 946 2697 te-

248 2725 341 2746 mere
357 2725 509 2756 spernas.
526 2725 555 2746 c.
573 2718 624 2746 1⁴.
645 2717 654 2733 ⁴
668 2714 754 2746 falso
771 2716 842 2755 ejus
855 2717 946 2757 cqui-

250 2769 301 2797 tes
317 2765 435 2799 adesse
461 2765 733 2801 nunciabantur.'
767 2767 809 2798 B.
836 2765 947 2798 Afric.

707 217 850 248 No'rAE
864 220 866 222 ’
879 216 1141 248 VARIORUM
1175 217 1225 247 IN

989 321 1017 343 c.
1034 321 1059 342 1.
1082 313 1091 329 ‘
1104 314 1215 344 Quum
1233 312 1474 342 nunciarentur
1501 310 1689 343 adversari-

991 371 1083 392 orum
1123 363 1242 402 copim,
1281 364 1345 393 &c.
1384 361 1574 402 classesque
1613 371 1689 393 esse

989 413 1204 452 complures.'
1228 422 1257 442 c.
1275 416 1306 442 5.
1331 411 1599 442 ‘nunciabantur
1610 421 1690 442 aux—

989 464 1045 494 ilia
1059 474 1179 503 magna
1203 464 1378 504 suppetias
1402 462 1543 493 venire!
1590 462 1688 494 Adde

991 523 1021 544 c.
1039 516 1092 543 20.
1117 517 1150 543 et
1176 513 1319 544 Miscell.
1334 513 1420 543 Obs.
1438 513 1512 543 vol.
1528 521 1583 543 ιιι.
1600 513 1644 545 Τ.
1661 516 1692 544 1.

992 572 1024 601 p.
1042 564 1114 592 138.

993 631 995 633 ·
1034 620 1159 642 Lxxiv.
1182 613 1201 640 2
1227 612 1326 645 Quem
1351 613 1500 653 plerisque
1523 613 1556 643 in
1579 612 1692 643 castris

991 664 1097 691 notum
1125 664 1216 700 atque
1239 662 1421 701 municipem
1449 662 1590 702 habebat,
1623 672 1693 693 con-

991 712 1087 751 quirit
1125 714 1218 750 utque
1254 711 1357 750 rocat]
1403 712 1495 752 Lego
1534 713 1689 744 omnino:

992 771 1083 801 quem
1111 762 1235 801 quisque
1260 761 1293 792 in
1326 762 1441 792 castris.
1466 766 1571 793 notum
1603 766 1694 803 atque

992 811 1178 851 municipem
1193 810 1322 841 habebat
1337 811 1490 850 conquirit
1513 815 1603 851 atque
1625 820 1693 842 ero-

993 863 1055 891 cat.
1099 860 1153 890 Sic
1168 860 1201 890 in
1218 860 1318 890 Mstis
1336 861 1502 900 Bongars.
1518 860 1640 892 Petav.
1659 866 1694 892 et

996 919 1025 938 v.
1048 919 1078 941 c.
1096 909 1228 949 legitur.
1274 910 1392 940 Evocat
1418 910 1521 941 etiam
1556 910 1612 941 alii
1650 911 1695 942 le-

994 959 1139 999 gendum
1156 964 1370 999 putaverant.
1414 960 1481 990 Sed
1495 959 1694 991 Ciacconius

996 1010 1140 1049 opponit
1163 1010 1202 1040 iis
1227 1010 1446 1041 autoritatem
1472 1010 1612 1048 Lucani,
1636 1011 1694 1051 qui

995 1070 1098 1100 super
1115 1060 1164 1091 bis
1179 1062 1261 1102 ipsis
1287 1062 1464 1102 colloquiis
1484 1062 1552 1092 ait:
1582 1063 1591 1078 ⁴
1610 1060 1696 1092 Hos·

994 1112 1073 1151 pitis
1088 1112 1144 1142 ille
1162 1112 1230 1143 ciet
1252 1122 1386 1151 nomen,
1412 1117 1512 1143 vocat
1538 1112 1594 1142 ille
1619 1121 1696 1152 pro-

994 1161 1181 1202 pinquum!
1243 1162 1369 1192 Mirum
1406 1166 1499 1192 certe
1546 1160 1694 1201 poetam,

995 1212 1073 1252 quia
1088 1216 1190 1242 evocat
1203 1222 1267 1242 non
1278 1212 1415 1251 licebat,
1429 1212 1579 1251 posuisse
1598 1215 1696 1242 vocat.

993 1262 1059 1293 Sed
1077 1263 1197 1293 omitto
1214 1263 1297 1293 hacc.
1333 1262 1465 1292 Vossius.
1506 1262 1695 1301 Quemquis-

994 1321 1063 1351 que.
1108 1311 1163 1341 Sic
1174 1311 1257 1341 Mss.
1275 1311 1384 1351 Bong.
1403 1311 1480 1341 Pet.
1496 1311 1591 1341 Voss.
1608 1311 1697 1342 Nor-

995 1361 1061 1392 vic.
1085 1370 1124 1392 ac
1153 1361 1251 1391 editt.
1283 1361 1380 1391 Rom.
1410 1362 1497 1392 Ven.
1534 1361 1695 1392 Beroald.

994 1411 1113 1451 Steph.
1159 1411 1206 1442 At
1221 1411 1255 1443 J.
1274 1411 1409 1451 Lipsius
1433 1416 1469 1442 et
1494 1411 1566 1444 Jos.
1591 1411 1696 1443 Scali-

997 1471 1057 1501 ger
1083 1461 1116 1491 in
1142 1461 1210 1492 suis
1241 1460 1446 1492 editionibus
1473 1466 1696 1501 repraesenta-

996 1515 1076 1541 runt
1091 1520 1178 1550 quem
1190 1511 1342 1551 plerisque
1362 1511 1395 1541 in
1407 1511 1531 1550 castris,
1543 1512 1596 1550 &a
1621 1521 1696 1553 quae

997 1559 1133 1601 quidem
1170 1561 1272 1591 lectio
1315 1566 1381 1591 tam
1426 1562 1551 1599 sensui,
1595 1571 1696 1602 quam

997 1610 1238 1641 Grammaticae
1270 1615 1447 1650 repugnat.
1494 1611 1565 1642 Nos
1593 1611 1696 1651 igitur

997 1666 1150 1692 veterum
1159 1661 1376 1701 scripturam,
1389 1661 1553 1701 probante
1563 1661 1697 1700 Vossio,

998 1720 1102 1751 reque
1142 1711 1216 1751 ipsa
1253 1711 1433 1746 clamante,
1472 1711 1695 1742 restituimus.

996 1761 1107 1792 Daris.
1165 1761 1300 1800 Quisque
1326 1765 1361 1791 et
1384 1764 1486 1791 evocat
1514 1765 1610 1792 recte
1636 1761 1698 1792 eti-

996 1821 1048 1842 am
1073 1815 1211 1844 servant
1238 1812 1320 1842 Mss.
1349 1811 1414 1841 mci
1441 1816 1567 1851 practer
1594 1819 1697 1841 unum

998 1861 1108 1891 Palat.
1136 1861 1192 1901 qui
1223 1871 1299 1890 cum
1337 1861 1423 1891 Edd.
1456 1870 1512 1900 pp.
1552 1865 1586 1891 et
1616 1859 1696 1891 Ald.

996 1912 1111 1942 Plant.
1136 1911 1268 1951 Gryph.
1290 1910 1414 1950 Scalig.
1442 1911 1581 1951 aliisque
1610 1914 1696 1942 vocat

997 1961 1146 1991 exhibet.

1039 2016 1057 2042 5
1083 2011 1203 2042 Deinde
1221 2011 1524 2052 I-niperutorisfidem
1540 2012 1697 2052 quarunt]

999 2061 1156 2101 Conjccit
1184 2061 1262 2091 Pet.
1291 2061 1506 2099 Ciacconius,
1541 2062 1626 2092 Dcin
1660 2064 1698 2092 de

999 2110 1272 2151 Imperatorisfide
1287 2114 1438 2150 quarunt,
1451 2120 1549 2151 quem
1560 2116 1697 2142 secutus

998 2161 1071 2193 Jos.
1093 2161 1244 2200 Scaliger
1260 2161 1307 2191 ita
1323 2160 1439 2191 edidit.
1487 2160 1535 2192 At
1556 2161 1697 2192 alteram

998 2210 1176 2241 lectionem
1202 2210 1364 2240 exhibent
1395 2210 1552 2248 Codices,
1590 2219 1697 2251 eaque

999 2261 1132 2291 omniuo
1149 2265 1201 2291 est
1217 2260 1405 2294 retinenda.
1452 2260 1595 2292 Ovidius
1612 2261 1696 2292 Met.

998 2319 1078 2342 xm.
1106 2314 1157 2343 89.
1196 2311 1251 2341 ‘Si
1282 2311 1436 2351 quaeritis
1479 2311 1578 2350 hujus
1615 2311 1696 2341 For-

999 2367 1113 2393 tunam
1131 2372 1265 2401 puguae,
1282 2371 1346 2392 non
1363 2371 1434 2392 sum
1452 2365 1632 2401 superatus.
1653 2360 1694 2390 ab

998 2411 1079 2442 illo.y
1127 2412 1252 2442 Noster
1280 2412 1320 2442 B.
1352 2412 1395 2442 G.
1421 2420 1443 2448 ι.
1472 2414 1521 2441 18.
1542 2412 1550 2426 ‘
1569 2409 1694 2441 Eadem

999 2465 1131 2491 secreto
1143 2462 1184 2490 ab
1201 2461 1273 2491 aliis
1291 2460 1434 2501 quaerit.’
1459 2460 1498 2490 ln
1513 2460 1576 2490 Ms.
1591 2459 1695 2489 Bran·

998 2512 1090 2541 tiano
1106 2511 1251 2541 absurde
1280 2511 1403 2548 legitur
1430 2510 1630 2549 Imperatoris
1646 2509 1692 2550 fl·

997 2563 1256 2602 ‹lemque-untur.
1302 2562 1412 2592 Dacis.

1040 2615 1058 2641 7
1083 2612 1237 2652 Armaque
1251 2611 1330 2651 cum]
1355 2611 1476 2640 Petav.
1504 2608 1602 2640 Arma
1618 2609 1696 2648 quod

997 2672 1065 2693 cum
1077 2667 1112 2692 et
1129 2663 1175 2692 ita
1192 2662 1287 2692 Voss.
1307 2669 1367 2700 pro
1383 2669 1452 2689 var.
1471 2659 1550 2689 lect.
1596 2658 1696 2690 Arma

999 2723 1056 2753 qno
1081 2723 1148 2743 cum
1164 2712 1237 2743 Pal.
1258 2712 1365 2751 Bong.
1392 2712 1490 2741 Arma
1512 2710 1593 2742 enim
1617 2709 1695 2749 quod

998 2773 1066 2797 cum
1082 2764 1188 2798 D01·V.
1212 2766 1247 2795 et
1262 2761 1358 2795 Leid.
1375 2771 1442 2793 sec.
1487 2762 1587 2794 Arma
1602 2760 1635 2793 ld
1649 2763 1695 2794 est
