1872 3115
390 194 482 224 mu.
516 193 547 222 ι.
581 192 686 221 cm).
716 182 786 222 54.
821 193 883 222 Du
919 192 1073 222 BunLo
1107 193 1335 224 GAmACO.

141 285 253 325 potius
266 284 479 322 crediderim,
490 284 640 315 Bellona.
686 284 836 316 Circum-

141 336 366 376 scriptumest
380 335 426 366 M.
440 334 600 366 Mettius:
617 335 731 376 itaque
747 334 835 366 forte

142 386 291 417 innuitur
316 385 347 415 vi
383 395 457 415 eum
488 385 640 416 hostibus
668 390 836 425 ereptum.

141 437 217 475 Vel,
244 436 282 474 si,
307 441 342 466 ut
366 435 438 466 aliis
464 435 582 474 visum,
614 436 701 476 bigae
732 436 835 467 Luna:

141 490 361 523 consecratur,
377 484 528 516 fortassis
552 485 694 516 obscure
712 486 837 517 indica-

140 541 193 567 tur
220 536 412 566 vaticinium
448 536 694 568 Germanarum
733 534 838 566 foemi-

139 595 268 624 narum,
285 596 359 626 qua:
384 589 422 616 ut
438 586 485 616 ait
512 587 638 626 Caesar,
666 586 836 626 dicebant,

137 637 146 653 ‘
162 636 238 668 Non
277 646 349 667 esse
376 635 425 667 fas
448 636 637 668 Germanos
664 647 837 677 superare,

137 687 164 717 si
184 692 262 718 ante
279 697 398 718 novam
419 688 545 718 Lunam
562 687 683 728 proelio
698 691 836 719 conten-

138 737 288 769 dissent.’
335 739 400 769 Sed
427 739 512 778 ha‘c,
536 743 574 769 ut
590 739 734 777 incerta,
759 739 836 770 mit-

139 793 186 820 to.
231 788 319 820 Illud
337 789 441 819 miror
450 789 591 819 AEneam
606 789 730 820 Vicum
744 789 836 830 igno-

137 848 237 878 rasse,
272 838 345 880 quis
384 838 437 869 hic
474 839 619 869 Mettius
658 838 714 869 sit.
762 839 837 870 Nisi

139 888 241 927 forte,
272 889 341 929 ejus
373 892 476 919 aetate
500 889 533 918 in
563 889 697 920 excusis
725 889 836 920 Codd.

139 940 280 971 Caesaris
299 939 402 970 Titius
425 943 511 978 erat,
533 939 583 970 uti
607 943 643 970 et
660 938 837 970 Plautinus

138 989 288 1020 excudit.
318 989 453 1021 Vossius.
499 988 598 1020 Adde
619 989 777 1020 Ursinum
794 989 836 1020 ad

139 1039 294 1070 Familias
316 1039 495 1070 Romanas.

182 1097 256 1120 mv.
280 1092 299 1119 2
327 1088 409 1123 Quos
425 1087 688 1129 Ubii—insecuti]
720 1089 775 1121 Ita
786 1099 837 1120 re-

137 1139 320 1171 stituerunt
337 1141 377 1170 B.
396 1140 579 1170 Rhenanus
595 1149 705 1171 rerum
720 1140 836 1172 Germ.

137 1190 159 1220 l.
176 1199 232 1220 ιιι.
258 1194 293 1220 et
308 1190 362 1221 Fr.
380 1189 634 1229 Hotomannus3
663 1200 738 1231 quae
765 1191 835 1232 qui—

138 1239 216 1271 dem
230 1239 420 1271 emendatio
441 1239 521 1271 mihi
543 1241 762 1272 vehementer
788 1251 838 1273 ar-

139 1289 230 1321 ridet
246 1301 256 1327 ;
282 1289 388 1321 Ubios
405 1291 492 1321 enim
509 1291 661 1331 proxime
680 1292 837 1323 Rhenum

139 1339 306 1371 habitasse
323 1345 456 1371 constat
472 1350 514 1371 ex
529 1341 634 1372 Plinii
656 1342 701 1374 H.
726 1343 772 1375 N.
787 1352 835 1374 ιν.

141 1392 191 1420 17.
209 1390 246 1422 e't
261 1394 394 1422 veteres
415 1390 606 1423 inimicitias
621 1402 696 1424 cum
717 1394 838 1425 Suevis

141 1441 333 1472 exercuisse
350 1440 452 1471 docet
473 1442 590 1473 Caesar
609 1443 650 1473 B.
667 1443 711 1474 G.
729 1452 779 1474 iv.
807 1446 837 1475 3.

138 1491 180 1522 In
215 1490 363 1531 antiquis
403 1494 516 1521 tamen
555 1491 654 1522 editt.
681 1497 718 1522 et
753 1493 837 1524 Mss.

139 1542 265 1584 legitur
291 1543 394 1583 ‘quos
415 1541 474 1573 ubi
500 1542 558 1583 qui
579 1542 742 1583 proxime'
766 1542 837 1584 (vel

136 1591 298 1633 proximi)
320 1594 328 1610 ‘
339 1592 495 1623 Rhenum
507 1593 661 1624 incolunt
677 1593 837 1633 perterri-

140 1646 192 1673 tos
219 1646 396 1673 senserunt
422 1641 591 1680 insecuti,'
616 1644 682 1673 &c.
727 1642 837 1674 Quam

138 1692 318 1723 lectionem
345 1691 425 1733 quin
440 1691 589 1732 imperiti
616 1691 762 1723 Librarii
779 1696 838 1724 aut

138 1743 354 1774 Correctores
370 1741 558 1781 intulerint,
583 1742 692 1773 nullus
708 1742 837 1773 dubito.

138 1791 349 1823 Adservatur
376 1791 411 1821 in
444 1791 658 1822 Bibliotheca
693 1791 838 1833 Collegii

137 1842 312 1874 Petrensis
344 1841 434 1883 apud
478 1841 753 1882 Catabrigienses
791 1842 836 1875 Q.

139 1893 250 1925 Curtii
277 1893 442 1934 scriptum
469 1892 656 1933 exemplar,
681 1892 769 1934 quod
792 1892 835 1924 A.

139 1944 185 1975 D.
204 1946 298 1975 1495.
321 1943 504 1974 innumeris
527 1943 561 1973 in
587 1943 670 1974 locis
687 1944 837 1975 correxit

138 1994 293 2035 Raphael
330 1995 374 2026 de
405 1994 618 2026 Marcatellis
648 1994 836 2036 Episcopus

139 2045 298 2076 Rosensis
324 2049 359 2076 et
373 2044 489 2076 Abbas
512 2045 545 2076 S.
569 2045 717 2077 Bavonis
735 2047 837 2087 juxta

139 2094 354 2134 Gandavum,
381 2099 420 2126 ut
447 2096 521 2136 ipse
552 2095 585 2125 in
625 2096 718 2126 calce
757 2096 836 2128 libri

140 2148 286 2175 testatus
316 2149 378 2175 est.
423 2144 471 2176 At
498 2154 577 2175 sane
608 2154 706 2186 qnam
732 2146 836 2186 pluri-

139 2203 229 2224 mnm
267 2194 439 2235 antiquam
481 2194 661 2226 lectionem
706 2200 836 2227 temere

140 2244 296 2283 mutavit,
326 2250 365 2276 ut
386 2245 494 2286 liquet
523 2255 566 2276 ex
586 2245 658 2286 ejus
682 2247 836 2288 vestigiis

138 2305 204 2327 nou
217 2296 351 2336 penitus
367 2296 481 2328 erasis.
526 2297 603 2329 Hoc
630 2298 659 2329 si
682 2299 835 2340 contige-

138 2345 183 2376 rit
210 2346 284 2377 viro
312 2351 382 2377 tum
414 2347 573 2387 temporis
599 2347 690 2379 inter
714 2348 835 2380 doctos

136 2402 326 2436 numerato,
350 2405 448 2427 nemo
473 2396 620 2437 dubitet,
639 2398 720 2439 quin
745 2399 836 2430 idem

137 2445 285 2477 indoctis
320 2446 482 2477 Librariis
513 2447 662 2487 potuerit
691 2449 837 2489 evenire,

140 2496 316 2537 proecipue
333 2506 408 2528 cum
420 2496 462 2529 de
487 2497 675 2529 nominibus
692 2500 837 2540 propriis

140 2550 198 2577 aut
215 2547 328 2587 paullo
354 2547 538 2579 rarioribus
567 2553 737 2589 ageretur.
781 2550 837 2582 Sic

139 2596 230 2636 apud
243 2597 371 2629 Julium
388 2598 414 2628 F
417 2598 570 2629 irmiciuu
586 2599 629 2629 de
655 2608 721 2631 err.
751 2600 836 2640 prof.

141 2644 218 2677 Rel-
235 2656 267 2687 p.
285 2650 337 2678 36.
355 2648 504 2688 legitur;
528 2654 536 2666 ⁶
556 2649 623 2681 Hic
639 2650 837 2692 (Saturnus)

141 2703 182 2726 ex
200 2695 305 2728 Creta
325 2697 478 2739 fugien53
499 2699 535 2730 in
551 2699 653 2731 ltalia
669 2710 688 2731 a
701 2700 837 2740 Sparta-

142 2744 192 2776 nis
210 2740 444 2781 absconditur!
486 2749 605 2782 Scribe
618 2749 756 2792 Sicanis,
778 2752 836 2794 qui

1509 185 1594 226 907

889 286 988 325 primi
1035 286 1170 317 Italiam
1218 286 1446 318 incoluerunt.
1504 287 1593 319 Vide

888 335 1089 375 Dionysium
1117 336 1417 367 Halicarnasseum
1436 336 1552 368 Anni.
1568 347 1593 370 1.

889 388 961 424 μδ.
976 385 1029 415 ed.
1049 386 1087 416 R.
1105 386 1222 426 Steph.
1239 390 1273 416 et
1289 386 1442 417 Servium
1461 387 1502 418 ad
1519 388 1594 419 Vir-

889 435 958 475 gilii
977 435 1050 465 [ΕΠ.
1071 437 1091 466 Ι.
1110 445 1150 467 ιι.
1195 437 1367 468 Librarius
1386 437 1510 469 fefellit
1527 448 1592 469 vox

887 485 996 516 minus
1026 490 1118 517 nota.
1149 487 1249 518 Joan.
1276 488 1365 518 Frid.
1399 488 1591 520 Gronovius

889 534 972 566 Obs.
991 535 1122 567 Eccles.
1146 545 1175 566 c.
1208 539 1239 567 9.
1267 538 1404 577 reponit
1420 538 1508 570 Jano
1526 538 1593 569 Pa-

889 590 952 616 tre.
1010 585 1079 616 Sed
1117 585 1189 616 ha›c
1227 587 1419 617 emendatio
1451 587 1591 619 nimium

888 635 961 666 abit
999 645 1018 666 a
1049 640 1200 677 receptae
1231 636 1388 667 lectionis
1418 638 1592 678 sestigiis;

887 684 964 715 ideo
980 695 1032 716 me
1049 695 1133 717 meae
1158 686 1366 726 conjectura?
1396 697 1462 717 non
1489 688 1594 728 pceni-

887 740 950 767 tet.
974 736 1085 767 Duris.
1131 737 1247 769 ‘Quos
1277 737 1369 776 Ubii,
1404 738 1460 778 qui
1492 747 1591 777 prox-

886 787 952 818 ime
992 789 1146 820 Rhenum
1183 789 1350 829 incolunt,
1387 790 1591 830 perterritos

888 839 1056 877 insecuti‚’
1088 843 1150 872 ἃς.
1195 840 1346 871 Pulchra
1377 841 1531 872 Rhenani
1555 847 1592 873 et

889 889 1099 920 Hotomanni
1152 890 1364 922 emendatio:
1419 901 1517 932 quam
1556 896 1592 923 et

889 939 1030 971 Graecus
1047 941 1080 971 iu
1098 950 1158 972 suo
1176 941 1304 972 Codice
1322 941 1487 982 repperit.
1505 942 1591 972 Mss.

888 994 923 1021 et
934 989 1147 1022 Editt.Vett.
1161 991 1170 1007 ‘
1181 991 1273 1024 Quos
1291 990 1375 1031 ubi,’
1388 992 1454 1030 vel,
1469 993 1477 1008 ⁴
1492 991 1592 1031 ubiii,

888 1039 945 1080 qui
971 1040 1123 1079 proxime
1153 1041 1307 1071 Rhenum
1325 1042 1492 1081 incolunt,
1516 1051 1592 1082 per-

887 1089 1024 1120 territos
1068 1095 1271 1129 senserunt;
1315 1090 1483 1130 insecuti,'
1527 1093 1592 1122 ἃς.

890 1139 997 1171 Clark.
1057 1140 1200 1180 Optime
1231 1140 1296 1172 viri
1325 1141 1418 1172 docti
1449 1151 1491 1172 ex
1519 1151 1593 1181 quos

887 1189 952 1229 ubi,
977 1199 1036 1230 pro
1054 1200 1120 1231 quo
1138 1190 1172 1220 in
1188 1190 1257 1222 Ms.
1274 1191 1406 1222 Duker.
1424 1201 1444 1222 a
1467 1202 1511 1223 m.
1537 1201 1590 1233 pr.

888 1246 941 1272 est
956 1251 984 1281 q.
1007 1241 1082 1281 nisi,
1106 1246 1142 1272 et
1159 1241 1192 1272 in
1208 1242 1272 1273 Ed.
1290 1242 1428 1274 Incerta
1453 1248 1505 1274 est
1533 1253 1592 1283 quo

887 1291 960 1330 nisi,
983 1291 1207 1322 emendarunt
1236 1303 1266 1331 q.
1300 1291 1386 1323 Ubii.
1442 1293 1593 1324 Nomina

887 1342 1026 1382 propria
1065 1342 1272 1373 creberrime
1306 1352 1379 1374 esse
1418 1348 1593 1384 corrupta,

888 1395 1024 1422 constat
1038 1392 1128 1422 inter
1145 1401 1271 1423 omnes.
1316 1392 1383 1422 Sed
1411 1393 1502 1433 quod
1525 1393 1592 1424 viri

889 1441 991 1481 docti,
1022 1451 1106 1482 quos
1141 1442 1214 1482 jain
1246 1443 1286 1473 R.
1323 1442 1517 1482 Stephanus
1555 1447 1592 1474 et

887 1490 1014 1530 Scalig.
1029 1491 1063 1520 in
1080 1491 1148 1521 suis
1175 1490 1262 1522 Edd.
1280 1491 1390 1522 secuti
1412 1496 1503 1532 sunt,
1520 1497 1592 1525 tam

888 1539 1052 1570 audacter
1088 1539 1228 1580 ejiciant
1249 1541 1391 1572 verbum
1419 1547 1591 1584 senserunt,

886 1589 921 1620 in
938 1590 1092 1621 omnibus
1115 1600 1154 1622 ac
1171 1591 1408 1622 vetustissimis
1426 1593 1592 1625 membra-

887 1638 938 1670 nis
950 1644 1138 1681 repertum,
1154 1641 1284 1680 nescio,
1311 1650 1354 1671 an
1377 1642 1516 1681 probari
1533 1642 1592 1675 de-

888 1689 980 1721 beat.
1025 1689 1263 1721 Hotomannus
1279 1691 1342 1722 hoc
1364 1691 1500 1724 videtur
1516 1703 1592 1725 sen-

888 1739 992 1777 sisse;
1025 1749 1101 1771 nam
1129 1740 1186 1771 ille
1223 1740 1373 1781 legebat,
1414 1751 1488 1783 quos
1522 1754 1591 1776 cum

892 1789 980 1829 Ubii,
1005 1791 1057 1829 850.
1079 1791 1268 1830 perterritos
1296 1796 1466 1824 senserunt.
1512 1794 1590 1826 Car-

887 1840 1046 1871 rarieusis
1063 1840 1180 1871 Codex
1196 1841 1301 1872 habet
1323 1852 1397 1882 quos
1410 1843 1462 1874 ubi
1478 1846 1593 1885 cuncti,

887 1890 945 1921 alii
975 1890 1028 1921 ubi
1054 1890 1090 1922 ii.
1135 1891 1238 1931 Vide,
1266 1901 1346 1923 num
1378 1893 1458 1925 olim
1485 1894 1591 1928 fuerit

886 1940 939 1972 ubi
966 1940 1052 1981 Ubii,
1078 1945 1117 1972 ut
1143 1941 1261 1972 harum
1289 1942 1478 1975 litterarum
1494 1954 1591 1986 repe-

888 1992 977 2033 titio,
1000 1992 1132 2024 mendae
1162 1991 1266 2025 fuerit
1295 2003 1438 2034 caussa3
1474 1997 1529 2027 vel
1556 2001 1591 2028 vt

891 2043 977 2076 Ubii.
1022 2043 1178 2085 Friburg.
1195 2043 1259 2076 Ed.
1275 2043 1318 2076 A.
1336 2048 1431 2077 1527.
1448 2046 1591 2079 exhibet

886 2094 954 2127 (Ο.
982 2093 1077 2132 Ubii,
1103 2104 1135 2135 q.
1166 2104 1200 2134 p.
1224 2096 1265 2126 R.
1292 2095 1328 2135 i.,
1356 2096 1415 2127 ubi
1442 2102 1591 2138 perterr.

886 2144 1088 2176 senserunt.·‘
1132 2145 1240 2176 Favet
1256 2146 1419 2178 Rhenauo
1435 2152 1471 2179 et
1483 2149 1590 2179 Bran-

886 2196 934 2227 tio
951 2196 1146 2237 ceterisque
1164 2196 1309 2228 Graecus
1332 2198 1514 2239 interpres,
1531 2198 1589 2241 qui

885 2255 952 2278 non
969 2248 1124 2288 agnoscit
1140 2258 1256 2279 vocem
1271 2253 1442 2281 senserunt.

928 2299 947 2328 3
985 2297 1138 2329 Proxime
1174 2298 1333 2339 Rhenum]
1381 2299 1438 2330 Ita
1476 2299 1590 2340 primi,

886 2348 977 2389 quod
1017 2348 1133 2387 sciam,
1171 2349 1351 2381 ediderunt
1384 2350 1518 2392 Lipsius
1552 2355 1589 2382 et

887 2399 1050 2439 Scaliger.
1077 2399 1215 2431 Priores
1237 2410 1312 2431 cum
1330 2401 1415 2432 Mss.
1433 2400 1589 2432 omnibus

885 2449 1033 2490 proximi,
1056 2449 1122 2480 nisi
1147 2449 1238 2491 quod
1265 2460 1308 2481 ex
1323 2451 1406 2482 meis
1423 2451 1588 2491 Gottorp.

887 2505 923 2532 et
939 2501 1037 2531 Voss.
1054 2501 1177 2532 tertius
1189 2501 1311 2532 habeut
1323 2501 1501 2543 proximum
1510 2510 1587 2532 cum

887 2550 951 2582 Ed.
990 2550 1140 2582 Incerta.
1184 2552 1235 2583 lll.
1269 2552 1313 2583 N.
1353 2551 1515 2582 Heinsius
1551 2551 1587 2583 in

886 2601 1038 2643 margine
1064 2603 1115 2633 sui
1139 2602 1217 2632 libri
1245 2603 1439 2642 conjecerat
1461 2602 1470 2617 ‘
1486 2610 1587 2642 prox-

885 2652 943 2683 imi
972 2652 1113 2684 Rheno.'
1171 2653 1218 2683 Ut
1249 2662 1279 2683 c.
1309 2655 1340 2683 6.
1373 2651 1586 2692 ‘proximum

886 2701 1122 2734 Helvetiorum
1148 2701 1293 2733 finibus.'
1329 2711 1370 2733 ιι.
1393 2705 1445 2735 12.
1467 2703 1586 2745 ‘prox-

886 2752 942 2784 imi
960 2752 1099 2785 Remis:
1122 2761 1179 2784 ιιι.
1199 2755 1249 2783 ll.
1272 2751 1281 2768 ‘
1296 2751 1438 2793 proximi
1454 2751 1584 2786 flumini
