1818 3131
319 198 409 229 Lim
444 189 880 229 vu1.cAr.49.nss
915 201 1068 231 annno
1099 202 1327 231 GALLlCO.

139 291 179 319 3⁴
206 289 410 330 magnopere]
444 291 610 329 Bongars.
637 299 687 329 pr.
714 289 800 320 Vos-

97 340 183 371 siau.
202 350 252 380 pr.
271 340 384 371 Oxon.
402 341 568 381 Egmund.
591 339 673 371 dant
689 349 800 380 magno

95 399 196 429 opere.
218 390 403 430 Eleganter
414 395 448 421 et
461 400 550 421 vere.
574 389 641 420 Adi
656 389 697 420 ad
711 392 798 422 1.13.

97 440 139 470 B.
155 440 200 470 G.
245 440 341 471 Ordo
357 445 482 478 autem,
504 449 570 480 qno
588 439 689 471 verba
712 441 798 471 loca-

98 491 144 530 vi,
168 495 220 521 est
247 490 314 520 fide
342 490 509 521 Mstorum
537 490 686 521 omnium
714 492 798 521 anti-

97 549 252 580 quorum.
282 539 393 579 Vulgo
408 538 497 569 habet
516 539 558 570 G.
576 550 616 570 m.
633 550 680 570 res
691 550 725 579 g.
756 540 796 571 In

96 589 172 619 aliis
192 597 374 627 magnopere
392 587 530 619 Gallice:
556 594 592 619 ut
618 590 797 630 suspiceris

97 637 214 668 Gallia
242 647 314 668 esse
346 638 536 677 insititiuiu,
564 639 663 669 sicuti
692 641 796 670 etiam

96 697 164 718 non
180 694 355 728 comparet
380 689 412 719 in
439 689 536 720 Leid.
563 698 632 720 sec.
659 693 740 719 tert.
761 693 798 719 et

95 737 161 768 Ed.
181 737 253 769 Ine.
299 737 347 769 At
362 738 438 769 vide
457 739 489 768 in
516 738 620 769 Praes.
641 738 737 778 hujus
761 737 796 768 li-

95 787 146 818 bri
162 789 171 805 ‘
185 797 296 819 rerum
314 793 482 828 gestarum
500 788 647 820 Gallim!

138 846 236 870 xux.
252 840 271 868 2
297 838 385 868 Nulli
399 848 482 878 spem
498 842 553 868 aut
569 847 708 868 caussam
723 837 799 868 dure

94 887 265 927 armorum]
312 889 452 928 Repono
480 889 557 919 nulli
587 888 728 928 speciem,
763 887 796 918 id

94 943 161 975 est,
188 942 405 978 praetextum.
456 939 626 979 Sulpicius
650 939 797 969 Severus

97 987 229 1018 Hister.
252 988 348 1019 Sacr.
375 997 414 1019 ιι.
442 991 471 1019 3.
496 992 527 1020 0.
555 988 797 1020 ‘Dedentibus

95 1048 232 1078 semper
263 1039 354 1078 pacis
383 1039 497 1078 specie
530 1039 694 1069 traditum
722 1047 799 1069 con-

94 1089 182 1119 stat:
226 1088 281 1118 Ibi
301 1089 377 1120 Car.
400 1088 558 1129 Sigonius
583 1088 729 1127 conjecit
753 1087 799 1117 le-

96 1137 242 1178 gendum
269 1137 451 1169 dedentibus
475 1147 507 1168 se
537 1147 593 1177 per
619 1137 708 1177 pacis
732 1146 797 1176 spe-

94 1189 191 1220 ciem:
226 1198 301 1230 quae
330 1187 465 1229 quidem
493 1187 690 1218 emendatio
716 1187 797 1217 satis

94 1243 146 1270 est
162 1239 338 1277 concinna,
354 1239 443 1271 haud
461 1244 574 1269 tamen
591 1237 798 1268 necessaria.

94 1289 275 1320 Suetonius
296 1289 365 1321 Jul.
391 1299 466 1329 cap.
483 1292 536 1319 82.
560 1288 797 1319 ‘Assidentem

95 1338 281 1379 conspirati
307 1338 406 1378 specie
437 1336 539 1368 officii
567 1337 800 1367 circumstete-

96 1387 201 1419 runt)
257 1388 314 1418 Sic
345 1393 380 1418 ct
412 1387 492 1418 alibi
530 1387 681 1427 loquitur
710 1386 798 1416 idem

96 1439 254 1479 scriptor.
313 1439 431 1470 Florus
464 1447 505 1470 ιι.
537 1442 569 1469 2.
597 1441 629 1468 4.
664 1437 799 1478 ‘Specie

95 1488 231 1529 quidem
247 1488 356 1519 socios
372 1488 530 1529 juvandi,
552 1497 587 1518 re
604 1492 717 1519 autem
735 1488 799 1518 sol-

92 1538 248 1570 licitante
266 1537 406 1578 praeda!
451 1538 615 1569 Mendum
633 1538 665 1568 in
685 1538 798 1569 Hirtio

94 1589 290 1630 procreavit
322 1588 574 1629 compendiaria
603 1588 796 1628 scriptura3

92 1649 176 1680 spem
193 1639 282 1669 enim
300 1644 335 1670 et
349 1639 479 1679 speciem
495 1639 528 1669 iu
550 1638 798 1678 Manuscriptis

95 1689 166 1720 sola
192 1688 371 1728 distinguit
399 1689 534 1728 lineola,
560 1698 622 1728 per
648 1688 798 1719 litteram

96 1738 277 1770 secundam
306 1738 428 1776 ducta;
461 1739 539 1770 hinc
565 1738 617 1778 fit,
644 1742 682 1769 ut
706 1747 797 1779 saepe

95 1786 358 1820 confundantur.
382 1789 494 1819 Dacis.
538 1789 641 1819 Errat
658 1788 707 1819 vir
722 1788 800 1818 doc·

96 1845 160 1871 tus.
205 1839 373 1879 Spe-rabat
400 1840 488 1870 eniiu
521 1849 655 1880 semper
683 1838 799 1870 Gallia

95 1898 245 1921 caussam
275 1898 437 1920 novorum
466 1894 629 1920 motuum.
682 1889 797 1921 Quare

94 1940 133 1971 iis
162 1949 294 1971 omnem
323 1949 418 1980 spem
447 1944 482 1970 et
509 1943 716 1980 praetextum
743 1939 798 1970 vel

94 1999 249 2022 caussam
272 1989 423 2021 adimere
449 1989 599 2021 volebat.
643 1989 748 2020 Patet
762 1988 797 2018 id

94 2040 179 2072 satis
200 2050 218 2071 e
243 2039 476 2081 sequentibus.
508 2039 666 2070 ‘Bellum
691 2038 796 2069 omnis

97 2089 212 2122 Gallia
225 2089 375 2120 libenter
389 2089 462 2120 sine
483 2087 649 2129 praesenti
665 2087 797 2129 pericu-

95 2138 130 2170 lo
146 2137 358 2177 susciperet.'

137 2189 158 2218 4
181 2186 245 2217 Sub
260 2187 413 2217 decessum
428 2185 532 2226 suum]
565 2187 622 2218 Ita
647 2187 797 2219 scriben-

96 2236 175 2268 dum
198 2236 365 2268 existimo.
408 2236 463 2267 Sic
488 2236 576 2267 enim
597 2236 670 2277 jam
696 2236 797 2268 infra.

99 2287 234 2318 Coesaris
243 2286 417 2318 decedentis
422 2297 433 2323 ,·
449 2286 516 2326 alii,
523 2286 688 2318 discessum
697 2297 796 2318 situm.

99 2338 207 2369 Clark.
252 2338 362 2369 Recte
378 2337 535 2368 Clarkius
551 2339 615 2368 dec.
641 2338 798 2369 emenda-

95 2388 158 2430 vit,
175 2387 264 2430 quod
287 2388 426 2428 egregie
448 2387 649 2419 confirmant
671 2388 796 2419 Audin.

97 2438 212 2470 Oxou.
227 2438 324 2470 Voss.
342 2447 393 2477 pr.
410 2437 523 2468 Palat.
540 2437 638 2468 Leid.
656 2447 724 2469 sec.
747 2438 798 2469 uti

97 2495 134 2522 et
155 2491 241 2522 Mss.
264 2490 379 2521 Ursini
402 2500 441 2520 ac
467 2490 602 2529 Faerni‚
624 2495 727 2531 atque
749 2491 797 2522 ita

98 2539 314 2572 scribendum
335 2539 475 2580 margini
499 2539 626 2571 adlevit
651 2540 795 2581 Lipsius.

100 2591 259 2622 Decedere
273 2590 351 2622 huic
367 2591 415 2622 rei
434 2591 608 2631 proprium
624 2600 699 2622 esse
723 2600 798 2621 ver-

100 2641 192 2681 bum,
227 2644 266 2672 ut
295 2646 331 2672 et
359 2641 534 2680 decessoris,
566 2641 637 2681 jam
668 2641 797 2672 tirones

100 2689 224 2722 sciunt.
267 2689 335 2722 Adi
349 2695 386 2722 et
404 2690 557 2722 Vossium
571 2691 612 2721 ad
631 2700 704 2730 cap.
727 2700 797 2731 seq.

103 2740 238 2773 caesoeris
264 2742 447 2783 decedentis,
483 2741 532 2774 uti
560 2745 614 2774 est
644 2741 679 2774 in
711 2742 797 2774 Mss.

1437 191 1548 233 1323

851 292 1003 330 plurimis
1028 299 1062 325 et
1086 294 1342 334 intergerrimis.
1388 293 1547 325 Ceterum

851 342 958 372 minus
974 343 1057 374 bene
1075 346 1224 384 Scaliger
1239 354 1280 375 ex
1297 345 1373 375 Uis.
1391 349 1426 376 et
1452 344 1550 375 Faer-

851 392 884 421 ni
901 392 994 422 libris
1011 395 1159 433 reposuit
1178 395 1431 425 Accusativum.
1459 395 1548 426 Nam

850 451 965 472 ornnes
980 444 1020 472 ad
1034 454 1142 474 sunum
1160 445 1241 475 fuss.
1268 450 1301 474 ct
1322 445 1406 475 Eud.
1423 444 1550 476 habent

850 491 1059 530 Ablativum,
1085 499 1119 523 at
1137 499 1218 533 puto
1244 495 1393 524 Fulvium
1412 503 1550 534 respex-

849 541 915 572 isse
933 546 1063 572 tantum
1081 543 1121 571 au
1147 544 1419 582 p=·-.12positi01iem
1445 549 1480 574 et
1504 543 1550 573 in-

851 590 968 621 dicare
996 591 1151 630 voluisce,
1181 592 1213 621 in
1253 593 1319 622 suis
1353 593 1443 623 libris
1476 602 1550 623 <esse

848 641 980 679 decessu,
1009 650 1076 671 non
1106 642 1279 672 decessum:
1307 643 1457 683 quamvis
1486 643 1549 673 liae

848 691 1033 721 variatione
1063 690 1142 721 nihil
1175 691 1218 721 sit
1249 691 1476 731 frequentius,
1514 697 1550 722 et

848 744 1028 781 utrumque
1060 741 1226 781 exemplis
1258 740 1399 771 defendi
1432 742 1548 781 possit.

848 789 915 820 Adi
931 789 972 819 ail
989 789 1029 820 Β.
1047 789 1090 821 G.
1108 799 1147 821 11.
1166 793 1216 821 11.
1241 790 1282 820 B.
1300 790 1338 821 C.
1357 799 1380 820 1.
1398 793 1450 821 27.
1469 792 1477 807 ‘
1491 791 1551 821 sub

848 839 923 879 ipsa
939 838 1173 880 profectione!

849 889 936 920 Caes.
957 899 989 929 p.
1006 892 1058 920 24.

891 941 911 968 ὓ
936 939 1045 969 Omnis
1061 939 1168 970 Gallia
1182 940 1362 980 susciperet]
1398 940 1454 971 Sic
1478 941 1551 972 Cae-

848 997 901 1017 sar
918 987 1002 1018 dicit
1017 989 1138 1028 saepius
1155 1001 1163 1027 ;
1188 999 1263 1020 cum
1281 990 1323 1021 de
1350 990 1456 1021 tribus
1473 991 1554 1022 Gal-

848 1038 902 1068 liis
919 1038 1080 1079 loquitur.
1127 1038 1255 1070 Confer
1270 1040 1368 1070 Voss.
1387 1040 1428 1070 ad
1442 1049 1506 1071 vn.
1520 1043 1551 1071 4.

850 1088 975 1118 Verum
991 1097 1052 1118 uec
1065 1088 1448 1128 spernendumtemere,
1461 1089 1551 1130 quod

849 1142 901 1168 est
918 1138 950 1167 iu
969 1137 1059 1168 And.
1077 1143 1111 1168 et
1127 1137 1240 1169 Oxon.
1259 1140 1339 1178 quod
1357 1139 1471 1170 Gallioe
1487 1149 1552 1169 sus-

848 1189 997 1230 ciperent.
1042 1189 1092 1220 Ut
1108 1198 1126 1219 e
1151 1189 1235 1220 Mss.
1265 1190 1434 1230 plerisque
1456 1190 1552 1220 resti-

849 1239 974 1271 tuimus
991 1239 1031 1269 Β.
1047 1239 1089 1270 G.
1107 1247 1154 1270 lv.
1172 1242 1227 1271 20.
1252 1239 1260 1256 ‘
1275 1240 1359 1270 Quae
1378 1244 1456 1271 sunt
1473 1248 1552 1270 con·

850 1294 903 1319 tra
919 1289 1072 1320 Gallias:

892 1342 912 1369 9
937 1339 1126 1379 Inponenda]
1178 1339 1231 1369 Sic
1262 1339 1399 1380 quidem
1429 1339 1553 1371 Petav.

849 1389 974 1428 Scalig.
996 1389 1114 1428 Cujac.
1140 1388 1229 1420 And.
1256 1389 1370 1421 Oxou.
1397 1395 1433 1421 et
1455 1390 1552 1422 Leid.

851 1449 901 1479 pr.
917 1448 994 1469 cum
1014 1439 1119 1479 Bong.
1147 1448 1197 1478 pr.
1216 1448 1235 1469 a
1251 1449 1295 1469 m.
1313 1448 1382 1470 sec.
1400 1449 1438 1470 ac
1463 1441 1553 1471 Dor-

1220 840 1299 871 Bos.
1317 839 1461 870 Auimad
1469 850 1497 871 v.
1517 841 1550 871 in

849 1489 917 1520 vill.
934 1493 969 1519 et
986 1488 1107 1519 Celso:
1135 1498 1239 1529 quare
1262 1489 1309 1520 nil
1335 1494 1440 1520 muto.
1486 1490 1553 1520 Ve-

849 1548 922 1568 rum
949 1539 1058 1578 Bong.
1087 1547 1137 1578 pr.
1165 1548 1184 1568 a
1209 1548 1253 1568 m.
1281 1547 1331 1578 pr.
1364 1543 1400 1569 et
1429 1538 1552 1580 reliqui

850 1588 993 1619 Codices
1021 1588 1100 1628 mei,
1130 1588 1162 1618 in
1197 1587 1317 1628 quibus
1347 1588 1454 1628 Bong.
1484 1597 1552 1619 sec.

849 1639 946 1669 Voss.
963 1648 1013 1678 pr.
1032 1639 1160 1668 Lovan.
1178 1637 1345 1677 Egmund.
1363 1640 1428 1669 erc.
1450 1637 1499 1668 uti
1517 1642 1553 1668 et

851 1689 984 1720 Carrar.
1009 1694 1044 1720 et
1068 1688 1155 1720 Edd.
1180 1688 1256 1719 Inc.
1283 1697 1321 1719 ac
1348 1687 1437 1719 Flor.
1461 1687 1554 1718 exhi-

850 1740 933 1771 bent
957 1740 1154 1778 injungendo.
1200 1739 1279 1770 Non
1296 1738 1402 1769 minus
1419 1738 1553 1778 elegan-

850 1794 913 1819 ter.
960 1789 1047 1819 Vide
1077 1798 1158 1829 quos
1185 1788 1303 1819 laudat
1333 1788 1406 1819 Cel.
1435 1788 1552 1819 Burm.

850 1848 992 1879 prooem.
1019 1838 1161 1870 Quinct.
1184 1838 1272 1868 lust.
1299 1838 1397 1869 Orat.
1423 1837 1553 1877 ‘injun-

850 1898 931 1929 gere
969 1888 1118 1919 laborem
1148 1897 1213 1919 non
1245 1888 1370 1928 injuste
1399 1886 1555 1918 videren-

850 1938 938 1970 turz'
972 1943 1009 1970 et
1035 1948 1124 1979 saepe
1156 1938 1205 1969 his
1236 1938 1269 1969 in
1301 1937 1553 1969 commentariis

849 1988 1053 2019 adhibitum.
1097 1989 1138 2019 B.
1155 1988 1229 2019 Civ.
1247 1996 1288 2018 11.
1307 1991 1358 2019 18.
1382 1988 1390 2004 ‘
1406 1987 1452 2018 Iis
1479 1996 1554 2027 gra·

850 2038 946 2069 viora.
973 2047 1078 2068 onera
1104 2037 1324 2079 injungebat.'
1370 2037 1449 2077 Ipse
1473 2037 1554 2068 Hir-

851 2088 916 2120 tius
933 2097 963 2119 c.
980 2091 1011 2119 6.
1035 2088 1043 2104 ‘
1059 2087 1326 2128 Expeditionum
1343 2096 1426 2118 onus
1442 2087 1553 2128 injun-

850 2137 952 2178 gebat
966 2137 985 2168 :¹
1018 2142 1054 2168 at
1082 2137 1129 2167 ibi
1158 2137 1324 2177 Scaligeri
1352 2136 1470 2168 Codex
1498 2136 1551 2168 In-

845 2189 1019 2230 pingebat:
1059 2188 1149 2219 unde
1180 2187 1296 2220 forsan
1326 2188 1381 2219 hic
1411 2187 1553 2220 rescribi

849 2239 1005 2279 placeret
1020 2239 1222 2280 inpengendo‚
1242 2248 1301 2279 pro
1317 2248 1385 2279 qua
1397 2247 1480 2270 voce
1496 2237 1552 2268 alii

849 2288 977 2319 librarii
998 2289 1204 2329 scripserant
1228 2289 1330 2329 inpon.
1354 2287 1412 2318 alii
1432 2287 1552 2326 injung.

850 2339 906 2369 De
922 2338 983 2369 hac
1002 2348 1083 2370 voce
1099 2339 1168 2378 adi,
1194 2347 1276 2380 quos
1292 2342 1327 2368 et
1343 2347 1419 2378 quae
1433 2336 1553 2368 laudat

851 2387 902 2419 Cl.
928 2388 1063 2419 Duker.
1096 2388 1138 2419 ad
1166 2389 1256 2420 Flor.
1284 2396 1341 2418 111.
1371 2390 1423 2418 12.
1451 2388 1468 2427 ξ
1496 2389 1549 2418 13.

850 2438 859 2454 ‘
873 2437 957 2469 Haec
974 2439 1154 2470 Catilinam
1171 2438 1292 2479 patriae
1310 2447 1379 2469 suae
1401 2437 1553 2478 inpegit!

850 2489 917 2520 Sed
935 2495 1048 2521 tamen
1073 2490 1235 2531 inpingere
1257 2489 1352 2520 alicui
1373 2498 1449 2519 onus
1470 2496 1551 2517 num

849 2539 971 2569 Latine
987 2539 1055 2570 dici
1080 2540 1200 2581 possit,
1227 2539 1336 2570 adhuc
1361 2538 1489 2576 dubito,
1516 2541 1552 2567 et

849 2588 1037 2628 injungendo
1066 2589 1226 2630 praefero.
1281 2590 1363 2620 Mox
1401 2587 1551 2625 defessam

850 2647 917 2668 non
943 2639 1096 2679 agnoscit
1122 2640 1287 2680 Bongars.
1315 2647 1366 2678 pr.
1398 2637 1551 2675 desectam

850 2687 933 2719 dicit
958 2688 1059 2721 Oros.
1084 2699 1134 2723 vr.
1161 2692 1213 2722 12.
1266 2689 1321 2720 Sic
1349 2686 1438 2719 enim
1465 2687 1548 2723 Mss-

849 2749 917 2772 non
930 2739 1087 2780 desoetam.
