1818 3131
351 237 443 266 um.
477 235 549 266 111.
581 234 687 264 cAr.
717 224 788 266 22.
826 236 887 265 ne
923 235 1079 266 annno
1111 235 1336 266 GAmeo.

121 335 156 367 ut
174 331 206 361 in
222 329 353 362 Graecis
367 329 518 368 dicimus,
534 338 567 359 es
587 338 717 368 purum:
737 328 819 359 nihil

119 384 188 421 talc.
206 383 237 412 in
254 391 314 420 reu,
335 389 414 420 spes,
443 383 502 409 aut
524 378 700 409 similibus.
750 379 819 409 Vos-

117 433 191 465 sius.
236 431 303 462 Adi
324 439 362 461 11.
380 432 432 460 23.

163 485 199 513 ll
226 481 362 512 AErurioe
386 483 516 510 sectura·
541 479 628 519 sunt]
674 478 818 510 Variant

118 532 265 570 codices,
293 540 369 560 nam
400 530 455 560 alii
484 530 644 561 strictura:
680 530 819 561 habent.

120 583 319 615 Ciacconius
337 586 517 622 utrumque
544 585 580 612 et
603 581 761 612 stricturae
784 584 820 612 et

115 637 244 665 secturoe
260 633 403 673 glossam
420 641 492 662 csse
509 632 706 662 arbitratur.
751 631 818 662 Vix

117 684 342 722 creditlerim;
371 693 445 714 nam
473 693 538 714 non
562 682 647 714 adeo
672 683 820 723 vulgaris

116 736 174 766 illa
190 745 254 765 vox
270 734 441 772 stricturoe,
466 734 517 764 vel
543 737 684 773 secturoe,
707 738 744 765 ut
770 737 820 765 te-

118 794 208 816 mere
225 784 298 826 quis
313 794 385 815 eam
402 784 588 814 inserturus
603 782 719 815 fuerit.
757 785 819 815 Ta-

117 845 194 866 men
210 835 322 866 nescio
339 835 413 875 quis
439 834 502 865 hac
527 835 663 865 notione
679 844 819 876 usurpa-

118 887 206 917 verit
232 891 359 926 praeter
385 885 564 916 Caesarem.
619 884 819 916 Stricturam

117 945 189 967 esse
216 936 410 975 scintillam,
436 935 518 966 item
545 934 625 966 ferri
652 935 820 975 laminam,

117 991 152 1017 et
179 986 428 1026 percussionem
448 985 551 1016 docet
567 995 609 1016 ex
627 985 769 1017 Lucillio
785 989 820 1017 et

117 1036 260 1067 Marone
277 1036 419 1067 Nonius.
467 1037 512 1067 Et
538 1037 571 1066 in
596 1037 713 1076 glossis
727 1037 818 1067 stric-

117 1090 189 1117 tura
211 1084 379 1124 μέταλλον.
430 1086 577 1117 ὁέεειιναε
592 1087 686 1117 aiunt
701 1090 819 1117 notare

107 1128 282 1174 fodinasa
308 1136 464 1168 secando.
510 1136 576 1167 Sed
600 1136 819 1167 autoritatem

117 1186 230 1218 velim.
279 1186 413 1218 Vossius.
474 1185 514 1217 In
539 1187 606 1218 Ms.
622 1185 759 1217 Andino
775 1187 819 1218 le-

116 1237 209 1277 gitur
238 1235 361 1273 Afurioe
390 1240 565 1268 structuroe.
632 1237 674 1268 In
704 1236 818 1269 Oxou.

118 1295 200 1317 vero
224 1289 410 1327 secturaeqzae
432 1287 557 1326 Asariae
584 1291 818 1328 structamque.

118 1336 159 1368 In
176 1341 320 1378 quatuor
334 1337 539 1369 membranis
556 1344 591 1370 et
603 1338 666 1369 Ed.
682 1338 820 1369 Incerta

116 1395 297 1426 secumque,
321 1387 443 1418 Petav.
465 1391 647 1428 satumque.
703 1387 820 1418 Ceteri

119 1434 192 1466 fere
209 1445 324 1467 omnes
339 1439 537 1477 secturaeque.
584 1437 672 1468 Edd.
691 1440 820 1468 secturoe

119 1490 246 1527 praeter
268 1486 432 1526 Scaliger.
454 1486 487 1516 iu
509 1487 603 1527 cujus
629 1485 746 1517 ἐκδόσει
769 1490 821 1517 est

117 1539 294 1566 structurae.
341 1536 470 1565 Forsan
486 1544 551 1566 non
569 1536 656 1566 male
672 1546 680 1566 z
715 1540 752 1566 ut
774 1536 821 1566 in-

119 1586 253 1626 telligat
283 1584 566 1624 substructiones,
601 1585 721 1626 quibus
754 1595 822 1617 me-

118 1636 192 1667 talli
206 1635 338 1666 fodinas
356 1639 493 1676 apertas
510 1635 686 1674 tenebant,
703 1640 738 1666 et
755 1634 820 1666 suf-

118 1685 308 1717 fulciebant
321 1686 497 1716 columnis.
542 1685 585 1717 V.
601 1686 737 1716 Polluc.
754 1694 820 1716 vu.

120 1739 173 1767 23.
227 1735 298 1766 Has
327 1738 499 1765 structuras
523 1739 618 1766 certe
649 1733 821 1765 Diodorus

118 1787 250 1818 Siculus
268 1787 289 1818 1.
306 1795 382 1818 xvr.
399 1796 432 1826 p.
450 1789 524 1817 514.
551 1785 744 1816 κατασκευὰς
765 1794 822 1815 vo-

119 1841 177 1868 cat
191 1847 198 1867 :
222 1837 370 1868 strictura
387 1846 448 1877 pro
465 1846 573 1867 massa
585 1834 667 1866 ferri
684 1835 822 1866 videtur

119 1890 231 1919 sumta
245 1897 265 1918 a
277 1887 389 1918 Plinio
406 1895 533 1918 xxxiv.
548 1888 599 1918 14.
615 1886 672 1917 ubi
685 1886 821 1917 consule

119 1938 309 1969 Commeut.
349 1941 384 1968 et
427 1937 559 1968 omnino
595 1936 741 1967 Casaub.
778 1935 821 1966 ad

118 1988 231 2020 Strab.
257 1989 280 2019 1.
305 1997 339 2019 ν.
367 1998 400 2027 p.
425 1990 498 2018 342.
544 1986 609 2017 Ed.
626 1985 738 2016 Amst.
762 1984 822 2015 ubi

118 2039 224 2072 multa
240 2039 332 2071 vocis
346 2038 504 2070 stricturae
520 2036 625 2067 habet
641 2035 820 2075 exempla;

121 2089 208 2120 uude
222 2094 319 2130 patet
334 2094 453 2120 notare
470 2088 596 2118 terrum
609 2087 664 2117 vel
679 2096 738 2124 aes,
749 2085 822 2125 jam

121 2139 301 2177 decoctum
317 2139 351 2169 111
365 2138 572 2177 fornacibus,
587 2141 622 2168 et
636 2137 670 2167 in
681 2145 822 2167 massam

122 2188 300 2229 quamdam
317 2193 485 2219 coactum.
530 2187 657 2218 Videat
669 2186 821 2217 eruditus

122 2238 242 2277 lector,
265 2247 306 2268 an
334 2237 477 2268 duorum
505 2246 666 2276 generum
692 2234 822 2266 fodinas

121 2289 290 2329 intelligat
321 2293 452 2326 auctor,
485 2293 553 2318 tam
584 2286 667 2318 ferri
701 2296 822 2327 nempe

125 2349 225 2380 quam
243 2339 339 2369 aeris:
377 2348 455 2368 sane
474 2348 539 2368 non
565 2337 608 2368 de
632 2337 736 2367 nihilo
759 2343 822 2376 est,

125 2388 215 2431 quod
241 2389 274 2420 in
303 2389 401 2419 Mstis
425 2393 557 2419 tantum
580 2397 645 2418 non
669 2387 822 2418 omnibus

121 2439 267 2470 addatur
282 2449 349 2480 que,
361 2439 449 2480 quod
466 2438 580 2476 miror,
593 2437 635 2468 ab
652 2437 822 2477 Interpre-

123 2493 194 2522 tum
212 2490 345 2520 nemine
370 2488 636 2520 animadversum
653 2487 706 2517 vel
722 2487 825 2518 moni-

124 2543 215 2570 tum:
240 2540 439 2580 simpliciter
451 2539 522 2569 sine
534 2537 746 2568 substantivo
760 2546 824 2569 vu.

124 2591 178 2620 22.
195 2590 204 2606 ‘
222 2589 312 2630 apud
328 2598 384 2620 eos
400 2598 528 2628 magnae
544 2593 622 2617 sunt
638 2585 808 2617 ferrariae!

167 2648 260 2670 xxu.
283 2642 303 2670 2
325 2640 579 2676 Adcantuanmzs,
603 2637 654 2677 qni
677 2646 826 2666 summam

124 2689 247 2730 imperii
261 2689 395 2728 tenebat,
407 2699 475 2720 cum
490 2697 535 2719 Dc
550 2688 679 2726 devotis,
691 2697 764 2727 quos
779 2686 826 2716 illi

126 2737 284 2770 soldurios
306 2738 477 2779 appellant]
521 2739 612 2779 Lege
629 2737 826 2776 Adiatomus,

126 2788 182 2825 vel
195 2788 412 2825 Adiatwnnus.
462 2788 554 2821 Illud
571 2788 754 2821 Athenaeus
769 2787 825 2819 ha-

1455 227 1571 268 ¹1031

872 328 929 360 bct
945 340 951 359 :
987 329 1049 361 hoc
1075 331 1117 362 V.
1135 331 1174 362 C.
1195 330 1318 371 scalig.
1334 331 1391 362 ubi
1407 332 1573 372 scripturn

870 379 1115 412 Adcantuannus
1146 381 1198 412 vel
1227 381 1448 423 Adiatunnus,
1474 382 1573 414 facile

869 433 1022 459 mutatur
1046 430 1056 459 i
1081 430 1113 460 in
1129 441 1146 460 c
1160 435 1195 462 et
1210 442 1240 462 m
1256 432 1289 462 in
1305 442 1357 463 un.
1412 431 1573 473 Ambige-

869 478 929 510 bat
946 479 1113 519 librarius,
1129 491 1170 511 an
1193 492 1212 512 ιι
1226 482 1347 512 lineam
1369 482 1574 523 suprascrip-

869 532 938 560 tam
956 529 1097 562 haberet
1118 531 1180 562 hoc
1202 532 1300 563 modo
1322 531 1576 566 Adcd'tuannue.:

869 580 985 622 itaque
1009 582 1145 622 scripsit
1168 588 1362 625 utrumque.
1407 584 1511 625 Apud
1527 584 1575 616 A-

871 632 1039 663 thenaeum
1067 638 1181 665 autem
1207 644 1249 666 ex
1278 635 1422 666 Nicolao
1446 636 1575 666 Dama-

867 690 970 713 8οεηο
996 682 1112 722 legere
1140 688 1202 723 est,
1227 683 1409 722 Ἀδιάτομον
1431 684 1487 716 τὸν
1513 685 1576 716 τῶν

869 734 1032 764 Σωτιατῶν
1044 732 1192 773 βασιλέα,
1205 732 1290 764 ἔθνος
1306 733 1339 764 δὲ
1354 735 1447 766 τοῦτο
1464 738 1576 765 Κελτι-

869 781 936 822 κὸν,
959 782 1134 822 ἑξακοσίους
1159 782 1244 822 ἔχειν
1269 784 1408 823 λογάδας
1434 784 1502 825 περὶ
1524 785 1577 816 αὑ-

868 832 935 870 τὸν,
951 832 1002 864 οὓς
1017 835 1179 864 καλεῖσθαι
1200 834 1261 865 ἀπὸ
1283 834 1431 866 Γαλάτων
1454 837 1495 877 τῇ
1520 848 1577 866 πα-

869 882 942 923 τρίῳ
957 883 1086 925 ’γλᾶνῐτῃ
1108 884 1321 925 Σιλοδούνους,
1340 887 1433 916 τοῦτο
1449 886 1474 916 δ’
1491 886 1578 917 ἐστὶν

869 934 1050 971 Ἑλληνιστὶ
1079 935 1291 974 εὐχωλιμαῖοι.
1344 935 1577 977 Simileapud

871 984 1010 1015 Graecos
1030 984 1266 1024 juramentum
1292 983 1370 1023 fuit,
1387 984 1477 1026 quod
1498 990 1578 1025 post

871 1034 1053 1064 secundam
1086 1034 1309 1074 irruptionem
1340 1034 1513 1065 Mardonii
1543 1035 1577 1065 in

870 1083 1023 1115 Atticam
1037 1084 1212 1115 dixerint:
1230 1093 1304 1114 nam
1318 1088 1405 1115 teste
1422 1083 1577 1114 Diodoro

871 1134 893 1164 l.
908 1142 958 1165 xx.
977 1143 1009 1174 p.
1025 1136 1078 1164 23.
1100 1134 1302 1174 juraverant
1318 1133 1354 1173 ii,
1379 1132 1416 1164 οὐ
1431 1133 1579 1165 καταλεί-

870 1186 916 1223 ψω
930 1182 1003 1214 τοὺς
1015 1182 1192 1223 Ἥγημόνας
1202 1183 1273 1214 οὔτε
1289 1182 1408 1223 ζῶντας
1419 1183 1490 1214 οὔτε
1505 1183 1579 1214 ἄπο-

871 1233 1028 1266 θανόντας.
1074 1235 1200 1265 Forsan
1218 1244 1259 1265 eo
1275 1234 1375 1265 modo
1393 1233 1483 1274 apud
1498 1234 1579 1265 Car-

871 1286 1086 1326 thaginenses
1102 1294 1235 1326 quoque
1247 1283 1325 1325 ἱερὸς
1340 1283 1438 1323 λόχος
1451 1284 1578 1324 dictus,

872 1341 1031 1378 tanquam
1048 1335 1208 1374 devotus,
1225 1340 1260 1366 et
1272 1335 1351 1376 quia
1366 1340 1579 1366 sacramento

871 1395 906 1417 se
924 1385 1178 1417 adstrinxerant
1194 1386 1317 1417 milites
1344 1385 1380 1425 ii,
1404 1385 1524 1417 ducem
1541 1395 1578 1416 se

869 1445 1084 1477 nequaquam
1107 1435 1301 1466 deserturos
1327 1444 1412 1466 esse.
1451 1434 1580 1466 Scribit

872 1485 915 1516 de
932 1486 971 1516 iis
988 1485 1161 1517 Diodorus
1178 1485 1200 1515 l.
1218 1493 1280 1515 XX.
1309 1483 1451 1516 Γενναίας
1469 1483 1502 1516 δὲ
1522 1483 1580 1522 μό-

871 1545 932 1574 χης
946 1532 1124 1573 γενομένης,
1141 1533 1258 1564 Ἄννων
1269 1533 1327 1572 μὲν
1345 1533 1428 1573 ἔχων
1443 1544 1580 1573 συναγω-

872 1583 1030 1624 νιζόμενον
1044 1583 1100 1615 τὸν
1118 1584 1198 1625 ἱερὸν
1213 1583 1313 1624 λόχον
1331 1586 1394 1616 τῶν
1409 1583 1580 1616 ἐπιλέκτων

870 1635 998 1676 ἀνδρῶν,
1014 1635 1064 1666 καὶ
1079 1634 1219 1666 σπεύδων
1239 1637 1366 1673 ποιῆσαι
1389 1636 1438 1667 διὰ
1461 1635 1580 1667 τούτων

871 1685 929 1722 τὴν
952 1685 1048 1723 νικὴν,
1063 1684 1198 1715 ἐνέκειτο
1223 1684 1319 1726 βαρὺς
1340 1687 1406 1716 τοῖς
1427 1684 1578 1725 ”Ελλησι,

871 1734 922 1766 καὶ
952 1733 1085 1773 συχνοὺς
1110 1733 1224 1774 ὄιν-ᾕρει.
1284 1735 1330 1765 Et
1356 1735 1471 1775 paullo
1500 1741 1580 1776 post

872 1784 992 1823 tradit,
1020 1784 1184 1814 acerrime
1214 1784 1274 1814 hos
1305 1794 1486 1824 pugnasse,
1515 1794 1580 1816 nec

871 1834 933 1865 nisi
964 1834 1076 1865 occiso
1105 1833 1288 1873 Hannone,
1315 1834 1343 1864 is
1370 1839 1485 1865 autem
1509 1834 1579 1865 dux

872 1888 958 1923 erat,
976 1888 1012 1915 et
1039 1883 1272 1924 prementibus
1294 1883 1459 1914 acerrime
1475 1884 1579 1915 hosti-

873 1933 948 1974 bus,
961 1933 1113 1965 cessisse.
1158 1932 1207 1964 At
1223 1933 1310 1964 libro
1328 1942 1404 1965 ΧΠ.
1420 1932 1580 1974 affirmat,

871 1994 999 2024 omnes,
1017 1985 1074 2026 qui
1101 1985 1135 2015 in
1164 1994 1263 2015 sacra
1288 1985 1352 2016 hac
1379 1985 1452 2016 acie
1469 1991 1580 2024 erant,

872 2034 915 2066 ad
937 2034 1200 2066 internecionem
1225 2044 1340 2066 caesos.
1385 2033 1483 2066 Τέλος
1503 2034 1536 2066 δὲ
1552 2035 1581 2066 οἱ

871 2083 928 2124 μὲν
951 2084 1030 2125 ἱερὸν
1050 2083 1151 2124 λόχον
1174 2084 1432 2125 ἀναπληροῦντες,
1451 2084 1502 2116 καὶ
1525 2084 1581 2116 τὸν

871 2135 928 2174 μὲν
943 2135 1068 2176 ἀριθμὸν
1084 2134 1171 2166 ὄντες
1194 2134 1342 2174 δισχίλιοι
1366 2135 1417 2166 καὶ
1431 2134 1581 2166 πεντακό-

873 2198 933 2218 σιοι
948 2188 1016 2217 ταῖς
1039 2186 1063 2216 δ’
1079 2186 1201 2226 ἀρεταῖς
1225 2185 1275 2216 καὶ
1292 2184 1389 2224 δόξαις
1405 2185 1451 2216 ἔτι
1465 2185 1499 2217 δὲ
1513 2187 1581 2217 ταῖς

873 2237 990 2269 οὐσίαις
1004 2235 1211 2277 πρωτεύοντες
1235 2235 1368 2267 ἅπαντες
1390 2234 1581 2275 ἀγωνισάμε-

874 2301 919 2320 νοι
949 2289 1095 2329 λαμπρῶς
1121 2285 1337 2323 κατεκόπησαν
1366 2285 1580 2326 [κατέπεσον].

873 2339 1018 2370 Prorsus
1031 2338 1139 2368 simile
1153 2337 1401 2367 Germanorum
1414 2336 1581 2374 instituto,

873 2389 916 2419 de
931 2388 1052 2429 quibus
1065 2387 1203 2418 Tacitus
1226 2386 1294 2417 ait:
1328 2388 1337 2403 ‘
1354 2387 1438 2417 Esse
1453 2386 1518 2417 inis
1531 2386 1582 2416 in-

873 2437 963 2469 fame
979 2438 1012 2468 in
1029 2446 1162 2468 omnem
1190 2437 1293 2467 vitam
1310 2446 1349 2467 ac
1366 2436 1579 2476 probrosum,

872 2487 1092 2527 superstitem
1110 2486 1257 2526 principi
1277 2496 1337 2516 suo
1362 2496 1404 2516 ex
1430 2485 1503 2516 acie
1529 2493 1579 2515 re-

875 2537 1041 2568 cessisse!
1101 2536 1170 2567 Ubi
1202 2536 1352 2566 videmus
1383 2534 1462 2575 ἱερὸν
1490 2535 1580 2564 hunc

874 2585 974 2625 λόχον
988 2586 1132 2617 similem
1147 2585 1325 2616 Praetoriae
1343 2584 1473 2615 cohorti
1489 2582 1580 2622 apud

875 2637 1045 2671 Romanos
1071 2636 1104 2666 in
1132 2646 1172 2666 eo
1199 2635 1316 2674 fuisse,
1334 2633 1422 2674 quod
1439 2631 1581 2663 fortissi-

875 2696 946 2718 mus
962 2687 1103 2728 quisque
1117 2687 1151 2718 111
1168 2696 1243 2716 eum
1256 2685 1475 2724 deligeretur.
1509 2681 1581 2714 Ad-

876 2737 927 2769 dit
951 2737 994 2768 de
1019 2737 1139 2777 opibus
1155 2734 1340 2775 Diodorus,
1355 2733 1464 2775 qualis
1477 2732 1579 2764 hodie

875 2787 965 2829 apud
981 2787 1108 2818 Turcas
1123 2784 1356 2818 Janizarorum
1370 2782 1465 2816 ordo.
1497 2781 1578 2817 Qui.
