1818 3131
242 203 355 246 1324

286 312 326 340 lo
352 308 534 338 conditione
558 307 687 347 parendi
707 307 828 337 meliore
847 306 944 345 facile

241 360 275 390 in
303 359 391 399 pace]
435 359 531 388 'l'ert.
565 357 813 396 Bongarsiauus
841 357 943 388 habet

242 409 415 439 conditione
426 409 553 446 parendi
567 407 689 437 meliore
697 407 840 444 facilem:
853 407 942 448 quod

242 468 309 488 non
326 459 422 488 male..
471 458 622 488 Alterum
640 464 752 488 tamen
775 458 878 497 magis
901 467 942 487 ex

244 508 351 539 Hirtii
368 517 459 538 more
501 508 630 538 Vossius.

286 566 316 588 1..
342 560 359 587 4
386 559 621 588 Commendaret
646 558 810 588 sacerdotii
838 558 945 597 petiti-

242 608 344 648 onem]
372 608 460 645 Lege·
477 608 752 643 commendaverat,
770 613 804 637 ut
822 608 945 638 liabent

244 657 385 688 Norric.
418 657 545 687 Buslid.
580 662 615 687 et
647 657 811 696 Egmond.
869 657 944 687 Hoc

245 707 334 737 enim
367 711 517 747 tempore
548 708 734 747 municipia
765 707 878 747 petiit,
909 712 946 737 ut

243 758 292 788 eis
308 758 434 799 gratias
457 758 500 788 ob
524 758 679 798 pra’stita
703 757 853 787 Antonio
876 755 946 787 offi—

244 807 296 838 cia
322 806 480 838 referret.
511 808 622 838 Daris.
648 816 718 837 cur.
742 816 810 837 sec.
859 807 946 836 Com-

245 857 440 887 menam-erat
457 858 559 887 etiam
578 858 685 897 Bong.
704 866 755 897 pr.
777 856 947 895 Vossiani,

245 907 408 946 Gottorp.
436 908 561 937 Lovan.
589 907 683 937 Leid.
710 916 778 937 sec.
806 911 886 937 tert.
912 911 948 937 et

243 957 352 987 Dorv.
371 966 447 986 cum
462 956 549 986 Edd.
569 956 696 996 primis,
713 956 793 986 itcm
808 956 947 987 Vascos.

243 1006 361 1046 Stepli.
399 1006 555 1046 aliisque.
612 1007 740 1038 Verum
779 1007 948 1038 Caesarem

243 1067 309 1088 non
327 1057 483 1088 habuisse
502 1057 535 1087 in
553 1058 677 1096 animo,
701 1067 742 1088 eo
767 1057 950 1098 proficisci,

244 1111 283 1138 ut
309 1107 435 1147 gratias
462 1117 522 1147 pro
547 1106 668 1138 officiis
695 1107 840 1138 Antonio
865 1118 950 1148 prae-

243 1156 334 1188 stitis
351 1163 481 1197 ageret,
508 1158 568 1188 sed
586 1162 625 1188 ut
641 1166 718 1188 eum
736 1158 950 1189 commenda-

245 1213 313 1247 ret,
330 1212 425 1248 patet
444 1208 518 1238 luce
535 1207 658 1239 clarius
676 1217 694 1238 e
711 1209 948 1248 sequentibus:

245 1257 304 1289 ubi
340 1258 442 1288 docet
481 1258 630 1297 Hirtius,
660 1258 794 1288 demum
826 1259 859 1288 in
896 1259 952 1289 via

245 1309 416 1340 Ctesareni
447 1308 628 1346 audivisse,
651 1308 836 1338 Antonium
863 1318 953 1339 crea-

247 1364 320 1390 tum
345 1367 421 1390 esse
451 1357 646 1397 Augurem:
679 1362 713 1388 at
738 1357 952 1388 nihilominus

250 1409 421 1439 Caesarem
438 1416 503 1437 non
529 1407 671 1437 rediisse
688 1407 729 1437 ad
750 1407 952 1447 exercitum,

250 1458 310 1489 sed
328 1458 380 1488 vel
394 1458 441 1488 sic
460 1457 609 1488 colonias
625 1462 659 1488 et
676 1457 861 1497 municipia
883 1457 955 1488 adi-

245 1510 325 1548 isse,
355 1514 393 1540 ut
418 1509 545 1548 gratias
576 1514 716 1549 ageret3
744 1515 780 1540 et
813 1519 848 1540 se
872 1518 953 1549 quo-

248 1568 314 1600 que
331 1564 367 1590 et
390 1559 551 1589 honorem
577 1558 673 1588 suum
699 1558 955 1589 commendaret

246 1609 280 1640 in
299 1619 369 1650 seq.
389 1609 467 1639 anni
489 1609 666 1648 petitione.
715 1610 829 1640 Quare
853 1608 955 1638 omni-

246 1672 289 1693 no
313 1663 535 1692 commendaret
560 1670 636 1691 cum
661 1659 784 1691 ceteris
810 1659 953 1690 retineo.

244 1712 320 1743 Nisi
339 1713 439 1743 altius
455 1712 584 1742 haereat
599 1711 733 1741 vulnus.
768 1710 857 1741 Nam
873 1711 955 1740 Bus-

243 1762 304 1792 lid.
334 1761 503 1802 Egnnmd.
535 1765 571 1791 et
599 1761 721 1790 Petav.
749 1759 875 1790 habent
905 1760 953 1790 M.

246 1812 418 1843 Antonium
445 1815 625 1851 quaestorem
649 1820 735 1840 sumn
759 1820 868 1841 comm.
892 1819 953 1839 sac.

244 1861 407 1901 petitione,
441 1866 477 1891 ut
507 1861 657 1900 loquitur
691 1869 766 1889 mox
797 1860 952 1890 Hirtius:

244 1911 396 1951 petitione
413 1914 521 1941 restat
540 1918 673 1950 quoquc
691 1910 724 1939 in
741 1910 839 1940 Gott.
854 1910 953 1940 Voss.

248 1965 330 1991 tert.
358 1965 393 1991 et
425 1961 486 1990 Ed.
516 1961 588 1990 lue.
637 1960 760 1990 Forsan
790 1970 852 1999 pro
879 1970 956 1989 com-

248 2012 460 2047 mendaverat,
489 2009 704 2039 scribendum
734 2011 957 2040 commendaret

249 2063 289 2092 ad
306 2061 339 2091 S.
363 2061 546 2101 petitionem
572 2061 635 2090 i.e.
664 2060 710 2098 in,
734 2065 888 2100 propter,
904 2061 957 2091 ob.

252 2111 341 2142 vide
365 2112 406 2141 ad
434 2112 474 2141 B.
490 2111 532 2141 G.
552 2119 585 2140 v.
604 2113 656 2140 40.
683 2111 723 2141 Β.
739 2111 812 2141 Cir.
839 2119 877 2141 11.
903 2114 956 2142 32.

252 2163 289 2193 in
306 2161 328 2192 s.
348 2170 402 2192 111.
423 2164 494 2192 101.
523 2162 564 2191 iit
580 2161 628 2191 ita
646 2160 714 2190 alii.
741 2161 856 2200 Nepos
876 2162 957 2193 Dat.

251 2222 282 2244 c.
296 2215 326 2243 3.
349 2213 358 2229 ⁴
375 2212 544 2242 exercitus
577 2211 800 2242 contrahebat
819 2211 860 2241 ad
889 2212 958 2242 bel-

252 2262 346 2293 lum.'
393 2263 466 2293 Liv.
496 2272 517 2292 1.
541 2266 572 2292 9.
598 2262 663 2292 ‘ad
694 2262 865 2303 ingenium
890 2262 959 2294 effi-

252 2323 352 2345 caces
370 2323 488 2354 preces
501 2313 519 2343 z'
534 2318 570 2343 et
587 2322 688 2353 scepe.
730 2313 838 2343 Immo
855 2323 885 2344 c.
903 2317 956 2344 52.

250 2364 405 2404 ‘majore
433 2364 728 2395 commendatione
758 2364 958 2395 conciliare-

254 2419 308 2447 tur
321 2415 363 2446 ad
377 2417 570 2446 consulatus
584 2414 808 2455 petitionem.'
831 2415 957 2446 Verum

254 2474 331 2496 cum
349 2471 511 2505 sequatur
535 2464 633 2495 modo
657 2466 698 2494 ad
718 2464 899 2504 petitionem
923 2471 958 2496 et

254 2516 395 2556 vulgata
438 2515 550 2553 lectio,
590 2514 727 2554 optimis
774 2514 958 2546 codicibus

255 2564 344 2596 And.
361 2564 472 2596 Oxon.
490 2564 585 2595 Leid.
604 2573 652 2604 pr.
669 2565 786 2603 Cujac.
813 2565 958 2607 aliisque

254 2613 462 2653 confirmata,
493 2613 579 2644 bene
610 2623 685 2644 sese
715 2614 837 2645 habere
867 2616 959 2647 vidc-

254 2670 344 2704 atur,
361 2666 407 2697 nil
426 2664 578 2696 innovari
595 2664 731 2695 suadeo.

297 2719 316 2746 5
344 2715 478 2755 Gratia]
510 2714 610 2746 Hanc
638 2723 755 2745 vocem
784 2716 959 2747 abundare

256 2765 390 2807 putavit
406 2765 617 2808 Ciacconius‚
641 2769 678 2798 et
695 2765 847 2808 Scaliger
863 2767 958 2799 uncis

708 210 847 241 NOTAE.
881 208 1144 241 VARIORUM
1181 210 1230 239 ΙΝ

994 307 1141 338 inclusit.
1188 306 1341 336 Frustra.
1389 303 1507 335 Gratia
1521 307 1574 335 est
1596 300 1693 346 illud,

995 367 1060 398 quo
1082 357 1222 387 multum
1248 356 1363 385 Caesar
1387 354 1477 394 apud
1499 355 1633 385 colonos
1659 359 1695 386 ct

994 406 1180 446 municipes
1196 406 1332 435 valebat
1346 404 1388 434 ob
1404 404 1624 435 obtinendum
1641 414 1698 435 vo-

996 462 1076 487 tum.
1121 458 1260 487 Suetun.
1277 455 1345 486 Jul.
1363 464 1438 494 cap.
1460 457 1509 484 19.
1525 456 1532 470 ‘
1549 453 1698 485 Inferior

996 505 1128 545 gralia!
1184 506 1322 535 Sallust.
1365 504 1404 535 B.
1437 504 1537 534 (fatu.
1573 513 1602 534 c.
1641 506 1696 535 20.

996 560 1004 572 ⁴
1021 556 1149 593 Vulgus
1167 554 1288 585 fuimus
1306 555 1376 585 siue
1395 555 1512 591 gratia,
1531 554 1602 584 sine
1623 563 1699 584 auc-

997 605 1147 635 toritate.
1194 604 1315 645 Itaque
1346 604 1451 635 omnis
1481 603 1601 643 gratia,
1639 613 1698 644 po—

998 654 1115 691 tentia,
1130 654 1247 692 honos,
1259 654 1385 684 divitiae
1399 654 1487 693 apud
1502 655 1576 684 illos
1591 657 1667 684 <unt
1680 654 1701 683 :'

998 705 1055 734 ubi
1073 704 1150 735 vide
1175 704 1227 735 cl.
1245 703 1339 734 Cort.
1384 703 1507 734 Statim
1531 706 1539 720 ‘
1557 704 1699 734 Caesaris

998 756 1189 785 convellere
1217 755 1358 794 gratiam
1373 753 1393 783 τ’
1419 759 1455 784 et
1477 754 1607 793 ‘gratia
1631 753 1700 784 suf-

997 804 1181 846 fragiisque
1199 804 1336 835 valere!
1363 803 1483 845 Neque
1501 804 1589 834 enim
1607 804 1703 845 plira-

999 855 1043 884 sis
1061 855 1209 891 obstitit,
1225 854 1340 892 credo,
1362 854 1443 884 viris
1467 854 1595 884 doctis:
1624 864 1700 895 quae

999 914 1089 943 sa‘pe
1115 905 1265 934 occurrit
1291 904 1324 934 in
1353 903 1403 934 his
1430 903 1702 935 Commentariis.

1000 956 1086 986 Vide
1103 955 1143 985 ad
1161 964 1185 985 1.
1204 958 1255 986 13.
1280 956 1288 971 ‘
1304 955 1393 986 Dolo
1409 955 1638 988 contendere!

1042 1008 1061 1035 8
1087 1005 1222 1036 Coesaris
1244 1006 1418 1036 decedentis
1441 1005 1606 1035 com-encre
1629 1015 1703 1045 gra-

999 1056 1093 1096 tiam]
1123 1056 1179 1087 Sic
1198 1061 1292 1087 recte
1310 1057 1412 1087 etiam
1430 1057 1463 1086 in
1489 1056 1619 1096 Cujacii
1635 1065 1704 1086 ma-

1001 1106 1177 1146 nuscripto
1223 1107 1412 1147 legebatur.
1481 1106 1602 1137 Cicero
1642 1115 1704 1146 pro

1001 1156 1177 1187 Muraena:
1202 1158 1320 1188 ‘multi
1345 1157 1479 1187 obviam
1504 1157 1706 1198 prodierunt

1001 1206 1043 1236 de
1073 1207 1247 1246 provincia
1277 1207 1480 1238 decedenti?
1536 1207 1634 1238 Unde.
1667 1208 1707 1246 is,

1002 1256 1058 1296 qui
1075 1256 1234 1294 decessit,
1249 1258 1405 1287 decessor:
1436 1266 1501 1298 qua
1527 1267 1610 1288 voce
1635 1258 1707 1297 pri·

1003 1314 1074 1335 mus
1097 1307 1235 1336 Tacitus
1262 1316 1353 1344 usus,
1374 1316 1435 1346 pro
1463 1317 1516 1347 eo,
1542 1307 1599 1348 qui
1622 1307 1707 1347 legi-

1003 1356 1076 1386 onis
1106 1356 1247 1396 imperio
1277 1357 1494 1388 abscedebat.
1547 1357 1705 1388 Glossae:

1006 1406 1158 1436 Decessor
1202 1407 1469 1446 προηγησάμενος,
1509 1406 1706 1447 διακάτοχος.

1006 1458 1134 1488 Postea
1151 1459 1235 1489 etin
1255 1459 1334 1498 jure
1360 1464 1559 1499 usurpatum
1584 1469 1646 1500 pro
1668 1469 1708 1490 eo

1007 1509 1062 1549 qui
1090 1509 1131 1539 de
1163 1509 1339 1549 provincia
1370 1510 1516 1540 decedit.
1564 1509 1707 1541 Barbari

1005 1560 1188 1600 scriptores
1205 1560 1282 1591 inde
1299 1561 1448 1601 ineptam
1467 1565 1502 1591 et
1518 1561 1599 1591 nulli
1617 1561 1708 1601 igno-

1006 1616 1074 1642 tam
1087 1621 1206 1642 vocem
1220 1611 1454 1652 praedecessoris
1467 1610 1710 1642 formaverunt.

1010 1661 1147 1691 Vossius.

1049 1714 1089 1741 16
1107 1711 1169 1745 Qui
1186 1721 1301 1741 omnem
1318 1711 1459 1742 honorem
1477 1714 1503 1741 εἰ
1520 1711 1711 1750 dignitatem

1008 1762 1142 1793 Coesaris
1157 1762 1380 1802 exspoliarent]
1415 1761 1469 1793 Sic
1487 1771 1601 1792 omnes
1622 1761 1709 1792 Mss.

1007 1816 1041 1842 et
1066 1817 1151 1843 vett.
1178 1813 1345 1852 impressi,
1370 1819 1596 1853 p1·a=terqiiam
1619 1811 1710 1853 quod

1006 1862 1156 1891 nonnulli
1197 1862 1376 1901 spoliarent.
1436 1862 1594 1902 Coujecit
1631 1862 1710 1893 Pet.

1007 1912 1207 1942 ciacconius
1235 1912 1412 1949 legendum
1439 1913 1520 1942 omni
1543 1913 1654 1945 honore
1680 1916 1711 1943 ct

1005 1962 1164 2000 dignitate
1189 1963 1215 1992 C
1216 1972 1341 1993 ‹esarem
1359 1963 1578 2002 exspoliarent,
1602 1967 1638 1994 et
1661 1964 1711 1994 ita

1007 2020 1083 2041 eum
1107 2018 1243 2042 secutus
1267 2012 1375 2042 edidit
1403 2012 1437 2043 J.
1460 2013 1611 2048 Scaliaer
1635 2022 1711 2044 cum

1007 2062 1264 2092 recentioribus.
1312 2062 1473 2092 Dubitari
1489 2061 1625 2102 quidem
1642 2072 1711 2093 non

1009 2116 1134 2152 potest,
1161 2112 1241 2153 quin
1267 2112 1340 2143 baec
1366 2112 1521 2153 loquendi
1551 2113 1636 2144 ratio
1666 2113 1712 2144 sit

1007 2163 1113 2203 magis
1131 2163 1314 2203 proletaria
1329 2173 1337 2200 ;
1355 2163 1461 2203 proba
1479 2168 1591 2193 tamen
1608 2167 1661 2194 est
1677 2167 1713 2194 et

1008 2214 1128 2245 altera.
1174 2213 1326 2243 Velleius
1355 2213 1559 2244 Paterculus
1588 2222 1628 2245 ιι.
1659 2216 1711 2243 80.

1007 2263 1194 2303 ‘Spoliata,
1223 2273 1324 2304 quam
1353 2263 1438 2294 tueri
1468 2273 1533 2294 non
1564 2266 1713 2304 poterat,

1009 2314 1187 2354 dignitas.’
1254 2315 1375 2346 Cicero
1414 2324 1474 2355 pro
1514 2315 1574 2359 ML
1603 2313 1709 2346 Coelio

1009 2375 1043 2405 p.
1071 2367 1168 2396 2288.
1197 2364 1260 2395 Ed.
1288 2365 1442 2395 Lambin.
1489 2364 1713 2397 Detrahenda>-

1008 2425 1064 2455 que
1093 2414 1262 2454 dignitatis
1297 2415 1419 2454 gratia,
1450 2415 1609 2446 dixerunt.
1666 2414 1712 2445 Et

1009 2465 1132 2496 iterum
1149 2475 1180 2505 p.
1206 2468 1279 2497 304.
1312 2466 1321 2481 ‘
1335 2465 1461 2496 Pareat
1473 2465 1637 2505 juventus
1654 2473 1714 2504 pu-

1009 2515 1140 2547 dicitiae
1155 2524 1288 2556 suae‚ne
1303 2516 1426 2556 spoliet
1440 2514 1602 2545 alienam:
1648 2514 1712 2545 His

1009 2565 1172 2605 exemplis
1212 2565 1380 2603 inductus,
1414 2564 1579 2596 Codicum
1607 2564 1712 2607 scrip·-

1011 2623 1119 2647 turam
1159 2616 1327 2647 revocavi.
1368 2615 1476 2646 Daris.
1544 2614 1712 2646 Cellarius

1009 2669 1111 2697 etiam
1135 2670 1271 2697 secutus
1294 2671 1346 2696 est
1373 2665 1548 2697 Ciacconii
1576 2664 1713 2706 conjec-

1010 2721 1133 2756 turam,
1148 2715 1262 2746 invitis
1280 2716 1362 2746 Mss.
1383 2716 1550 2755 omnibus,
1578 2715 1635 2757 qui
1657 2714 1714 2746 ha-

1007 2767 1091 2800 bent
1102 2775 1177 2798 cum
1192 2765 1281 2799 Edd.
1295 2766 1391 2799 Vett.
1405 2766 1587 2808 spoliarent.
1600 2766 1711 2806 Bong.
