1818 3131
345 208 1082 249 inn.vn1.cAv.19.1n÷ssnnno
1115 220 1342 250 GALLlco.

126 317 219 342 recle
259 312 432 342 annotavit
472 311 615 350 Dionys.
656 309 822 348 Vossius)

125 362 276 401 corrupit
292 362 378 393 liuuc
397 363 504 393 locum
520 359 718 391 Ciacconius
733 370 740 389 :
765 360 820 399 qui

124 411 253 450 scribit,
290 411 367 442 hunc
404 411 525 441 insidiis
555 410 820 440 circumdederunt

125 460 236 490 nostri.
284 460 454 500 Explorato
469 459 602 490 nostium
618 459 754 497 consilio,
768 460 819 498 ἧϊ.

123 513 233 542 Quam
265 515 377 540 tamen
404 509 675 539 absurdissimam
708 518 819 539 emcn-

121 561 293 591 dationem
310 565 445 592 secutus
464 565 515 591 cst
538 560 687 600 Scaliger
712 565 748 591 ct
773 569 820 590 rc-

123 610 304 642 centiores.
370 611 502 642 Clamat
541 616 610 641 tum
651 611 821 641 sententia

122 660 208 700 ipsa,
246 664 316 691 tum
348 661 432 691 Msa.
464 660 722 701 quamplurimi3
762 660 819 701 qni

120 710 247 742 liabent
282 712 361 741 hunc
394 711 518 741 insidiis
546 711 819 742 cirmmdederunt.

123 761 297 800 Explorato
324 761 454 791 hostium
480 762 604 791 consilio
630 762 741 799 nostri,
767 763 818 801 ὅτ.

122 811 230 841 slat-lc.
283 811 390 842 Recte
423 811 639 842 vindicarunt
669 816 818 842 veterem

120 859 371 891 distinctionem
397 862 466 892 Viri
491 861 596 899 docti,
619 871 717 902 quam
742 872 819 892 con-

120 909 253 941 firmant
281 920 357 942 cum
389 912 475 942 Edd.
508 922 564 952 pp.
597 912 662 942 mei
693 922 818 950 omnes,

120 959 177 999 qui
194 960 308 999 etiam,
331 962 484 1001 exceptis
505 963 594 993 Scal.
622 962 697 1002 Cuj.
724 963 817 993 Leid.

120 1019 171 1049 pr.
189 1009 279 1040 And.
298 1015 332 1041 et
357 1011 468 1043 Oxou.
486 1012 614 1043 habent
638 1013 732 1052 Expl.
754 1013 820 1043 hos·

118 1059 195 1088 tium
209 1059 333 1089 consilio
349 1061 455 1090 nostri.

161 1113 181 1139 8
206 1110 343 1144 Quorum
355 1110 502 1150 adventu]
529 1111 819 1142 MembranoeAn-

118 1160 207 1191 dinae
236 1165 272 1191 et
299 1160 410 1192 Oxou.
439 1161 520 1192 dant
545 1162 660 1201 aditus,
692 1162 742 1193 uti
772 1162 818 1193 illi

119 1211 240 1251 aliique
257 1211 411 1242 meliores
434 1211 513 1241 libri
538 1212 702 1243 exhibent
718 1221 768 1243 lv.
787 1216 818 1243 4.

118 1260 261 1291 ‘Tantae
293 1261 520 1292 multitudinis
551 1262 670 1293 aditu.'
731 1263 818 1293 Dein

110 1309 191 1347 sccit
208 1311 365 1351 rescripsi
381 1321 399 1341 e
418 1312 499 1342 Mss.
518 1316 649 1342 tantum
667 1321 732 1343 non
751 1322 819 1342 om·

119 1361 228 1401 nibus,
260 1361 503 1392 vetustioribus
532 1362 662 1399 saltem,
691 1367 726 1392 et
754 1362 818 1392 Ed.

121 1413 195 1445 luc.

163 1467 199 1495 11
234 1464 395 1494 Incursum
423 1463 593 1503 sustinent]
645 1463 702 1494 Sic
733 1464 816 1494 Mss.

119 1519 154 1544 et
182 1514 269 1544 Edd.
298 1515 392 1545 Vett.
425 1514 479 1545 Al.
508 1515 665 1554 impetum.
712 1516 818 1546 Clark.

120 1566 237 1597 Nostri
276 1566 394 1598 decem
432 1566 611 1597 incursum:
651 1567 818 1607 quomodo

118 1615 311 1655 legendum.
340 1616 450 1647 Daris.
479 1626 549 1647 cur.
574 1626 642 1647 sec.
688 1617 818 1647 Idcme

120 1667 186 1696 suis
214 1671 328 1698 monet
355 1667 529 1705 Brautius,
554 1667 747 1708 habentque
774 1667 819 1698 in-

117 1727 237 1747 cursum
259 1717 323 1747 mci
353 1717 500 1757 plurimi.
545 1718 586 1748 B.
615 1717 688 1748 Civ.
717 1727 739 1748 1.
764 1721 816 1748 41.

117 1771 126 1783 ‘
141 1777 180 1797 ne
196 1767 376 1808 repentino
394 1768 537 1798 hostium
554 1768 688 1798 incursu
706 1774 818 1798 exter-

120 1817 299 1848 rerentur.’
323 1827 352 1848 c.
368 1820 421 1847 71.
445 1817 455 1834 ⁴
470 1817 527 1847 vix
545 1817 694 1857 equitum
711 1818 819 1849 iucur-

119 1877 173 1897 sns
191 1866 418 1897 sustinerent)
462 1865 562 1897 Adde
592 1867 630 1896 B.
654 1866 691 1897 C.
718 1876 758 1897 11.
787 1870 817 1898 8.

118 1920 168 1948 11.
193 1922 202 1933 ·
220 1917 275 1957 qui
292 1917 418 1948 subitas
440 1916 587 1948 hostium
609 1916 817 1948 incursiones

117 1967 349 1998 sustinerent!
417 1967 644 1998 Nihilominus
681 1968 818 2007 inpetum

118 2022 332 2057 propugnant
344 2016 469 2049 Audin.
484 2017 593 2048 Oxou.
611 2017 705 2048 Leid.
722 2018 817 2057 prim.

116 2068 244 2098 Verum
259 2069 414 2098 incursum
429 2068 588 2108 praefero:
611 2073 647 2098 et
662 2068 737 2098 vide
762 2077 818 2098 no-

120 2123 190 2149 tata
215 2118 259 2148 ad
283 2118 437 2150 Frontin.
456 2127 505 2149 tv.
524 2122 552 2150 1.
569 2119 584 2158 ξ
601 2121 632 2149 8.
655 2120 664 2134 ‘
679 2118 721 2148 ad
745 2119 819 2149 hos-

119 2168 201 2199 tium
226 2168 396 2198 incursum
422 2168 719 2208 praepararentur.'
766 2169 818 2198 In-

116 2223 219 2259 petum
235 2223 264 2250 et
281 2220 435 2250 incursum
456 2220 503 2250 sic
523 2220 638 2260 jungit
668 2221 819 2251 Lucanus

119 2280 165 2300 iv.
193 2273 266 2301 762.
297 2271 305 2286 ‘
323 2270 444 2310 Neque.
473 2270 561 2300 enim
589 2270 724 2310 inpetus
751 2270 818 2309 illc,

118 2319 346 2360 Incursusque
376 2318 477 2350 fuit:’
512 2319 561 2351 uti
588 2320 767 2360 legendum
799 2330 818 2351 e

117 2369 203 2400 Mss.
219 2369 365 2409 optimis,
381 2370 435 2400 vcl
452 2369 557 2400 invito
575 2370 700 2400 Cortio.
731 2370 817 2401 Vide

117 2425 153 2450 et
175 2420 247 2450 Liv.
265 2428 304 2449 Π.
324 2422 373 2450 14.
388 2419 406 2458 ξ
420 2421 452 2450 6.
475 2419 483 2435 ‘
498 2419 624 2459 Inpetu
645 2428 681 2449 se
699 2419 818 2450 intule-

117 2474 208 2507 rant,
224 2474 262 2499 ut
278 2467 461 2500 funderent
478 2469 550 2509 ipso
566 2469 722 2499 incursu.Y
752 2469 818 2500 Im·

117 2528 172 2550 mo
197 2522 312 2550 noster
338 2519 379 2550 B.
397 2519 472 2551 Civ.
498 2528 521 2550 1.
543 2521 595 2549 82.
619 2521 627 2535 ⁴
643 2519 685 2549 ad
710 2519 818 2550 iucur-

117 2579 188 2599 sum
206 2574 307 2610 atque
323 2569 474 2609 inpetum
491 2569 634 2599 militum
648 2568 668 2598 :‘
692 2574 726 2599 et
744 2569 816 2609 ipse

120 2619 250 2650 Hirtius
267 2629 381 2651 rursus
397 2620 439 2651 B.
452 2619 571 2650 Asi-ico
585 2629 615 2650 c.
629 2622 680 2650 51.
697 2621 706 2635 ‘
722 2620 818 2659 Mag-

119 2677 162 2698 no
178 2669 311 2700 incursu
328 2669 478 2709 inpetum
495 2668 674 2700 feceruut.'
718 2669 726 2684 ‘
738 2669 818 2700 Suc-

119 2726 230 2749 cessus
246 2724 283 2749 et
297 2719 458 2750 incursus’
483 2720 523 2750 B.
541 2719 585 2749 G.
603 2728 642 2749 n.
658 2722 710 2749 20.

163 2770 201 2798 13
225 2768 328 2802 Quum
340 2779 372 2808 p.
389 2770 521 2810 aliquem
536 2770 676 2800 timorem
692 2769 818 2809 accidit,

1460 211 1567 251 1291

872 315 936 342 tum
952 314 1162 352 multinubae,
1179 314 1248 353 &eff
1287 314 1326 344 ln
1352 314 1458 353 Bong.
1480 324 1529 354 pr.
1553 324 1572 345 a

872 370 916 391 m.
934 371 1002 393 sec.
1027 365 1076 394 uti
1094 369 1127 395 et
1144 365 1176 395 in
1201 366 1307 405 Bomg.
1326 370 1405 396 tert.
1431 374 1469 396 ac
1492 366 1573 396 Car-

873 419 936 440 rar.
962 412 1053 451 logan
1077 418 1152 445 tum.
1202 415 1355 445 Timorem
1381 415 1494 446 accidit
1516 415 1573 445 de-

872 465 950 490 sunt
979 461 1010 491 in
1043 463 1136 493 Leid.
1167 473 1218 503 pr.
1251 465 1392 496 (imorem
1422 465 1517 496 abest
1553 476 1572 496 a

871 509 1109 549 Scaligerano:
1139 513 1213 544 dein
1231 525 1299 545 curn
1314 521 1366 545 est
1391 515 1423 545 in
1447 515 1572 556 Scalig.

872 558 964 590 Leid.
990 570 1038 600 pr.
1063 571 1129 593 sec.
1156 573 1194 593 ac
1222 564 1328 603 Bong.
1358 570 1435 595 tert.
1462 565 1510 595 uti
1536 570 1572 596 et

869 613 995 649 propter
1019 612 1247 643 multitudinem
1276 615 1307 644 in
1336 614 1465 653 ultimo,
1490 615 1571 645 item

873 659 906 689 in
923 660 1058 691 Carrar.
1107 662 1195 693 Orta
1211 664 1282 693 11ωο
1308 665 1470 702 variatim
1495 666 1572 705 quia

871 718 1001 740 sensum
1021 721 1084 741 nou
1104 719 1329 753 perceperunt
1347 714 1495 745 librarii:
1525 715 1572 745 uti

871 768 935 789 non
955 760 1107 801 percepit
1134 761 1369 792 Hotomannus
1394 763 1507 803 legens
1532 765 1571 794 ti-

870 819 946 841 mor.
1005 810 1136 841 Hirtius
1164 812 1264 851 dicit,
1294 813 1326 844 in
1357 813 1572 854 equestribus

872 861 997 899 pmliis
1016 866 1082 891 tum
1107 862 1347 893 detrimentum
1374 864 1570 904 plerumque

871 911 979 950 accipi
997 912 1227 951 multitudino,
1250 923 1350 954 quum
1368 919 1510 954 propter
1535 914 1572 944 ti-

871 969 997 990 morem
1014 961 1159 1002 aliquem
1183 962 1268 1001 (sive
1285 963 1464 1003 aliquorum,
1484 963 1571 1004 quod

871 1020 937 1041 01·ae
962 1011 1037 1041 libri
1063 1012 1192 1043 adlevit
1222 1013 1372 1054 Lipsius)
1400 1014 1512 1054 plures
1540 1015 1570 1044 in

872 1070 971 1090 unum
988 1061 1098 1091 locum
1117 1063 1331 1095 conveniunt.

912 1119 989 1141 xrx.
1006 1114 1025 1141 2
1052 1112 1225 1151 Erumpunt
1240 1113 1334 1143 ceteri
1360 1114 1470 1143 Correo
1492 1124 1573 1153 prse-

869 1159 979 1198 liante]
1026 1160 1103 1190 Pet.
1127 1161 1327 1192 Cim-conius
1347 1163 1570 1202 pronunciante

870 1209 1087 1241 scribendum
1102 1211 1283 1242 existimat.
1316 1213 1381 1243 Sed
1396 1213 1569 1254 antiquum

870 1260 1017 1300 obtinet,
1043 1266 1078 1292 et
1095 1262 1186 1292 nulla
1203 1262 1406 1294 necessitate
1425 1268 1573 1301 coactu5‚

869 1321 982 1341 sanam
1012 1312 1191 1343 lectionem
1213 1313 1394 1351 sollicitat;
1419 1324 1509 1353 nam,
1537 1320 1572 1345 ut

869 1360 955 1391 dixit
972 1366 1086 1392 noster
1115 1372 1144 1393 c.
1162 1365 1210 1393 18.
1236 1363 1379 1393 Correus
1398 1364 1430 1394 in
1447 1369 1572 1395 turmas

870 1410 1034 1450 impetum
1058 1410 1150 1452 fecit,
1174 1422 1274 1453 quem
1300 1418 1336 1444 ut
1358 1415 1569 1454 praeliantem

870 1461 961 1492 Galli
979 1462 1106 1501 videre,
1130 1471 1173 1493 ex
1197 1463 1290 1494 silvis
1314 1471 1508 1505 erumpunt,
1534 1472 1571 1496 ut

868 1512 944 1543 duci
975 1512 1132 1543 auxilium
1159 1512 1286 1545 ferant.
1332 1515 1400 1545 Hic
1429 1520 1568 1556 apertus

869 1567 920 1594 est
938 1567 972 1594 et
988 1562 1096 1594 facilis
1112 1564 1179 1594 loci
1195 1574 1322 1595 sensus.
1350 1566 1462 1596 Duris
1503 1566 1569 1598 Qui

867 1614 1036 1653 nimirum,
1049 1619 1085 1645 ut
1097 1615 1170 1655 jam
1185 1620 1264 1646 ante
1278 1616 1410 1647 dixerat
1427 1617 1572 1657 Hit-tius,

868 1665 877 1681 ‘
895 1664 1037 1704 primum
1061 1674 1138 1696 cum
1163 1666 1276 1706 paucis
1301 1676 1336 1696 se
1360 1667 1571 1706 ostenderat,

869 1719 972 1754 utque
1000 1715 1032 1744 in
1061 1715 1230 1755 proximas
1256 1721 1383 1746 turmas
1409 1716 1570 1756 impetum

869 1764 1021 1795 fecerat.’
1067 1766 1264 1797 ciacconius
1291 1767 1471 1805 emcndat3
1501 1777 1573 1807 pro-

867 1817 1042 1846 nunciante.
1089 1817 1231 1854 Verum,
1250 1817 1358 1857 siquid
1386 1823 1479 1848 esset
1501 1828 1572 1849 mu-

868 1866 1004 1896 tandum
1020 1877 1028 1904 ;
1057 1872 1115 1897 aut
1133 1867 1231 1897 valde
1249 1876 1301 1898 me
1326 1866 1413 1897 fallit
1431 1868 1572 1908 animus,

867 1920 928 1946 aut
962 1917 1164 1956 conjectura
1198 1917 1298 1958 longe
1339 1916 1487 1949 feliciori
1522 1928 1572 1949 re-

867 1967 1061 2006 scriberem,
1082 1971 1250 2006 proeeunte.
1293 1968 1361 1999 Sed
1383 1970 1571 2000 mutatione

868 2018 960 2047 nulla
977 2027 1073 2057 opus.
1099 2019 1208 2048 Clark.
1245 2019 1338 2049 Mala
1354 2019 1570 2051 distinctione

868 2067 970 2107 vulgo
991 2067 1125 2099 laborat
1149 2068 1294 2106 Hirtius,
1319 2079 1394 2109 quae
1420 2069 1571 2101 turbavit

867 2126 1014 2147 sensum.
1061 2118 1149 2148 Nam
1168 2118 1262 2148 ceteri
1278 2122 1441 2158 erumpunt
1457 2129 1497 2150 ex
1519 2120 1572 2150 sil-

868 2167 925 2205 vis,
946 2176 1012 2198 nou
1035 2167 1274 2208 conjungenda
1297 2174 1388 2200 sunt.
1432 2170 1499 2201 Sed
1525 2180 1571 2200 ce-

866 2217 928 2248 teri
942 2221 1117 2258 erumpunt,
1141 2218 1274 2248 scilicet
1299 2220 1431 2259 equites
1455 2221 1573 2260 nostri,

867 2268 945 2298 duni
963 2268 1094 2309 primm,
1111 2279 1185 2310 quae
1203 2275 1432 2309 accesserant,
1449 2276 1569 2302 turmae

867 2320 1032 2360 impetum
1056 2320 1175 2351 Correi
1191 2321 1374 2359 sustinent,
1396 2323 1571 2362 proeliantis

867 2379 907 2399 ex
919 2370 1017 2400 silvis.
1063 2371 1139 2401 Hoc
1156 2371 1246 2401 clare
1261 2371 1368 2411 exigit
1388 2373 1489 2403 totius
1504 2373 1570 2402 loci

867 2424 1058 2451 contextus.
1094 2421 1193 2451 Unde
1206 2422 1375 2462 sequitur3
1391 2428 1568 2464 postquam

867 2470 998 2511 equites
1030 2471 1254 2502 Romanorum
1282 2477 1317 2502 et
1347 2473 1465 2504 Correi
1495 2473 1568 2512 pari

868 2524 975 2551 marte
1004 2521 1265 2560 contenderent,
1292 2523 1423 2562 pedites
1452 2524 1569 2553 Corrci

867 2579 1000 2610 quoque
1017 2570 1204 2601 surrexisse
1228 2577 1264 2602 et
1286 2582 1324 2601 ex
1338 2572 1426 2601 silvis
1449 2582 1569 2611 proces-

865 2619 953 2658 sisse,
967 2620 1019 2658 &a
1044 2620 1131 2651 Edd.
1149 2621 1250 2651 vase.
1271 2621 1404 2651 Stradae
1426 2625 1568 2660 pateren-

866 2673 930 2709 tur,
947 2674 1107 2711 erumpunt
1123 2672 1228 2702 ceteri.
1276 2671 1391 2702 Cor-beo
1405 2673 1567 2711 proeliante

867 2730 906 2751 ex
935 2721 1022 2751 silvis
1049 2721 1104 2759 sit,
1129 2723 1181 2760 Ere.
1237 2721 1384 2751 Proeliari
1417 2732 1456 2752 ea:
1481 2723 1568 2754 silvis

867 2770 949 2801 dicit
967 2770 1113 2809 Hirtine,
1135 2775 1171 2800 ut
1189 2770 1275 2801 idem
1292 2771 1332 2801 B.
1351 2770 1450 2803 Alex.
1469 2783 1498 2805 c..
1515 2777 1566 2805 29.
