1872 3115
258 181 342 222 980

513 284 627 315 Livius
653 292 739 315 xxv.
764 286 817 314 36.
841 286 849 300 ⁴
867 282 960 314 fasti-

652 333 739 364 Vide
755 333 890 365 ouiniuo
908 334 959 365 Cl.

257 295 348 326 sarpe
367 285 457 316 alibi.

257 337 310 376 gio
329 337 394 367 leni
411 335 594 366 subvecta)

256 386 365 416 Drak.
384 394 423 416 ιι.
440 388 494 414 50.
517 386 525 400 ‘
544 384 577 414 in
601 383 730 414 editum
755 383 877 414 leniter
894 383 961 414 col-

254 435 345 468 lem?
369 440 403 465 et
433 443 485 464 nie
509 433 552 464 ad
581 433 711 464 Lucan.
729 442 779 464 tv.
798 436 851 464 ll.
875 434 960 464 ‘Le-

254 486 355 526 nique
383 484 538 515 excrevit
562 483 595 514 in
620 485 725 514 altum
752 484 884 523 Pingue
911 493 961 514 so-

255 537 324 566 lum
351 533 503 565 tumulo.y
547 534 675 564 Eadem
701 534 846 564 varietas
868 532 960 573 apud

259 586 414 615 Lat-tant.
438 584 475 614 L.
496 583 539 614 de
555 582 653 623 Opif.
672 583 738 614 Dei
757 591 785 614 c.
804 586 855 613 10.
879 584 888 599 ‘
907 582 961 613 In—

255 635 361 665 ferius
379 644 511 675 quoque
527 644 684 674 genarum
711 643 774 664 non
799 633 961 664 indecens

257 691 379 723 tumor,
395 685 427 714 in
443 684 695 715 similitudinem
712 684 849 714 collium
879 683 960 713 leni-

257 741 310 766 ter
326 734 530 775 exsurgens!
584 733 849 773 Antiquissinius
877 732 959 763 Cod.

258 787 388 816 Bonon.
407 785 533 816 rectius
549 784 618 814 illic
635 784 764 814 let-iter.-
788 789 825 814 ut
840 783 961 814 Cicero

256 836 298 867 de
319 836 400 867 Nat.
420 836 526 865 Deor.
544 843 583 864 ιι.
610 836 662 864 57.
687 834 695 850 ‘
715 833 822 863 Gen-m¹
840 832 961 863 leviter

256 884 478 917 eminentes?
514 890 549 915 at
574 883 744 914 Walter-is
770 882 837 912 illic
865 887 900 912 et
929 882 960 911 in

256 935 436 966 Lactantio
467 944 506 964 ac
544 933 624 964 alibi
662 932 801 972 praefert
838 931 960 962 leniter.

257 986 392 1018 Deinde
401 985 579 1024 fustigatus
595 984 663 1023 liic,
679 987 714 1014 et
730 992 779 1013 iv.
800 985 849 1013 17.
867 989 901 1012 et
919 982 960 1012 de

256 1037 298 1067 B.
316 1036 388 1068 Civ.
411 1045 450 1066 ιι.
468 1038 518 1065 10.
532 1033 751 1074 amplectitur
767 1041 901 1072 quoque
918 1031 960 1062 ad

255 1086 326 1117 Silii
350 1086 462 1116 locum
479 1085 530 1116 Cl.
549 1082 790 1122 Drakenburg.
808 1082 863 1122 qui
879 1082 961 1113 inul-

257 1137 300 1168 tis
317 1136 364 1166 ibi
381 1135 573 1166 doctissime
589 1134 630 1164 de
646 1134 709 1164 hoc
725 1133 830 1164 verbo
847 1132 960 1172 dispu-

256 1191 322 1219 tat.
389 1186 516 1217 Verum
553 1185 669 1223 miror,
705 1183 805 1214 Viros
840 1183 960 1213 doctos

257 1239 356 1270 aliam
372 1238 424 1269 liic
439 1237 617 1268 lectionem
647 1237 696 1267 ita
719 1235 901 1274 negligere,
923 1237 961 1264 ut

257 1289 313 1320 vix
337 1288 410 1329 ejus
437 1288 643 1318 mentionem
660 1286 801 1323 faciant,
828 1290 864 1317 et
887 1294 960 1315 eain

253 1339 346 1378 plane
382 1338 547 1368 absurdam
583 1337 735 1377 appellet
778 1336 959 1366 Hotoman.

258 1397 382 1428 nempe
412 1388 597 1426 castigatus.
657 1387 768 1419 Quam
802 1385 961 1416 exhibue-

257 1441 337 1469 runt
355 1442 467 1469 tamen
483 1447 599 1468 omnes
614 1436 700 1468 Edd.
719 1437 839 1477 prisc-m
857 1444 962 1475 usque

258 1488 300 1520 ad
315 1487 534 1525 Beroaldum,
555 1492 591 1518 et
620 1487 652 1517 iu
680 1486 750 1517 suis
778 1486 862 1516 Mss.
888 1494 961 1515 esse

257 1541 429 1569 testantur
456 1537 595 1576 Brutus,
610 1535 772 1573 Faernus,
790 1534 962 1573 Branthns,

256 1598 297 1619 ac
323 1588 461 1618 Scottus
486 1586 632 1617 Observ.
659 1593 716 1615 111.
746 1587 797 1615 19.
854 1584 962 1615 Immo

258 1636 434 1669 adfirmare
459 1646 522 1675 ego
551 1645 697 1676 possum,
719 1635 847 1665 nullum
872 1643 963 1665 meo-

259 1696 333 1718 rum
349 1686 476 1717 babere
495 1685 674 1725 ,ῥυτὶς-αἴκε
690 1689 748 1716 aut
760 1684 962 1722 fastigiatus.

260 1739 387 1770 Omnes
420 1738 461 1768 ad
489 1747 591 1767 unum
620 1745 759 1766 numero
786 1734 905 1773 viginti
928 1738 963 1764 et

258 1789 373 1829 plures
387 1788 581 1827 castigatus5
615 1786 678 1816 uisi
699 1785 786 1826 quod
805 1785 836 1814 in
854 1785 961 1823 Bong.

258 1848 310 1879 pr.
338 1838 460 1868 l'etav.
481 1838 577 1877 Egm.
595 1836 742 1867 Dorvill.
760 1836 797 1866 L.
823 1839 904 1865 tert.
928 1838 962 1863 et

260 1888 366 1929 Lipsii
382 1897 420 1918 ac
436 1887 556 1926 Scotti‚
573 1887 715 1927 aliisque
734 1893 808 1916 cum
827 1883 890 1915 Ed.
909 1883 963 1914 In-

257 1943 355 1970 certa
392 1945 553 1968 exaretur
588 1937 762 1976 castigatus
797 1937 964 1972 castratus,

259 1988 348 2020 unde
373 1988 424 2018 vir
451 1987 570 2018 doctus
595 1987 803 2027 conjiciebat
827 1988 902 2016 cast.
927 1995 963 2015 ac

257 2044 386 2072 εἰναιιιε.
445 2041 512 2071 Tot
544 2044 657 2071 autem
686 2040 866 2077 Mstomm,
893 2042 962 2068 tam

260 2093 487 2133 antiquorum,
504 2090 704 2121 auctoritati
721 2098 783 2129 ego
801 2087 963 2127 refragari

258 2143 315 2173 vix
333 2143 448 2174 ausim.
497 2143 685 2182 Corruptos
707 2146 817 2171 tamen
833 2148 890 2169 eos
908 2148 963 2169 au-

258 2197 366 2223 tumat
393 2192 598 2228 Gronovius,
626 2196 662 2222 et
687 2189 781 2221 addit
809 2189 962 2229 vulgares

259 2243 339 2274 oliui
364 2243 543 2283 Pomponii
562 2242 664 2273 Meioe
692 2240 856 2271 editiones
881 2248 905 2269 1.
929 2241 961 2268 4.

258 2292 418 2323 habuisse
442 2294 450 2309 ‘
469 2292 612 2331 castigat
629 2300 664 2321 se
681 2287 852 2320 molliter.’
898 2287 964 2318 Illa

259 2343 364 2374 etiam
388 2344 395 2358 ¹
415 2342 455 2372 ad
475 2341 648 2381 planitiem
674 2337 808 2377 redire,’
833 2337 962 2374 nescio,

260 2402 302 2423 an
319 2401 385 2423 nou
403 2392 520 2422 melius
543 2391 708 2431 quadrent
733 2389 776 2426 τῷ
802 2388 962 2426 castigari,

261 2451 360 2483 quam
377 2441 543 2481 fustigari,
559 2446 596 2471 ut
618 2440 848 2479 metaphoram
873 2437 963 2468 adhi-

261 2491 341 2524 beat
355 2502 375 2523 a
388 2491 497 2522 fronte
514 2492 670 2527 humana,
681 2488 848 2529 quomodo
861 2497 962 2526 :supra

259 2541 403 2574 vidimus
421 2543 453 2571 iu
473 2541 652 2572 Lactantio
670 2540 712 2569 de
728 2538 832 2577 genis.
890 2539 962 2568 Sta-

259 2592 327 2623 tius
354 2592 465 2623 Carni.
494 2600 532 2621 ιι.
560 2593 588 2621 l.
617 2592 668 2620 43.
692 2593 700 2606 ⁴
720 2589 764 2619 Et
787 2589 960 2627 castigatae

261 2642 407 2674 collecta
445 2641 609 2672 modestia
650 2639 794 2672 frontis!
863 2638 961 2669 Adde

262 2692 395 2723 Bersm.
412 2698 449 2723 et
464 2692 581 2723 Burni.
605 2691 647 2722 ad
677 2690 779 2722 Ovid.
804 2690 919 2720 Amor.
938 2698 962 2722 1.

261 2744 293 2775 5.
324 2745 378 2775 21.
415 2744 423 2760 ‘
443 2743 552 2775 Quam
581 2741 734 2781 castigato
761 2740 873 2781 planus
901 2739 963 2772 sub

726 191 867 221 NoTAE
901 191 1164 222 VARioRUM
1201 191 1251 221 IN

1010 288 1150 323 pectore
1165 283 1310 315 venter.'
1356 283 1421 314 rbi
1438 283 1536 323 plane
1548 282 1637 314 infra
1651 293 1715 314 cas-

1009 334 1144 372 tigatum
1157 338 1264 374 pectus
1279 339 1330 365 est
1346 335 1454 373 planus
1469 335 1584 373 venter,
1599 338 1636 364 ut
1659 333 1713 364 hic

1009 384 1164 422 castigata
1185 383 1276 421 frons
1303 383 1323 414 i.
1339 394 1369 413 c.
1399 383 1522 413 leuiter
1538 382 1712 422 depressa,

1011 443 1074 464 non
1092 434 1189 464 nimis
1213 434 1431 471 extuberans,
1449 433 1528 463 redit
1553 433 1592 462 ad
1615 432 1715 472 ploni-

1010 485 1106 515 tiem:
1139 489 1309 524 pra‘terea
1336 484 1392 514 illa
1419 483 1554 519 Glossa,
1578 492 1651 522 quae
1680 482 1713 513 in

1011 539 1063 566 tot
1080 535 1165 564 Mss.
1184 533 1330 572 additur,
1344 536 1498 564 castr-utus
1514 533 1628 569 docet,
1641 532 1712 572 jam

1012 585 1196 625 antiquitus
1230 584 1403 622 castigatus
1433 584 1465 613 in
1499 583 1580 613 Mss.
1608 581 1714 612 fuisse

1011 635 1156 664 lectum:
1197 643 1274 663 nam
1291 642 1330 662 eu
1346 642 1412 662 non
1429 632 1582 671 exsculpi
1601 636 1715 671 potest

1012 694 1029 714 e
1046 693 1144 715 seusu
1168 684 1224 713 τοῦ
1243 682 1404 721 fastigati.
1451 683 1619 713 Gruterus
1635 691 1714 721 quo-

1013 743 1076 774 que
1103 733 1276 770 castigatus
1302 732 1534 771 amplectitur,
1555 741 1656 772 seque
1681 732 1714 761 in

1011 781 1246 823 Suspiciouum
1269 781 1389 812 libellis
1406 781 1448 810 de
1466 781 1528 811 boc
1546 781 1619 810 loco
1637 790 1715 811 con-

1012 837 1064 863 tra
1096 832 1348 862 Hotomannum
1376 831 1542 860 disserere
1568 830 1626 861 ait.
1667 829 1716 861 At

1012 883 1069 912 illa
1096 882 1330 922 Suspicionum
1359 890 1435 920 pars
1459 889 1640 920 numquam
1667 880 1716 910 lu-

1012 942 1083 963 cem
1116 931 1214 969 vidit,
1248 931 1307 962 sed
1339 936 1451 960 tamen
1479 929 1517 959 τὸ
1539 929 1716 969 fustigatus

1012 981 1232 1013 confirmatur
1262 990 1340 1011 ιἰιι.
1369 983 1419 1011 l-t.
1455 983 1464 998 ‘
1482 981 1515 1010 iu
1553 989 1715 1010 sumniam

1012 1031 1188 1071 planitiem
1212 1030 1285 1070 jugi
1313 1030 1482 1070 pervenit,
1497 1039 1572 1070 quae
1593 1029 1717 1060 declivi

1012 1080 1145 1120 fastigio
1171 1080 1386 1111 muniebatur
1401 1080 1419 1117 ς’
1451 1086 1485 1110 et
1516 1079 1554 1109 Β.
1582 1079 1657 1110 Civ.
1690 1088 1715 1110 1.

1011 1134 1064 1162 45.
1089 1135 1098 1148 ⁴
1117 1131 1258 1162 declivis
1275 1131 1366 1161 locus
1384 1130 1478 1161 tenui
1495 1129 1630 1170 fastigio
1646 1137 1717 1159 ver-

1013 1181 1143 1221 gebat3'
1169 1186 1204 1212 et
1223 1189 1259 1211 ιι.
1280 1184 1330 1212 24.

1055 1231 1208 1270 Redihat]
1246 1232 1311 1262 Ms.
1340 1230 1450 1261 Scotti
1476 1229 1715 1261 Animadvers.

1012 1290 1068 1312 ιιι.
1102 1285 1152 1313 19.
1187 1282 1267 1312 item
1307 1282 1470 1321 Bongars.
1508 1280 1606 1320 prim.
1646 1289 1716 1310 sec.

1013 1333 1134 1363 Petav.
1152 1332 1320 1372 Egmund.
1346 1336 1382 1362 et
1406 1336 1475 1361 tres
1495 1331 1550 1361 alii
1566 1330 1717 1361 rediebat.

1014 1382 1116 1423 Apud
1143 1383 1233 1413 Flor.
1262 1391 1316 1413 ιιι.
1341 1384 1391 1412 13.
1427 1383 1436 1398 ⁴
1464 1381 1503 1412 In
1529 1380 1716 1420 perniciem

1013 1432 1193 1463 redibant!
1219 1433 1302 1464 Mss.
1318 1435 1347 1463 3.
1373 1430 1530 1462 Vossiani
1547 1430 1718 1462 rediebant.

1014 1483 1141 1514 Eadem
1156 1484 1302 1514 varietas
1315 1483 1346 1513 iu
1363 1483 1524 1513 Frontino
1537 1491 1577 1512 ιι.
1592 1485 1622 1512 5.
1635 1483 1651 1522 §
1663 1485 1716 1513 31.

1013 1534 1070 1565 ubi
1098 1535 1197 1565 side:
1227 1533 1315 1565 infra
1342 1543 1406 1564 vn.
1430 1536 1479 1563 82.
1509 1533 1589 1563 Mss.
1616 1532 1716 1564 multi

1012 1584 1212 1615 inter-iebant.
1243 1585 1338 1615 Suet.
1362 1584 1431 1616 Jul.
1461 1586 1513 1614 32.
1538 1583 1605 1613 Ms.
1630 1583 1718 1613 Har-

1012 1636 1089 1666 leni.
1113 1634 1299 1675 deperiebat.
1336 1634 1379 1664 Et
1393 1633 1440 1664 sic
1458 1633 1580 1673 passim
1596 1632 1718 1663 ludunt

1013 1685 1156 1716 librarii.
1258 1681 1259 1684 ¹

1058 1738 1099 1765 18
1121 1734 1158 1766 Si
1182 1735 1255 1774 quid
1282 1743 1356 1774 opus
1379 1737 1468 1772 esset,
1490 1733 1624 1764 subsidio
1646 1733 1720 1764 duci

1010 1785 1149 1825 possent]
1182 1786 1236 1815 Sic
1268 1785 1301 1815 in
1340 1794 1398 1815 suo
1430 1785 1558 1815 Codice
1587 1784 1719 1816 invenit

1015 1836 1268 1876 Metaphrastcs
1282 1846 1291 1872 3
1326 1836 1433 1866 vertit
1458 1835 1547 1865 euim
1564 1835 1594 1864 εἴ
1604 1846 1634 1864 τι
1649 1833 1719 1865 δέον

1014 1887 1072 1925 εἴη,
1090 1896 1164 1916 cum
1183 1886 1214 1916 in
1236 1886 1316 1916 Mss.
1333 1890 1368 1916 et
1384 1885 1532 1926 antiquis
1555 1885 1656 1916 editt.
1674 1886 1720 1915 le-

1014 1942 1116 1977 gatur
1141 1936 1168 1967 si
1188 1946 1245 1976 quo
1271 1946 1344 1976 opus
1370 1939 1446 1966 esset
1472 1935 1618 1974 subsidio,
1647 1936 1719 1966 duci

1011 1989 1154 2026 posseut;
1171 1987 1222 2017 vel
1240 1987 1305 2017 alia
1322 1986 1719 2026 interpu11ctione‚siqu0

1013 2047 1088 2076 opus
1103 2040 1193 2073 esset,
1217 2036 1365 2075 subsidio,
1387 2038 1440 2076 «isc.
1488 2035 1554 2066 Sed
1577 2036 1716 2075 probam

1014 2087 1196 2118 lectionem
1220 2087 1367 2127 amplexi
1393 2091 1470 2117 sunt
1495 2086 1642 2117 editores
1659 2096 1718 2116 uu-

1015 2138 1100 2178 peri.
1132 2139 1243 2169 Dat-is.
1296 2137 1503 2168 Hotomanni
1519 2137 1718 2176 conjectura

1014 2193 1065 2219 est
1078 2187 1152 2228 quid
1167 2192 1286 2219 contra
1302 2186 1421 2218 Editos
1449 2191 1484 2217 et
1510 2186 1592 2216 Mss.
1615 2186 1715 2216 etiam

1012 2238 1138 2277 Scotti‚
1148 2238 1180 2268 in
1194 2237 1314 2278 quibus
1326 2247 1393 2277 que,
1405 2236 1499 2267 Leid.
1513 2236 1610 2276 prim.
1623 2236 1718 2275 quod.-

1013 2288 1071 2318 sed
1088 2287 1217 2327 optime
1236 2286 1443 2318 Petavianus
1457 2295 1527 2325 qua,
1543 2285 1632 2326 quod
1649 2294 1717 2315 me-

1014 2338 1079 2368 rito
1108 2338 1260 2369 Grutcro
1290 2336 1418 2367 adrisit.
1463 2335 1551 2366 Vide
1567 2335 1610 2366 ad
1633 2344 1657 2366 ι.
1681 2337 1715 2366 6.

1012 2390 1021 2404 ‘
1038 2397 1102 2429 qua
1119 2389 1174 2418 vix
1193 2387 1314 2427 singuli
1328 2387 1413 2417 carri
1431 2384 1662 2416 ducerentur!

1056 2447 1106 2469 lx.
1124 2441 1144 2469 6
1168 2438 1235 2468 Sec.
1253 2437 1391 2478 equitum
1405 2440 1575 2467 nostr-amm
1590 2433 1717 2475 proelio]

1012 2489 1067 2519 Sic
1086 2488 1181 2528 Egm.
1198 2488 1306 2527 Bong.
1333 2491 1411 2517 tert.
1438 2484 1532 2516 Leid.
1551 2493 1617 2514 sec.
1633 2485 1717 2524 equi-

1012 2543 1075 2570 tum
1094 2539 1192 2570 deest
1209 2538 1242 2569 in
1259 2538 1379 2568 l’ctar.
1398 2537 1570 2566 nostrorum
1584 2535 1718 2565 exsulat

1014 2589 1056 2619 ab
1074 2588 1162 2619 ladd.
1182 2589 1277 2618 Rom.
1293 2586 1386 2617 Med.
1402 2586 1485 2615 Ven.
1512 2584 1624 2615 Ceteri
1639 2593 1716 2616 cum

1014 2640 1078 2671 Ed.
1109 2639 1179 2669 luc.
1209 2638 1289 2668 item
1313 2637 1434 2667 Petav.
1459 2635 1566 2675 proelio
1592 2634 1716 2667 nostris.

1015 2690 1126 2723 Recte
1142 2688 1288 2725 omnino,
1303 2686 1370 2724 vel,
1384 2690 1422 2717 ut
1437 2690 1488 2716 est
1502 2685 1534 2715 in
1549 2682 1646 2715 Leid.
1663 2692 1716 2723 pr.

1013 2750 1071 2773 sec.
1086 2739 1200 2772 nostris
1213 2736 1350 2779 equitum
1363 2745 1414 2780 pr.
1446 2735 1615 2781 Equestre
1630 2742 1717 2778 pm:-
