1818 3131
203 235 316 278 1330

204 339 290 371 Vide
318 339 360 370 ad
388 349 417 369 c.
446 341 498 370 24.
520 342 555 369 et
579 338 738 371 Ursiuum
756 338 906 380 aliosque

206 392 247 423 ad
278 392 319 422 Β.
349 391 422 421 Civ.
452 399 507 420 ιιι.
534 393 605 422 88.;
645 391 701 421 ubi
727 391 820 422 tercia
846 401 906 431 pro

203 445 312 482 quarta
330 440 478 480 ponitur.
505 441 680 472 Mordicus
695 445 807 472 tamen
821 441 904 471 Mss.

205 492 354 522 retinent
371 500 417 522 xv
435 492 488 523 vel
505 492 644 532 quintam
659 494 807 523 decimam
824 502 907 532 prae-

203 547 257 572 ter
274 540 460 578 Andinum,
477 543 532 582 qui
549 542 649 572 habet
668 542 732 581 hic,
747 551 814 572 non
833 550 905 582 seq.

203 592 290 629 loco,
317 591 518 622 undecimam.
572 592 685 624 Quare
715 592 761 621 nil
793 592 825 621 iu
858 591 907 620 his

204 645 335 671 mutare
352 650 452 671 ausus
468 640 528 671 fui.
557 641 715 672 Ceterum
733 642 760 671 ci
778 640 908 670 addunt

202 690 291 722 Edd.
324 691 420 721 Rom.
453 692 537 723 Ven.
572 691 664 722 Med.
702 692 802 722 Vasc.
840 691 908 720 Str.

202 741 321 781 Stepli.
353 741 412 772 Gr.
445 746 532 781 post.
567 746 601 772 et
631 742 715 772 Mss.
755 740 908 780 plerique

202 793 287 822 tradi
309 791 412 829 jubet.
460 792 541 822 Mox
574 791 706 830 reposui
737 793 861 820 tueatur
891 798 909 818 e

203 842 288 873 Mss.
320 842 408 871 And.
439 842 549 872 Oxou.
578 840 672 871 Leid.
701 849 752 879 pr.
781 843 817 870 et
844 840 909 877 Eg—

202 891 320 922 nmnd.
338 901 398 931 pro
427 894 577 921 tueretur.
626 890 665 920 Iu
683 890 782 921 Gott.
810 889 909 920 Leid.

203 946 280 971 tert.
312 941 409 971 Voss.
441 946 520 971 tert.
552 945 587 971 et
618 940 681 971 Ed.
714 940 787 972 Ine.
816 941 910 979 legas

204 993 376 1021 tuerentur.

249 1043 286 1070 ll
331 1040 515 1070 Exercitum
549 1040 642 1070 distr.
675 1050 730 1079 per
767 1039 910 1079 hiberna]

205 1090 354 1120 Grutero
388 1090 515 1129 placuit
547 1090 652 1129 magis
688 1089 791 1120 lectio
824 1090 910 1120 Bou-

205 1148 293 1179 gars.
312 1149 379 1170 sec.
405 1140 571 1171 Esercitui
593 1140 754 1170 ‹Iis-tribuit
771 1139 908 1169 hiberna.

204 1190 411 1227 Verissime;
436 1200 511 1220 nam
541 1196 575 1220 et
606 1192 652 1220 itu
684 1190 855 1221 iuvenitur
877 1189 910 1219 iu

204 1240 407 1271 membranis
432 1240 585 1278 Audinis,
603 1240 715 1270 Oxou.
734 1240 830 1269 voss.
858 1249 909 1279 pr.

204 1291 374 1331 Egmund.
414 1290 545 1320 Buslid.
587 1290 710 1329 Scalig.
749 1290 909 1329 Gottorp.

204 1342 327 1372 Braut.
356 1350 395 1371 ac
433 1340 564 1370 (luobus
592 1340 675 1378 aliis,
700 1344 735 1369 et
759 1339 822 1371 Ed.
856 1339 912 1369 In-

206 1395 313 1421 certa.
362 1389 427 1419 Sed
445 1389 478 1419 iu
498 1388 593 1419 Leid.
613 1399 664 1428 pr.
682 1393 717 1419 et
731 1389 828 1418 Voss.
844 1398 911 1419 sec.

205 1441 347 1480 aliisque
373 1440 438 1470 Ex.
455 1439 528 1470 dist.
549 1440 580 1469 in
603 1439 739 1470 hiberna.
787 1438 913 1470 Confu-

206 1491 253 1521 sio
271 1490 382 1521 forsan
405 1495 481 1520 orta
504 1497 570 1527 est⁷
594 1489 695 1530 quod,
723 1494 759 1520 ut
785 1490 912 1527 Caesar,

206 1543 255 1573 ita
284 1547 319 1572 et
350 1541 484 1572 Hirtius
507 1541 646 1572 exercitu
673 1550 734 1582 pro
763 1541 913 1572 exercitui

211 1592 398 1632 scripserit.

252 1644 290 1672 14
315 1642 351 1672 Si
369 1642 480 1681 Belgce
495 1652 619 1682 qnorum
644 1642 781 1673 maxima
801 1642 916 1683 virtus]

211 1694 369 1725 Quatuor
386 1693 443 1723 lias
472 1692 623 1733 legiones
641 1692 672 1722 in
699 1692 820 1732 Belgio
842 1701 915 1732 pro-

206 1743 277 1784 prie
309 1743 401 1773 dicto
432 1742 618 1773 collocatas
648 1740 753 1772 fuisse
796 1745 915 1772 censet

207 1793 298 1824 Phil.
325 1792 502 1823 Cluverius
531 1792 650 1823 Germ.
675 1800 716 1822 ιι.
750 1794 780 1822 2.
815 1801 913 1832 quam

208 1843 251 1874 ob
269 1852 403 1873 causam
432 1843 486 1873 liic
514 1843 650 1882 reponit
675 1842 845 1881 Bellovaci,
859 1843 912 1881 Esc.

207 1892 242 1923 Si
274 1901 343 1922 rem
372 1892 421 1922 ita
452 1901 487 1922 se
518 1891 644 1922 habere
676 1891 914 1928 concedamus,

212 1943 304 1973 nulla
335 1952 418 1982 opus
449 1946 500 1972 est
527 1942 729 1972 mutatione:
759 1942 914 1972 Lucanus

209 1992 297 2023 enim
331 2001 355 2022 1.
398 1994 473 2022 426.
532 1992 665 2030 Belgum
703 2000 763 2031 pro
802 1991 914 2031 Belgii

211 2041 347 2082 proprie
366 2040 447 2071 dicti
465 2041 577 2071 incola
600 2040 786 2079 usurpavit.
826 2039 915 2070 Vide

212 2096 332 2122 notata
348 2091 389 2122 ad
407 2092 447 2122 B.
472 2091 516 2122 G.
535 2100 566 2122 v.
595 2092 648 2121 24.
672 2091 782 2122 Daris.
826 2089 915 2121 Vide

211 2147 246 2173 et
263 2151 365 2183 supra
381 2142 423 2172 ad
441 2152 469 2173 c.
487 2144 540 2172 38.
557 2144 610 2171 46.

253 2194 292 2222 15
320 2192 363 2222 Et
381 2191 492 2232 AE'dui]
514 2190 542 2222 A
559 2191 625 2222 ΜΞ.
643 2190 776 2221 Carrar.
796 2191 916 2222 Brant.

211 2245 247 2272 et
273 2243 293 2271 8
318 2240 412 2277 meis,
438 2245 540 2282 atque
558 2240 622 2271 Ed.
656 2240 793 2270 Incerta
820 2239 917 2270 abest

211 2295 253 2322 et.
285 2291 380 2321 Bene
408 2291 596 2321 Beroaldus
624 2290 731 2320 edidit
756 2290 783 2320 si
810 2290 918 2329 AEdui,

212 2341 303 2383 quod
318 2340 470 2371 firmatur
499 2352 517 2371 a
545 2340 628 2372 Cod.
655 2341 763 2381 Boug.
793 2340 916 2377 terti03

212 2391 361 2430 eleganti
380 2390 597 2430 repetitione.

258 2448 312 2470 tv.
333 2443 347 2470 l
375 2440 412 2471 C.
431 2439 628 2480 Mur-cellum]
651 2439 706 2469 Sic
731 2442 825 2469 recte
851 2439 917 2469 Ms-

212 2490 321 2523 Norv.
339 2500 415 2520 cum
438 2491 585 2530 autiquae
614 2489 712 2520 editt.
738 2498 918 2530 perperam

216 2544 507 2580 repraesentareut
554 2540 604 2570 M.
639 2539 832 2577 Marcellum,
881 2543 919 2569 ut

215 2590 302 2621 vidit
314 2590 359 2622 H.
374 2590 576 2629 Glareanus,
589 2589 643 2620 cui
658 2594 783 2620 temere
803 2589 919 2619 adver-

216 2645 311 2671 satur
321 2640 420 2673 Joau.
436 2639 684 2679 Glandorpius;
712 2639 810 2669 Caius
828 2638 917 2669 euim

215 2690 402 2722 Marcellus
426 2695 506 2721 tunc
524 2688 686 2729 temporis
707 2689 918 2720 consulatum

217 2739 367 2782 gerebat.
402 2739 490 2773 Vide
509 2739 655 2770 Dionem
673 2739 691 2768 l.
711 2748 766 2768 xi..
791 2749 824 2779 p.
844 2743 917 2771 MS.

217 2793 252 2823 et
270 2791 340 2823 151.
363 2790 475 2825 Daris.
513 2789 554 2821 ln
578 2788 649 2820 5010
671 2789 778 2831 Bong.
796 2799 848 2831 pr.
867 2789 915 2820 in-

669 244 811 275 NOTAE
843 244 1107 275 VARIORUM
1143 244 1193 273 IN

959 339 1034 370 veni
1069 340 1115 370 M.
1148 347 1337 379 perperam.
1390 338 1468 369 Fuit
1497 338 1586 369 euim
1618 339 1657 369 C.

959 389 1138 427 Marcellus,
1152 393 1254 429 atque
1272 388 1317 418 ita
1331 387 1417 418 Edd.
1436 388 1587 428 plerique
1604 397 1661 418 ex-

957 439 1139 470 hibuerunt
1169 449 1186 469 e
1217 439 1300 469 Mss.
1330 438 1408 468 suis.
1454 438 1565 469 Aliam
1593 439 1660 469 lec-

959 489 1084 519 tionem
1113 488 1255 528 praefert
1286 489 1535 528 flammantius,
1565 489 1662 529 cujus

959 544 1012 569 est
1039 539 1165 568 mentio
1193 539 1225 568 iu
1255 539 1405 578 margine
1433 538 1496 569 Ed.
1527 538 1661 579 Gryph.

959 599 976 617 a
996 588 1092 618 Paulo
1108 592 1137 618 et
1153 589 1301 619 Marcello
1324 590 1408 619 Coss.
1427 599 1527 629 quam
1543 588 1664 620 confir-

960 642 1053 667 mant
1070 637 1195 667 Audin.
1215 645 1248 668 et
1266 639 1378 670 Oxou.
1400 641 1455 680 qui
1471 640 1575 671 habet
1591 650 1609 670 α
1622 640 1662 670 Ρ.

960 690 988 717 et
1019 698 1038 717 a
1076 688 1176 718 Marc.
1224 688 1296 727 Ego
1324 690 1540 729 acquiescere
1574 690 1661 720 malo

960 737 1119 776 vulgatae,
1148 737 1225 777 quia
1251 738 1433 769 Marcellus
1473 739 1663 778 praecipuus

962 786 1088 817 Caesari
1106 786 1172 817 fuit
1190 787 1356 825 inimicus,
1372 788 1482 828 eique,
1500 797 1564 818 non
1581 789 1664 819 item

961 836 1114 876 collegae,
1142 847 1161 867 a
1189 838 1315 868 ceteris
1342 838 1536 869 auctoribus
1565 838 1666 869 adtri-

962 885 1112 917 buuntur
1128 888 1308 918 sententiar
1322 888 1525 927 gravissimae
1545 889 1576 919 in
1595 889 1666 920 Cae-

962 948 1084 969 sarem.
1151 939 1259 969 Immo
1296 938 1510 969 defensorem
1548 939 1666 970 hahuit

964 988 1132 1019 Paullum.
1177 989 1265 1019 Vide
1289 989 1424 1019 omniuo
1456 988 1498 1018 ad
1529 990 1665 1021 Sueton.

963 1038 1092 1070 Julium
1114 1048 1144 1069 c.
1169 1040 1222 1069 29.
1268 1039 1323 1069 De
1350 1039 1399 1069 liis
1424 1038 1616 1070 consulibus
1633 1048 1666 1070 e-

965 1088 1045 1118 tiam
1070 1088 1146 1119 vide
1164 1088 1206 1119 ad
1231 1099 1261 1120 c.
1282 1092 1335 1120 48.
1384 1089 1471 1120 Nam
1495 1089 1666 1130 sequentis

962 1138 1040 1168 anni
1058 1138 1180 1168 Consul
1212 1139 1248 1168 C.
1267 1139 1465 1177 Marcellus,
1482 1139 1532 1170 M.
1550 1139 1669 1179 Filius,

964 1197 1028 1218 non
1045 1188 1152 1218 minus
1170 1187 1319 1219 infensus
1334 1189 1460 1220 c-aesari
1477 1188 1552 1228 fuit,
1567 1198 1665 1229 quam

963 1238 1029 1277 hic,
1047 1238 1118 1268 Caii
1138 1237 1238 1270 filius.

1005 1290 1025 1317 4
1067 1288 1258 1328 Quamquam
1295 1289 1371 1319 nulli
1405 1292 1484 1328 erat,
1521 1290 1589 1330 δικ]
1625 1289 1665 1320 In

964 1337 1130 1377 Bougars.
1147 1348 1215 1368 sec.
1242 1338 1295 1369 hic
1321 1343 1483 1369 exaratur
1505 1339 1598 1378 nullo,
1612 1339 1667 1379 qui

965 1387 1065 1417 etiam
1081 1396 1146 1417 non
1172 1388 1325 1427 agnoscit
1343 1398 1459 1418 vocem
1475 1398 1667 1428 quamquam.

964 1436 1051 1466 vide
1082 1436 1122 1467 ad
1156 1446 1204 1467 vr.
1246 1440 1296 1467 13.
1333 1438 1461 1468 ‘Nullo
1487 1437 1668 1469 adhibetur

965 1485 1105 1516 consilio
1118 1485 1138 1516 :⁷
1163 1485 1211 1516 uti
1227 1486 1296 1517 illic
1314 1486 1440 1518 habent
1457 1487 1539 1518 Mss.
1557 1486 1667 1518 multi.

965 1535 1057 1566 Dein
1083 1538 1159 1565 esset
1185 1540 1299 1567 exstat
1315 1536 1348 1566 in
1366 1536 1460 1567 Leid.
1483 1546 1534 1576 pr.
1554 1537 1601 1567 uti
1620 1537 1667 1568 lo—

965 1585 1080 1625 quitur
1093 1585 1166 1625 ipse
1179 1585 1323 1625 Hirtius,
1338 1587 1369 1617 in
1384 1586 1524 1618 Praet'at.
1552 1588 1667 1622 Quam-

965 1645 1055 1676 quam
1087 1636 1150 1666 sint
1180 1639 1272 1666 nota:
1310 1637 1366 1667 ubi
1398 1639 1485 1668 male
1517 1638 1668 1678 reposuit

967 1686 1121 1716 Clarkius
1137 1690 1221 1725 sune,
1237 1692 1275 1717 ut
1299 1687 1343 1717 ibi
1363 1687 1472 1718 docui.
1518 1687 1668 1718 Tandem

966 1735 1101 1765 exhibui
1118 1736 1265 1775 quidnam
1288 1740 1452 1776 pararetur
1466 1736 1534 1767 fule
1563 1737 1669 1768 Msto-

966 1796 1039 1816 rum
1069 1786 1216 1817 omnium
1242 1787 1366 1826 Vossii,
1395 1787 1514 1827 Cujac.
1543 1787 1668 1827 Scalig.

965 1836 1060 1866 Leid.
1090 1846 1140 1875 pr.
1167 1841 1246 1867 tert.
1266 1837 1371 1876 Bong.
1401 1846 1468 1867 sec.
1498 1836 1667 1877 Egmund.

965 1885 1087 1916 Petav.
1106 1887 1229 1917 Lovan.
1253 1886 1383 1916 Buslid.
1402 1888 1561 1927 (iottorp.
1579 1886 1667 1918 Edd.

965 1935 1038 1966 Iuc.
1064 1936 1200 1967 Vascos.
1231 1936 1296 1967 Str.
1327 1937 1445 1977 Stepli.
1475 1942 1510 1967 et
1535 1937 1666 1977 Gryph.

966 1991 1056 2026 post.
1116 1986 1225 2027 quue
1256 1987 1392 2026 politius
1430 1987 1530 2018 etiam
1564 1988 1668 2018 visum

967 2035 1127 2075 Grutero,
1144 2046 1241 2077 quam
1260 2037 1399 2077 vulgare
1415 2037 1487 2077 quin
1504 2047 1590 2068 ανιηιι
1615 2047 1671 2077 pn·

966 2089 1125 2117 rarentur:
1161 2087 1250 2128 quod
1268 2093 1384 2119 natum
1413 2098 1455 2119 ex
1485 2088 1670 2120 Glossain-

967 2136 1151 2168 terlineari.

1010 2189 1027 2217 7
1054 2187 1139 2218 Belli
1174 2189 1319 2229 gerendi]
1357 2188 1490 2230 Optimi
1512 2189 1670 2230 CodiceS,

967 2236 1090 2268 Petav.
1123 2237 1242 2278 Cujac.
1271 2238 1347 2278 Cuj.
1375 2239 1466 2270 Scal.
1491 2239 1586 2270 Leid.
1617 2249 1668 2280 pr.

968 2287 1065 2317 Voss.
1084 2287 1180 2326 prim.
1210 2288 1294 2318 Lov.
1321 2288 1543 2327 belligermuli5
1566 2289 1614 2320 uti
1635 2299 1669 2320 e-

969 2335 1054 2367 dunt
1075 2336 1211 2377 quidam
1237 2347 1285 2368 w.
1311 2340 1362 2369 22.
1385 2340 1394 2354 ‘
1410 2339 1557 2369 studium
1574 2338 1670 2370 belli-

969 2387 1109 2427 gerandi
1123 2387 1333 2428 agricultura
1349 2387 1579 2419 commutent!
1602 2387 1668 2418 Sed

969 2438 1014 2468 ibi
1039 2437 1255 2468 scribendum
1281 2443 1333 2468 est
1359 2437 1431 2469 beni
1455 2437 1606 2477 gerundi:
1630 2442 1668 2468 ut

969 2489 1114 2528 szepius3
1149 2493 1250 2530 atque
1282 2488 1329 2519 ita
1359 2488 1484 2519 diserte
1514 2487 1568 2519 hic
1602 2487 1668 2526 Eg-

969 2538 1083 2570 muud.
1102 2548 1207 2580 quare
1234 2538 1267 2568 id
1289 2538 1434 2577 reposui.
1448 2538 1490 2567 V.
1508 2537 1607 2568 etiam
1627 2537 1666 2567 B.

969 2587 1076 2619 Afric.
1095 2599 1124 2619 c.
1141 2591 1192 2619 36.
1241 2588 1437 2627 Belligcmrc
1453 2591 1564 2617 tamen
1591 2597 1668 2617 usus

969 2644 1022 2669 est
1046 2639 1179 2677 Cicero,
1198 2639 1351 2676 Plautus,
1366 2637 1516 2676 Tacitus,
1532 2642 1569 2668 ut
1587 2637 1669 2667 lexi-

969 2698 1009 2719 ca
1032 2693 1163 2728 notant,
1189 2688 1269 2719 item
1297 2688 1436 2718 Sueten.
1465 2686 1552 2726 Aug.
1568 2697 1598 2718 c.
1615 2689 1669 2719 94.

969 2742 1071 2778 atquc
1089 2738 1135 2768 ita
1159 2737 1240 2767 Mss.
1268 2736 1420 2776 plerique
1448 2736 1537 2776 apud
1554 2736 1668 2766 Valer.

969 2788 1061 2819 Max.
1074 2796 1122 2820 vt.
1138 2791 1168 2820 5.
1193 2786 1350 2822 Ceterum
1367 2786 1495 2819 rectius
1513 2790 1583 2818 tiuu
1595 2784 1667 2818 fore
